3270 5028
308 559 406 612 Qua
445 563 562 612 pote-

302 624 416 663 state
441 634 561 663 usus.

274 1932 574 1974 Bellarminus.

619 421 720 473 120
1142 418 1289 472 XIV.
1330 420 1411 473 De
1447 417 1600 472 civili
1634 418 1701 472 R.
1740 417 2024 471 Pontificis
2060 417 2389 486 principatu.

787 563 889 626 45.
954 562 1088 627 Alii
1151 566 1442 626 auctores
1498 561 1759 633 tenent,
1818 577 1899 620 ex
1941 558 2103 640 jure
2156 561 2439 622 ‘naturae
2498 561 2564 622 in
2612 561 2740 624 illis
2801 560 2923 624 cir-

576 582 1015 769 lcumstantiis
1080 659 1517 742 juramentum
1595 653 1925 719 fidelitatis
1999 636 2303 719 caducum
2371 657 2615 721 factum
2701 655 2918 734 fuisse,

582 756 1021 839 potuisseque
1067 755 1147 817 ab
1196 776 1270 817 eo
1317 753 1596 816 Francos
1654 750 1947 815 recedere
1994 752 2077 815 ob
2118 752 2365 815 bonum
2411 754 2767 835 publicum,
2825 753 2918 817 id-

608 873 732 934 que
788 849 1158 914 Zachariam
1217 849 1590 913 declarasse.
1700 847 2038 925 Fortasse,
2108 848 2164 911 si
2228 849 2421 912 simul
2478 849 2920 915 consideratur

608 948 850 1012 bonum
904 947 1238 1031 religionis
1293 945 1711 1022 christianae,
1775 950 1841 1007 et
1896 944 2180 1027 pericula
2234 946 2533 1028 religioni
2589 969 2661 1010 ac
2724 947 2920 1011 saluti

609 1043 1003 1107 Francorum
1051 1042 1481 1120 imminentia,
1526 1041 1679 1105 talis
1726 1041 2066 1123 explicatio
2114 1043 2432 1124 acceptari
2482 1045 2722 1124 potest,
2767 1042 2917 1106 dum

609 1140 895 1213 additur,
966 1138 1307 1203 Zachariae
1372 1143 1447 1201 ut
1508 1159 1805 1220 supremo
1869 1137 2151 1200 fidelium
2216 1139 2530 1220 magistro
2596 1144 2663 1203 et
2725 1140 2921 1222 capiti

609 1237 1014 1314 convenisse,
1080 1241 1153 1298 ut
1218 1255 1362 1298 cum
1426 1232 1817 1297 auctoritate
1878 1233 1943 1296 id
2005 1233 2377 1299 declararet.
2436 1269 2514 1279 —
2575 1233 2918 1299 Caeterum

607 1332 717 1397 alii
763 1337 840 1396 ut
885 1333 1072 1415 plene
1109 1328 1295 1395 hunc
1304 1323 1631 1394 eventum
1667 1334 1734 1394 et
1779 1330 2018 1393 similes
2065 1330 2407 1412 explicent,
2453 1336 2796 1395 recurrunt
2840 1331 2918 1395 ad

606 1430 965 1494 doctrinam
1025 1426 1101 1490 de
1126 1430 1465 1515 potestate
1526 1424 1849 1490 indirecta
1907 1425 2187 1513 {tomani
2235 1425 2568 1490 Pontificis
2630 1428 2698 1491 in
2761 1434 2924 1511 tem«

606 1526 879 1611 poralia,
943 1546 1137 1607 quam
1193 1524 1547 1587 doctrinam
1605 1524 1802 1586 etiam
1866 1545 1982 1586 nos
2036 1522 2346 1585 habemus
2406 1509 2481 1586 ut
2538 1523 2808 1587 solidam
2851 1534 2920 1588 et

605 1643 841 1686 veram.
935 1620 1032 1684 De
1080 1642 1156 1683 ea
1201 1619 1351 1682 alibi
1401 1619 1764 1684 accuratius
1812 1639 2104 1702 agemuS‚
2159 1618 2347 1682 modo
2396 1619 2676 1683 sufficiet
2720 1642 2921 1703 pauca

608 1740 683 1781 ex
731 1716 1122 1781 Bellarmino
1183 1718 1409 1790 citare,
1472 1721 1548 1779 ut
1600 1715 2054 1798 perspiciatur,
2118 1735 2247 1798 qua
2292 1717 2547 1779 ratione
2609 1717 2921 1800 ejusmodi

606 1821 904 1892 eventuS,
961 1815 1071 1897 qui
1113 1814 1354 1896 passim
1399 1815 1467 1876 in
1518 1812 1837 1876 Ecclesiae
1882 1811 2151 1876 historia
2205 1816 2575 1892 occurrunt,
2637 1813 2920 1896 intelligi

606 1911 875 1994 possint.
987 1909 1338 1988 „Pontifex
1402 1909 1698 1973 videlicet
1764 1914 1838 1972 ut
1905 1906 2244 1983 Pontifex,
2310 1908 2405 1971 ita
2468 1907 2917 1985 BellarminuS,

607 2008 730 2072 etsi
777 2028 911 2071 non
966 2006 1206 2071 habeat
1261 2008 1456 2070 ullam
1514 2027 1687 2069 mere
1743 2004 2160 2088 temporalem
2218 2007 2636 2087 potestatem,
2696 2010 2918 2069 tamen

607 2104 805 2167 habet
870 2101 945 2166 in
1009 2100 1235 2167 ordine
1297 2101 1384 2166 ad
1448 2101 1685 2167 bonum
1744 2098 2091 2183 spirituale
2160 2120 2482 2164 summam
2534 2104 2919 2182 potestatem

606 2196 988 2281 disponendi
1066 2199 1143 2263 de
1222 2200 1679 2283 temporalibus
1761 2198 1949 2263 rebus
2027 2197 2313 2262 omnium
2383 2196 2915 2263 Christianorum.

606 2295 698 2360 Ut
743 2319 810 2360 se
858 2295 1105 2359 habent
1166 2297 1237 2359 in
1287 2295 1545 2360 homine
1608 2296 1872 2378 spiritus
1935 2301 2000 2358 et
2045 2316 2222 2372 caro,
2284 2295 2379 2358 ita
2438 2316 2505 2358 se
2561 2294 2807 2359 habent
2850 2297 2919 2359 in

605 2391 891 2456 Ecclesia
955 2392 1116 2455 duae
1178 2392 1326 2456 illae
1390 2396 1762 2474 potestates
1850 2389 2038 2454 sNam
2104 2412 2251 2455 caro
2312 2395 2378 2454 et
2439 2393 2704 2474 spiritus
2758 2400 2917 2456 sunt

606 2490 788 2574 quasi
835 2489 997 2554 duae
1053 2489 1474 2571 respublicae,
1526 2493 1703 2572 'quae
1753 2492 1818 2552 et
1873 2494 2203 2571 separatae
2250 2492 2316 2553 et
2370 2489 2758 2572 conjunctae
2815 2490 2916 2553 in-

604 2587 811 2650 veniri
857 2591 1148 2670 possunt.
1200 2634 1213 2647 .
1265 2637 1280 2651 .
1327 2635 1341 2649 .
1397 2584 1741 2648 Invenitur
1794 2605 1941 2649 caro
1999 2586 2303 2668 adjuncta
2357 2586 2615 2668 spiritui
2668 2587 2737 2649 in
2800 2586 2909 2650 ho·

605 2683 804 2758 mine,
860 2682 968 2746 ubi
1017 2684 1171 2766 quia
1228 2704 1427 2746 unam
1477 2702 1820 2765 personam
1877 2680 2198 2756 efficiunt,
2254 2681 2617 2745 necessario
2672 2681 2917 2746 habent

602 2779 1200 2843 subordinationem
1265 2783 1332 2841 et
1395 2777 1882 2842 connexionem.
1991 2776 2154 2840 Caro
2229 2778 2399 2840 enim
2473 2778 2716 2854 subest,
2787 2778 2911 2861 spi-

603 2876 767 2939 ritus
815 2883 1096 2959 praeest,
1160 2879 1227 2937 et
1270 2875 1422 2937 licet
1466 2873 1729 2957 spiritus
1775 2895 1905 2937 non
1954 2895 2018 2936 se
2066 2872 2328 2935 misceat
2372 2874 2730 2939 actionibus
2776 2896 2912 2939 car·

603 2972 725 3054 niS,
772 2971 883 3035 sed
929 2972 1105 3035 sinat
1150 2992 1287 3034 eam
1324 2991 1618 3033 exercere
1666 2991 1889 3034 omnes
1935 2991 2081 3033 suas
2127 2971 2432 3049 actioneS,
2480 2975 2553 3034 ut
2592 2972 2664 3035 in
2709 2970 2917 3035 brutis

605 3072 883 3143 exercet,
942 3072 1163 3131 tamen
1223 3066 1480 3150 quando
1536 3088 1648 3129 eae
1693 3065 1988 3131 officiunt
2032 3065 2144 3128 fini
2193 3065 2393 3147 ipsius
2440 3067 2733 3149 spiritus,
2787 3067 2915 3149 spi—

601 3166 765 3228 ritus
826 3163 1004 3227 carni
1068 3164 1344 3247 imperat
1401 3184 1667 3246 eamque
1717 3162 2018 3245 castigat,
2087 3168 2155 3224 et
2213 3162 2267 3223 si
2315 3183 2473 3243 opus
2534 3166 2631 3227 est
2688 3161 2917 3228 indicit

606 3430 995 3492 multitudiniS,
1033 3447 1143 3485 non
1181 3432 1509 3486 adversante
1548 3447 1723 3499 neque
1760 3435 2103 3498 repugnante
2142 3430 2396 3484 doctrina
2433 3431 2723 3486 catholica.
2802 3432 2918 3498 Quo

607 3526 738 3563 sane
793 3510 1009 3564 delectu
1063 3510 1391 3600 designatur
1443 3509 1726 3577 princeps,
1787 3525 1896 3563 non
1953 3508 2307 3563 conferuntur
2358 3510 2491 3577 jura
2552 3510 2917 3579 principatus:

603 3605 780 3655 neque
816 3591 1107 3642 mandatur
1142 3589 1451 3656 imperium,
1502 3590 1594 3643 sed
1635 3588 1929 3662 statuitur,
1974 3605 2008 3641 a
2043 3604 2148 3656 quo
2186 3589 2262 3642 sit
2300 3590 2670 3657 gerendum..
2764 3592 2921 3644 ‚Po-

603 3673 782 3723 testas
830 3674 1103 3721 rectorum
1150 3667 1420 3731 civitam,
1473 3666 1521 3720 si
1568 3668 1831 3734 quaedam
1878 3673 1965 3721 est
2009 3666 2230 3722 divinae
2279 3667 2579 3735 potestatis
2626 3669 2920 3722 communi·

608 3746 778 3811 cati0‚
836 3747 903 3800 ob
950 3747 1092 3799 hanc
1141 3747 1318 3813 ipsam
1366 3761 1579 3800 causam
1625 3745 1882 3800 continuo
1933 3746 2255 3814 adipiscitur
2303 3746 2637 3814 dignitatem
2683 3748 2920 3804 humana

605 3825 893 3893 majorem:
942 3841 1053 3879 non
1090 3825 1241 3878 illam
1285 3824 1502 3893 quidem
1537 3825 1757 3891 impiam
1804 3830 1861 3879 et
1904 3825 2294 3892 perabsurdam
2340 3825 2761 3892 imperatoribus
2799 3827 2917 3881 eth—

604 3902 744 3958 nicis
792 3903 1010 3957 divinos
1060 3904 1290 3959 honores
1342 3903 1728 3958 affectantibus
1774 3903 2065 3969 aliquando
2112 3904 2439 3970 expetitam,
2486 3906 2584 3958 sed
2632 3922 2815 3960 veram
2860 3914 2919 3961 et

605 3981 837 4036 solidam
884 3997 1109 4049 eamque
1154 3984 1296 4036 dono
1344 3984 1573 4050 quodam
1618 3990 1901 4049 acceptam
1948 3981 2315 4050 beneficioque
2361 3983 2563 4038 divino.
2614 4026 2625 4037 .
2675 4026 2688 4038 .
2730 4025 2743 4039 .
2795 3986 2918 4039 Una

605 4060 705 4114 illa
740 4059 1051 4114 hominibus
1099 4077 1265 4115 causa
1311 4070 1398 4116 est
1446 4077 1555 4115 non
1598 4061 1850 4129 parendi,
1902 4062 1949 4115 si
1996 4061 2122 4127 quid
2160 4062 2225 4114 ab
2263 4060 2333 4114 iis
2381 4063 2723 4129 postuletur,
2775 4065 2919 4131 quod

607 4155 732 4193 cum
768 4139 1015 4193 naturali
1052 4147 1151 4193 aut
1188 4138 1374 4193 divino
1404 4140 1529 4206 jure
1569 4146 1757 4207 aperte
1805 4138 2124 4207 repugnet.“

2611 4333 2650 4352 ν
