3270 5028
904 429 1201 483 Concilium
1242 429 1643 483 oecumenicum
1673 435 1940 483 octavum.
2474 435 2595 486 393

274 588 659 651 quemquam
689 591 909 636 eorum
942 568 1059 651 qui
1091 568 1658 651 patriarchalibus
1689 569 1943 635 sedibus
1961 575 2287 653 praesunt
2313 570 2589 638 inhono-

273 686 443 744 rare,
491 670 609 732 aut
653 687 902 731 movere
945 687 977 731 e
1009 665 1286 749 proprio
1328 666 1559 731 throno
1600 670 1869 746 tentare,
1917 666 2025 731 sed
2070 666 2249 732 omni
2290 689 2583 733 reveren-

275 763 371 828 tia
417 767 476 827 et
520 762 759 828 honore
789 763 1019 846 diqnos
1050 761 1356 845 judicare
1367 782 1392 842 ,·
1428 762 1783 845 praecipue
1815 763 2070 845 quidem
2101 764 2587 830 sanctissimum

267 880 512 943 papam
560 859 836 925 senioris
880 859 1146 939 Romae,
1194 858 1488 942 deinceps
1533 864 1751 925 autem
1799 859 2434 943 Constantinopoleos
2463 881 2593 944 pa—

277 956 662 1037 triarcham,
725 955 950 1020 deinde
1011 976 1161 1020 vero
1222 955 1696 1036 Alexandriae,
1763 977 1838 1021 ac
1903 956 2319 1038 Antiochiae,
2395 963 2596 1039 atque

277 1054 914 1136 Hierosolymorwm;
974 1052 1084 1117 sed
1142 1073 1257 1118 nec
1312 1052 1518 1118 alium
1576 1073 2035 1134 quemcumque
2089 1054 2595 1137 conscriptiones

278 1156 502 1217 contra
550 1150 1032 1215 sanctissimum
1077 1170 1317 1232 papam
1361 1149 1640 1215 senioris
1669 1149 1920 1215 Rornae
1967 1171 2042 1214 ac
2088 1151 2282 1215 verba
2331 1150 2587 1234 compli-

278 1271 422 1315 care
461 1253 521 1313 et
567 1268 938 1331 componere
980 1247 1098 1313 sub
1146 1245 1473 1312 occasione
1517 1244 1710 1328 quasi
1747 1235 2238 1330 diffamatorum
2285 1268 2595 1330 quorum-

278 1348 427 1413 dam
473 1345 823 1411 criminum
837 1365 874 1422 ,2
912 1343 1080 1426 quod
1133 1348 1193 1408 et
1240 1364 1453 1426 nuper
1495 1343 1775 1409 Photius
1828 1344 2011 1426 fecit,
2072 1350 2132 1409 et
2182 1346 2393 1411 'multo
2440 1350 2595 1411 ante

280 1443 653 1508 Dioscorus.
749 1439 1059 1522 Quisquis
1093 1444 1333 1505 sautem
1382 1444 1571 1506 tanta
1622 1440 1959 1522 jactantia
2005 1446 2066 1505 et
2109 1442 2389 1507 audacia
2433 1463 2603 1507 usus

275 1539 508 1623 fuerit,
567 1542 643 1604 ut
696 1536 1046 1605 secundum
1093 1535 1406 1602 Photium
1460 1537 1557 1602 vel
1603 1537 1998 1603 Dioscorum
2052 1537 2124 1603 in
2182 1538 2444 1621 scriptis
2495 1539 2599 1603 vel

279 1636 417 1702 sine
479 1635 742 1717 scriptis
800 1634 1093 1716 injurias
1153 1634 1468 1715 quasdam
1527 1639 1754 1699 contra
1814 1634 2020 1699 sedem
2078 1635 2265 1700 Petri
2318 1635 2595 1718 Aposto-

282 1722 493 1799 loruin
528 1730 858 1814 principis
901 1735 1177 1811 moveat,
1239 1729 1570 1812 aequalem
1618 1736 1680 1795 et
1725 1732 2006 1797 eamdem
2056 1752 2253 1814 quam
2297 1732 2401 1797 illi
2446 1753 2590 1797 con·

281 1829 753 1895 demnationem
807 1826 1095 1910 recipiat.
1187 1827 1264 1892 Si
1315 1848 1464 1892 vero
1523 1828 1672 1909 quis
1717 1828 1943 1910 aliqua
1988 1828 2229 1895 saeculi
2275 1833 2598 1911 potestate

279 1927 511 2009 fruens
581 1926 678 1990 vel
742 1929 975 2007 potens
1034 1923 1278 2010 pellere
1343 1925 1692 1989 tentaverit
1753 1925 2135 2008 praefatum
2207 1925 2593 2009 apostolicae

284 2022 621 2089 cathedrae
685 2041 961 2105 papam,
1039 2025 1158 2086 aut
1228 2020 1512 2086 aliorum
1575 2022 2118 2104 patriarcharum
2187 2018 2596 2104 quemquam,

283 2107 630 2185 anathema
686 2118 789 2183 sit.
879 2118 1090 2183 Porro
1147 2117 1206 2183 si
1262 2117 1567 2200 Synodus
1615 2118 2010 2184 universalis
2062 2119 2273 2201 fuerit
2333 2139 2590 2202 conqre-

276 2221 458 2299 yata,
504 2220 564 2280 et
602 2217 784 2298 facta
802 2214 1026 2297 fuerit
1058 2213 1255 2280 etiam
1299 2215 1375 2278 de
1412 2219 1638 2280 sancta
1671 2215 1975 2282 Romana
2021 2216 2281 2281 ecclesia
2328 2213 2598 2297 quaevis

285 2312 681 2396 ambiquitas
710 2311 808 2377 vel
838 2307 1293 2391 controversia,
1342 2316 1588 2393 oportet
1632 2310 2088 2376 venerabiliter
2132 2317 2193 2378 et
2239 2333 2383 2378 cum
2416 2311 2593 2377 omni

284 2409 645 2476 reverentia
691 2408 765 2473 de
800 2407 1141 2492 proposita
1187 2406 1559 2490 quaestione
1609 2407 1958 2488 sciscitari,
2020 2415 2078 2473 et
2128 2408 2592 2475 absolutionem

286 2507 587 2592 accipere,
637 2510 755 2573 aut
773 2505 1104 2589 proficere,
1152 2509 1270 2572 aut
1286 2505 1658 2588 profectum
1695 2506 1929 2589 facere,
1978 2529 2110 2572 non
2143 2512 2360 2573 tamen
2390 2506 2591 2573 auda-

286 2610 417 2670 cter
471 2603 856 2670 sententiam
913 2603 1120 2668 dicere
1176 2607 1401 2668 contra
1459 2623 1743 2668 summos
1803 2603 2079 2669 senioris
2136 2605 2387 2669 Romae
2434 2624 2596 2686 pon-

286 2702 555 2783 tifices.¹)
2783 2724 2817 2745 —

462 2800 564 2864 87.
610 2799 852 2884 Magna
883 2820 1025 2864 cum
1072 2799 1415 2882 prudentia
1445 2798 1634 2862 simul
1683 2803 1748 2863 et
1793 2819 1936 2862 cum
1967 2788 2352 2864 auctoritate
2402 2798 2596 2862 etiam
2615 2807 2760 2879 Photij
2801 2820 2938 2850 causa

288 2900 560 2982 egerunt
611 2897 830 2979 legati,
876 2917 1077 2978 quum
1123 2895 1417 2978 quaestio
1466 2895 1825 2979 agitaretur
1876 2894 1952 2958 de
1997 2894 2316 2959 audiendo
2364 2894 2598 2958 Photio
2629 2881 2684 2912 ³¹¹
2703 2869 2923 2912 dnsoussa.

286 3000 353 3057 et
400 2993 653 3057 asseclis
701 2993 854 3075 ejus.
932 2990 1272 3074 Urgebant
1298 2989 1598 3068 Basilius,
1646 2994 1982 3055 senatores
2030 3012 2102 3054 ac
2148 2991 2308 3055 varii
2350 2990 2603 3071 PatreS,

285 3095 357 3153 ut
418 3089 796 3153 audirentur
855 3088 975 3170 illi;
1036 3107 1147 3168 spe
1188 3085 1484 3150 videlicet
1543 3087 1961 3169 ducebantur·
2006 3089 2218 3165 inani,
2281 3087 2600 3170 perveniri

286 3208 469 3269 posse
527 3185 608 3250 ad
659 3185 941 3267 aliquam
998 3182 1607 3247 reconciliationem.
1700 3183 1935 3268 Legati
1981 3206 2129 3247 vero
2185 3183 2449 3248 omnino
2497 3183 2600 3246 ab·

288 3286 577 3347 nuerunt
634 3302 891 3345 causam
953 3278 1211 3344 illorum
1275 3279 1482 3343 denuo
1542 3282 1648 3364 agi
1709 3285 1775 3345 et
1836 3281 2189 3344 examinari
2251 3301 2461 3362 posse,
2527 3299 2603 3341 eo

289 3380 456 3463 quod
514 3376 712 3442 Sedes
750 3375 1122 3459 Apostolica
1178 3396 1283 3438 eos
1330 3377 1466 3460 jam
1524 3376 2072 3457 condemnaverit,
2128 3380 2394 3461 ejusque
2453 3397 2599 3439 sen-

290 3476 495 3541 tentia
550 3474 848 3539 omnibus
907 3471 1283 3536 innotuerit.
1395 3471 1648 3537 Baanes
1715 3474 2024 3551 advertit,
2098 3475 2237 3538 illos
2302 3474 2601 3558 ignorare

280 3571 526 3658 judicia
569 3569 748 3635 Sedis
796 3568 1159 3643 Romanae3
1218 3589 1290 3631 ac
1334 3573 1493 3632 tunc
1540 3570 1764 3652 legati,
1825 3571 2116 3653 quamvis
2163 3570 2609 3648 observarent,

289 3670 408 3733 hoc
439 3690 573 3732 non
616 3688 802 3750 posse
831 3665 1124 3749 supponi,
1170 3668 1390 3729 tamen
1435 3665 1780 3748 prudentia
1821 3669 2105 3750 practica
2147 3666 2601 3750 permiserunt,

292 3771 364 3830 ut
409 3764 680 3830 Photius
733 3768 798 3827 et
846 3765 984 3846 ejus
1029 3763 1308 3826 asseclae
1355 3767 1830 3846 comparerent,
1888 3763 2093 3848 iisque
2131 3763 2375 3848 judicia
2421 3759 2607 3826 Sedis

294 3863 698 3946 Apostolicae
746 3861 1140 3944 legerentur,
1185 3862 1386 3942 utque
1432 3860 2023 3944 interrogarentur,
2081 3882 2163 3924 an
2210 3860 2324 3924 illa
2371 3859 2600 3923 admit·

288 3963 518 4026 terent.
626 3956 750 4021 Sed
811 3956 1338 4021 irreformabilem
1396 3977 1535 4020 esse
1596 3958 1987 4021 sententiam
2051 3957 2324 4021 Romani
2382 3955 2609 4020 Ponti-

475 4169 515 4233 1)
554 4168 758 4222 Concil.
786 4167 941 4220 VIII.
981 4166 1103 4219 Act.
1142 4165 1208 4217 X.
1247 4164 1429 4217 Labbc
1456 4165 1610 4218 VIII.
1657 4166 1810 4217 1140.
