3270 5028
679 441 786 492 382
1361 439 1540 492 XVII.
1575 439 1660 491 De
1688 438 1983 492 schismate
2018 439 2309 492 Photiano.

693 579 878 644 Tunc
924 600 1068 642 cero
1095 579 1402 643 Basilius
1428 578 1801 660 Imperator
1844 561 2197 644 addzaeium
2240 580 2313 644 in
2346 580 2773 662 Maqnaurae
2811 578 3043 661 pala-

683 677 852 739 tium
896 675 1260 760 Iymatium,
1305 675 1566 740 silentio
1607 674 1873 753 indicto,
1921 678 2149 743 multis
2192 677 2499 742 laudibus
2538 675 3039 741 cohonestavit.

685 772 852 836 Dies
903 777 1048 836 erat
1101 773 1456 851 dominica,
1517 776 1715 839 tertia
1771 784 1833 842 et
1888 775 2197 858 vigesima
2251 771 2639 837 Novembris
2693 776 2782 850 (a.
2853 773 3038 848 867)

679 889 812 950 quo
853 869 1054 933 etiam
1107 871 1276 934 anni
1337 876 1617 954 tempore
1666 875 1866 957 prius
1920 875 1992 937 in
2041 871 2315 935 auium
2364 869 2604 951 pulsus
2648 873 2831 947 erat,
2900 868 3038 949 qui

683 965 818 1031 Dei
859 965 1197 1048 praesidio
1248 971 1310 1030 et
1355 967 1694 1040 clementia
1743 973 1989 1053 fretu-3,
2042 966 2467 1032 novennalem
2510 987 2588 1029 ac
2630 966 3033 1047 perfectam

681 1083 765 1127 ex
807 1062 1080 1126 virtutis
1121 1064 1472 1127 certamine
1517 1066 1814 1132 lauream
1858 1067 2158 1148 adeptus,
2214 1062 2509 1126 ecclesiae
2556 1082 2716 1125 suae
2765 1061 3032 1126 throno

681 1159 1131 1242 restituant&
1186 1196 1270 1206 —
1317 1162 1516 1226 Varia
1575 1173 1766 1229 erant
1810 1188 1967 1229 sane
2012 1163 2252 1226 Basilio
2308 1164 2581 1237 motiva,
2638 1167 2715 1223 ut
2762 1160 3033 1223 Photio

681 1258 995 1321 destituto
1038 1256 1371 1340 Ignatium
1416 1268 1762 1325 revocaret.
1851 1260 2088 1325 Scissio
2129 1260 2245 1322 illa
2294 1280 2437 1321 cum
2485 1257 2780 1320 Romano
2825 1256 3029 1321 Pon-

682 1354 854 1417 tifice
909 1358 978 1416 et
1033 1352 1409 1432 Occidente,
1470 1357 1552 1419 ad
1613 1380 1805 1441 quam
1859 1359 2129 1421 Photius
2188 1354 2544 1418 ambitione
2601 1354 2836 1417 ardens
2908 1376 3026 1418 res

683 1450 1061 1532 adduxerat,
1109 1452 1463 1532 perniciosa
1508 1454 1848 1518 videbatur
1891 1441 2293 1536 Imperatori,
2341 1472 2541 1533 quum
2587 1451 3024 1533 perspiceret,

681 1547 946 1630 Imperii
991 1547 1420 1611 incolumitati
1471 1551 1689 1632 potius
1735 1552 2089 1616 conducere
2141 1545 2547 1612 concordiam
2590 1568 2735 1609 cum
2784 1544 3022 1611 Eccle-

681 1645 780 1708 sia
825 1650 891 1707 et
935 1644 1329 1726 principibus
1376 1644 1762 1712 Occidentis.
1856 1643 2119 1730 Sagacis
2164 1642 2548 1727 prudentiae
2592 1643 2791 1705 etiam
2838 1649 3020 1720 erat,

685 1742 1098 1824 exstinguere
1151 1740 1354 1822 ipsam
1402 1743 1471 1806 in
1525 1745 1794 1808 ecclesia
1839 1742 2108 1807 CPtana
2154 1741 2564 1816 divisionem3
2616 1762 2750 1803 non
2810 1741 3019 1822 pauci

685 1837 886 1913 enim,
951 1858 1026 1900 ac
1088 1839 1363 1901 maxime
1425 1840 1751 1904 inferioris
1812 1839 2017 1924 plebis
2078 1836 2451 1912 multitude,
2515 1835 2751 1928 addicti
2811 1843 3022 1900 erant

683 1933 948 2019 Ignatio
992 1933 1394 2015 patriarchae
1451 1937 1697 2019 injuste
1752 1938 2049 2019 depulso,
2115 1933 2286 1997 unde
2337 1935 2476 2016 ejus
2530 1933 2869 1996 restitutio
2922 1927 3022 1997 sa·

615 2039 626 2050 ⁴
683 2053 902 2096 vorem
947 2031 1317 2113 popularem
1362 2030 1600 2098 Basilio
1645 2034 2044 2097 conciliabat.
2120 2032 2247 2095 Hic
2291 2030 2543 2092 demum
2592 2028 2817 2094 Photii
2867 2032 3023 2094 ani·

419 2683 615 2724 stitutus.

686 2150 860 2191 mum
907 2133 1240 2190 versutum
1299 2130 1461 2191 satis
1523 2138 1963 2212 perspexerat,
2023 2128 2106 2191 ab
2158 2150 2235 2191 eo
2297 2134 2365 2189 et
2428 2127 2512 2190 ab
2571 2127 2792 2191 audaci
2846 2127 3020 2191 Gre-

682 2224 851 2309 gorii
896 2224 1211 2287 Asbestae
1253 2226 1536 2289 factione
1579 2226 1844 2289 insidias
1888 2233 1955 2289 et
1997 2226 2278 2308 pericula
2320 2224 2552 2288 timere
2586 2230 2875 2308 poterat,
2946 2232 3021 2290 et

684 2319 1036 2384 cavendum
1081 2320 1164 2383 ab
1207 2322 1350 2384 istis
1398 2322 1767 2386 homiuibus
1814 2322 2132 2386 censebat.
2225 2320 2323 2383 Ex
2380 2320 2552 2385 hisce
2596 2323 2859 2385 motivis
2899 2344 3019 2386 ve·

655 2417 793 2480 ‘lox
838 2417 1111 2478 mutatio
1156 2438 1366 2479 rerum
1414 2419 1984 2483 ecclesiasticarum
2027 2440 2193 2502 quae
2237 2418 2427 2481 initio
2474 2418 2725 2501 imperii
2771 2417 3016 2483 Basilii

684 2512 915 2579 accidit
956 2514 1142 2577 facile
1189 2514 1561 2597 explicatur.

865 2611 966 2674 76.
1027 2609 1324 2695 Ignatius
1378 2611 1510 2675 sedi
1567 2614 1906 2678 restitutus
1953 2612 2255 2677 Photium
2313 2613 2582 2695 ejusque
2638 2613 2917 2676 asseclas
2970 2635 3043 2687 a,

684 2708 1132 2773 communione
1170 2710 1470 2783 semovit,
1533 2711 1849 2793 petiitque
1903 2710 1984 2774 ab
2029 2709 2453 2791 Imperatore,
2510 2713 2585 2771 ut
2639 2707 3006 2772 Concilium

685 2805 1164 2870 oecumenicum
1211 2813 1748 2889 congregaretur,
1793 2826 1923 2889 quo
1969 2805 2187 2870 omnia
2233 2805 2536 2869 ecclesiae
2582 2805 2854 2866 vulnera
2901 2827 3014 2868 sa-

686 2902 833 2966 nari
877 2907 1156 2984 possent.
1247 2902 1522 2986 Magnae
1577 2906 1645 2965 et
1689 2903 1933 2965 multae
1987 2902 2276 2984 profecto
2332 2906 2520 2964 erant
2573 2899 2645 2963 in
2690 2899 3011 2964 ordinan-
3066 2944 3077 2965 ,

687 3000 785 3062 dis
848 2998 1412 3081 Constantinopoli
1481 2999 1673 3061 rebus
1731 2999 2167 3062 ecclesiasticis
2226 2996 2668 3085 difficultateS,
2738 2999 2805 3059 et
2873 3019 3011 3080 qua

685 3096 939 3160 ratione
999 3097 1323 3179 agendum
1385 3098 1551 3158 esset
1611 3117 1755 3158 cum
1824 3095 2135 3177 episcopis
2195 3099 2262 3157 et
2328 3093 2572 3157 clericis
2620 3091 3009 3180 ⁸Photianae

689 3192 891 3274 partis
938 3195 1004 3255 et
1064 3190 1337 3255 schisma
1398 3192 1657 3274 penitus
1704 3190 2271 3275 exstinguendum,
2335 3189 2603 3252 arduum
2651 3192 2793 3253 erat
2848 3189 3005 3253 defi·

687 3290 863 3362 nire;
920 3310 1041 3352 nec
1082 3288 1221 3350 sine
1275 3288 1544 3353 aliarum
1601 3289 2002 3351 ecclesiarum
2061 3309 2133 3350 ac
2187 3287 2461 3350 maxime
2509 3285 2788 3349 Romani
2835 3285 3007 3350 Pon-

685 3386 877 3448 tifieis
944 3406 1249 3448 concursu
1320 3386 1536 3448 omnia
1605 3384 1856 3467 disponi
1926 3406 2110 3464 posse
2176 3383 2579 3447 videbantur.
2690 3382 2794 3445 Ad
2862 3405 3003 3449 rem

684 3480 1075 3545 Anastasius
1131 3482 1197 3544 in
1263 3480 1476 3544 Praef.
1544 3479 1739 3545 Cone.
1778 3478 1994 3544 VEL:
2073 3479 2307 3544 Verum
2371 3477 2529 3560 quia
2575 3482 2635 3543 et
2686 3477 3005 3560 anatius

689 3577 997 3642 thronum
1044 3597 1169 3658 quo
1216 3575 1791 3661 praejudicialiter
1844 3576 2069 3658 fuerat
2113 3573 2422 3657 eoepulsas
2468 3574 2707 3656 absque
2753 3574 3002 3641 iterata

686 3674 966 3763 potioris
1010 3673 1225 3753 Sedis,
1286 3672 1360 3737 id
1401 3677 1495 3737 est
1539 3673 1829 3755 primae,
1888 3672 2277 3738 auctoritate
2328 3692 2462 3737 ‘non
2516 3672 2797 3754 recipere
2844 3694 3003 3754 pro·

647 3804 658 3819 ι
676 3776 1009 3854 posuerat,
1056 3775 1118 3834 et
1154 3769 1525 3852 Imperator
1556 3774 1816 3835 tantum
1861 3769 2054 3852 (proh¹
2084 3769 2272 3851 nefas
2284 3769 2313 3833 !
2305 3773 2342 3850 )
2387 3773 2448 3834 et
2475 3768 2714 3851 ubique
2753 3768 3001 3852 disper·

685 3889 830 3933 sum
878 3888 919 3932 a
969 3866 1223 3932 Christi
1267 3866 1560 3932 Ecclesia
1604 3868 2028 3949 (scandalum)
2072 3865 2367 3947 qenerali
2408 3865 2744 3947 satayebat
2783 3866 3001 3931 eradi·

684 3985 837 4053 care
880 3963 1220 4044 sententia,
1264 3963 1475 4028 visum
1504 3967 1597 4027 est
1643 3962 1924 4044 utrique,
1970 3962 2251 4028 Romam
2295 3966 2356 4027 et
2396 3963 2484 4027 ad
2521 3962 2655 4027 tria
2692 3962 3003 4046 patriar-

869 4175 907 4242 ¹)
944 4175 1184 4241 NicetaS‚
1222 4173 1355 4227 Vita
1390 4173 1606 4241 Ignat.,
1656 4188 1741 4239 ap.
1780 4172 1965 4225 Labbe
2003 4172 2137 4226 Coll.
2177 4172 2337 4226 Cone.
2385 4173 2447 4226 Τ.
2476 4173 2631 4228 VIII.
2674 4173 2798 4228 coll.
2841 4177 3001 4229 1226.
