3270 5028
348 838 542 882 Examen

314 899 575 944 litterarum.

620 426 690 476 56
1344 422 1426 477 De
1462 423 1671 477 haeresi
1709 423 2193 479 Iconoclastarum.

622 564 912 630 examine
964 562 1239 649 juridico
1295 562 1631 645 epistolae,
1697 586 1734 627 a
1788 586 1916 649 quo
1963 564 2350 648 dependeret
2405 567 2544 650 ejus
2598 563 2938 647 admissio;

622 663 946 725 caeterum
993 681 1119 744 qua
1163 659 1415 723 ratione
1469 663 1704 742 passim
1752 661 1821 725 in
1869 659 2171 725 Conciliis
2220 661 2654 726 Romanorum
2703 659 2937 725 Ponti·

618 757 812 821 ficum
859 756 1167 840 epistolae
1212 760 1601 820 retractatae
1642 757 1909 833 fuerint,
1947 759 2083 842 jam
2132 755 2666 841 explicavimus.¹)

798 853 899 917 65.
961 852 1261 916 Tarasius
1322 874 1511 935 porro
1567 853 1760 917 affert
1816 853 2131 937 duplicem
2193 854 2539 930 rationem,
2605 856 2685 918 ob
2736 876 2936 939 quam

618 950 1048 1014 necessarium
1093 970 1232 1012 esse
1262 948 1417 1013 dicit
1458 949 1803 1014 adhaerere
1834 949 2071 1014 litteris
2103 949 2414 1014 Hadriani
2449 951 2681 1034 Papae.
2746 951 2935 1015 Prio-

618 1069 757 1110 rem
800 1047 963 1130 petit
1011 1067 1089 1109 ex
1137 1045 1524 1109 auctoritate
1556 1045 1890 1110 Romanae
1937 1047 2258 1131 ecclesiae,
2310 1049 2489 1132 cujus
2532 1049 2722 1112 fidem
2768 1071 2936 1113 com·

616 1141 949 1206 mendavit
1010 1140 1357 1224 Apostolus
1409 1141 1685 1217 PauluS,
1751 1165 1882 1226 qua
1938 1143 2009 1207 in
2068 1165 2139 1207 re
2197 1144 2550 1228 evolvenda
2610 1145 2935 1209 subtiliori

618 1238 889 1322 quadam
942 1238 1314 1322 eloquentia
1358 1259 1589 1322 graeca
1639 1261 1786 1303 usus
1832 1243 1947 1304 est.
2020 1239 2315 1304 Alteram
2358 1241 2679 1304 rationem
2726 1242 2934 1321 affert,

618 1335 790 1418 quod
845 1335 982 1418 ipse
1029 1330 1400 1418 Scripturas
1459 1340 1523 1398 et
1584 1333 1812 1400 Patres
1871 1340 2195 1399 scrutatus
2259 1336 2362 1400 sit.
2456 1337 2658 1412 Quam
2727 1341 2933 1420 poste·

614 1433 846 1495 riorem
891 1430 1207 1496 rationem
1269 1432 1546 1514 profert,
1609 1454 1743 1496 non
1804 1432 1974 1517 quod
2026 1433 2103 1496 de
2166 1433 2549 1497 auctoritate
2595 1432 2934 1497 Pontificis

616 1529 970 1603 dubitaret,
1032 1528 1144 1591 sed
1201 1534 1277 1591 ut
1329 1527 1727 1605 ostenderet,
1794 1528 2242 1593 adhaesionem
2301 1550 2480 1593 suam
2542 1552 2677 1593 esse
2741 1530 2932 1594 simul

615 1646 949 1688 assensum
990 1624 1465 1707 intelligentiae
1514 1646 1586 1688 ac
1631 1624 2113 1703 rationabilem,
2170 1629 2367 1710 utque
2413 1649 2670 1690 omnem
2717 1626 2934 1690 aufer·

614 1726 716 1784 ret
761 1720 1178 1785 Iconoclastis
1213 1742 1432 1784 ansam
1472 1720 1922 1804 conquerendi,
1970 1744 2038 1785 se
2073 1724 2254 1787 nullo
2285 1725 2589 1787 instituto
2636 1724 2936 1787 examine

616 1840 751 1882 esse
813 1813 1230 1900 damnatOS.²)
1295 1853 1382 1861 —
1443 1816 1615 1881 Dum
1668 1839 1819 1881 vero
1879 1818 2106 1882 Illmus
2164 1819 2376 1883 Maret
2439 1825 2934 1903 argumentatur

616 1936 695 1978 ex
761 1914 1141 1997 quaestione
1206 1916 1569 1998 legatorum
1622 1913 1927 1979 Patribus
1989 1917 2347 1999 proposita,
2407 1921 2624 1980 utrum
2693 1913 2932 1979 admit-

614 2014 762 2075 tant
824 2011 1158 2094 epistolam
1219 2010 1566 2086 Hadriani,
1637 2012 1803 2075 falsa
1865 2013 2098 2076 nititur
2156 2013 2689 2095 interpretatione
2752 2013 2931 2077 illius

615 2106 1019 2172 admissionis
1069 2108 1167 2170 vel
1228 2107 1705 2190 acceptationis.
1806 2107 2128 2171 Admissio
2185 2114 2354 2172 certe
2408 2109 2679 2194 alicujus
2734 2110 2930 2173 docu-

618 2204 819 2269 menti
875 2204 1145 2286 duplicis
1208 2208 1423 2287 potest
1487 2225 1622 2267 esse
1683 2205 1954 2288 generis,
2051 2204 2172 2270 Vel
2238 2206 2389 2269 talis
2457 2211 2582 2282 est,
2649 2210 2723 2269 ut
2784 2207 2936 2290 quis

614 2307 924 2386 tanquam
965 2299 1168 2385 judex
1215 2301 1507 2384 superior
1561 2302 1923 2385 aequalisve
1972 2304 2058 2375 ei,
2119 2303 2229 2387 qui
2268 2300 2720 2367 documentum
2777 2323 2931 2386 pro-

614 2400 828 2482 ponit,
892 2397 1132 2462 habeat
1185 2399 1293 2480 jus
1349 2397 1666 2460 examinis
1718 2398 1977 2480 juridici
2025 2399 2148 2475 ita,
2213 2405 2285 2464 ut
2342 2401 2550 2482 possit
2602 2399 2760 2463 illud
2815 2399 2929 2463 do·

614 2500 983 2560 cumentum
1028 2494 1370 2559 admittere
1417 2494 1515 2558 vel
1563 2493 1855 2577 rejicere,
1920 2497 2134 2578 prouti
2181 2497 2499 2562 invenerit
2545 2496 2934 2561 admissione

614 2593 882 2676 dignum
928 2614 1149 2657 necne.
1239 2592 1363 2656 Vel
1407 2591 1556 2656 talis
1604 2597 1732 2666 est,
1784 2597 1858 2655 ut
1904 2594 2046 2676 quis
2092 2598 2393 2658 teneatur
2439 2597 2771 2677 acceptare
2815 2593 2940 2688 (1οῑ

614 2696 987 2753 cumentum
1048 2690 1443 2772 propositum
1515 2688 1594 2750 ab
1663 2710 1766 2765 eo,
1840 2691 1949 2774 qui
2019 2693 2467 2755 auctoritatem
2531 2690 2931 2773 superiorem

613 2786 830 2850 habet.
937 2785 979 2850 J
981 2807 1085 2850 am
1148 2807 1299 2849 vero
1363 2785 1512 2849 talis
1574 2787 1929 2868 acceptatio
1987 2787 2436 2871 requirebatur
2498 2811 2537 2852 a
2600 2786 2931 2862 Patribus,

613 2884 903 2968 quamvis
949 2888 1214 2966 possent
1258 2881 1627 2945 examinare
1684 2880 2020 2964 epistolam
2065 2883 2408 2958 Hadriani,
2463 2890 2540 2950 ut
2593 2906 2929 2948 assensum

611 2980 1086 3063 intelligentiae
1119 2978 1430 3061 episcopis
1464 2979 1959 3042 convenientem
2003 2985 2330 3062 praestare
2363 2982 2673 3046 valerent.
2753 2981 2929 3046 Dum

610 3077 811 3160 igitur
839 3077 1037 3160 legati
1087 3080 1428 3160 quaerunt,
1477 3079 1696 3138 utrum
1731 3073 1960 3139 Patres
1994 3076 2260 3141 Concilii
2293 3078 2644 3143 admittant
2689 3080 2927 3162 episto-

610 3174 740 3237 lam
772 3173 1112 3252 Hadriani,
1157 3171 1235 3235 de
1281 3171 1720 3254 acceptatione
1765 3172 1982 3254 agitur
2025 3174 2378 3255 posteriore
2424 3175 2542 3239 hoc
2590 3175 2775 3240 modo
2821 3176 2928 3239 in·

609 3268 986 3353 telligenda.
1078 3267 1313 3331 Merito
1365 3271 1579 3330 autem
1642 3265 2138 3332 declarationem
2195 3274 2424 3353 petunt
2486 3272 2718 3355 legati,
2781 3277 2929 3336 tum

613 3369 689 3428 ut
751 3364 1070 3429 certitudo
1128 3364 1377 3429 adesset
1436 3362 1512 3426 de
1574 3363 1957 3427 orthodoxia
2017 3368 2413 3448 praesulum,
2472 3373 2608 3431 tum
2666 3374 2738 3433 ut
2788 3370 2925 3452 epi-

612 3462 787 3545 scopi
828 3483 1047 3526 omnes
1079 3460 1348 3525 solemni
1388 3482 1501 3523 suo
1540 3459 1803 3541 judicio,
1852 3462 2140 3545 quamvis
2172 3461 2504 3528 Pontificis
2549 3466 2930 3547 magisterio

613 3558 922 3634 obnoxio,
987 3558 1447 3621 confirmarent
1499 3548 1689 3619 fidem
1748 3558 1828 3621 ab
1874 3557 2206 3623 Hadriano
2264 3560 2647 3644 expositam,
2712 3566 2778 3625 et
2830 3563 2932 3625 ita

613 3655 690 3721 de
733 3655 1058 3720 communi
1105 3674 1420 3718 consensu
1467 3657 1808 3717 constaret.

793 3881 835 3947 ¹)
873 3879 986 3934 Cfr.
1026 3895 1163 3947 quae
1204 3879 1434 3933 diximus
1471 3880 1529 3933 in
1564 3879 2060 3935 Dissertationibus
2098 3882 2164 3936 de
2201 3881 2440 3937 Concilio
2475 3843 2930 3950 chalcedonensi,

611 3966 669 4017 et
705 3961 771 4015 de
809 3976 977 4013 causa
1011 3958 1242 4013 Honorii
1277 3959 1580 4014 PontificiS.

789 4047 830 4114 2)
888 4046 968 4100 Cf.
1018 4046 1306 4110 WouterS,
1359 4047 1592 4101 Dissert.
1633 4047 1757 4101 Vol.
1812 4048 1916 4101 ΠΙ.
1971 4048 2204 4103 Dissert.
2251 4050 2354 4104 ΙΠ.
2411 4051 2493 4105 Ι)6
2540 4050 2782 4105 Concilio
2827 4049 2930 4126 Ni—

612 4142 780 4182 caeno
818 4127 891 4180 H.
931 4143 983 4179 n.
1010 4126 1104 4179 VI.
