3270 5028
652 441 722 492 70
1376 438 1458 492 De
1495 436 1711 492 haeresi
1746 435 2222 490 Iconoclastarum.

649 601 803 664 pore
871 580 1165 644 videlicet
1223 579 1293 642 in
1363 577 1628 643 Oriente
1703 577 1911 642 denuo
1979 577 2415 642 Iconoclastae
2481 577 2957 661 praevalebant,

649 681 718 742 et
789 676 1066 743 Michael
1137 675 1378 740 Balbus
1446 676 1805 758 Imperator
1882 675 2078 738 etiam
2153 673 2232 737 ad
2303 673 2691 739 Ludovicum
2769 674 2958 737 Pium

673 762 903 841 itteras
955 762 1246 850 dederat,
1290 764 1543 856 *quibus
1605 771 1850 835 cultum
1902 771 2258 856 imaginum
2305 774 2381 835 ut
2441 771 2954 854 superstitiosum

680 870 1046 936 raducebat.
1168 867 1264 933 Ea
1324 869 1656 933 occasione
1725 867 2081 932 Ludovicus
2146 888 2290 931 cum
2351 869 2615 933 licentia
2679 867 2957 932 Romani

706 966 986 1031 ontificis
1035 964 1549 1031 doctissimorum
1595 963 2031 1048 episcoporum
2078 969 2468 1030 conventum
2503 964 2761 1029 Parisiis
2808 987 2958 1029 con-

691 1063 926 1138 ocavit‚
983 1062 1096 1145 qui
1140 1061 1217 1125 de
1271 1061 1397 1125 ista
1441 1062 1819 1144 quaestione
1874 1064 2164 1145 agerent.
2255 1060 2336 1125 In
2392 1061 2661 1144 epistola
2706 1061 2785 1124 ad
2835 1060 2957 1125 Lu-

693 1159 942 1222 ovicum
1016 1162 1082 1221 et
1145 1157 1527 1222 Lotharium
1603 1157 1756 1221 data
1831 1156 2052 1220 eadem
2118 1157 2250 1221 fere
2321 1179 2509 1221 sensa
2586 1158 2957 1240 exprimunt

652 1255 1013 1333 Praesule8‚
1077 1276 1242 1338 quae
1297 1255 1368 1318 in
1415 1253 1811 1338 Capitulario
1869 1253 1947 1317 ad
1994 1253 2393 1319 Hadrianum
2452 1255 2675 1330 misso,
2731 1253 2800 1317 in
2853 1275 2955 1317 ca-

648 1374 820 1419 none
878 1352 1158 1416 secundo
1213 1351 1442 1434 synodi
1490 1349 2077 1428 Francofurtensis‚
2144 1355 2210 1416 et
2267 1352 2334 1414 in
2392 1350 2602 1414 Libris
2645 1349 2957 1414 Carolinis

647 1444 1136 1528 continentur.¹)

827 1571 931 1635 82.
987 1569 1299 1634 Omnibus
1355 1569 1802 1653 consideratis,
1863 1567 2193 1632 Gallorum
2238 1568 2629 1632 sententiam
2677 1567 2757 1632 ad
2802 1567 2959 1631 haec

806 1689 944 1732 cere
1018 1689 1384 1750 possumus:
1456 1663 1524 1728 1⁰
1592 1665 2041 1749 Repudiarunt
2105 1667 2497 1729 sententiam
2562 1665 2959 1748 suppositam

650 1765 731 1828 ab
794 1765 872 1827 iis
931 1763 1218 1828 Concilio
1279 1762 1595 1842 Nicaeno,
1673 1762 1918 1828 scilicet
1988 1783 2199 1826 sacras
2269 1762 2583 1846 imagines
2648 1783 2785 1825 esse
2848 1761 2957 1824 ad-

649 1860 923 1925 orandas
971 1861 1150 1925 cultu
1195 1861 1532 1925 latreutico
1574 1861 1687 1944 qui
1732 1859 2041 1923 Trinitati
2085 1859 2373 1935 debetur,
2420 1859 2521 1923 vel
2578 1859 2756 1922 cultu
2804 1880 2957 1941 quo-

649 1958 793 2020 dam
857 1978 1152 2040 supremo
1222 1961 1287 2020 et
1349 1958 1642 2022 absoluto
1714 1959 1981 2040 propter
2046 1957 2305 2019 illarum
2368 1957 2776 2021 sanctitatem
2846 1958 2961 2019 aut

649 2055 956 2118 virtutem
1029 2055 1375 2117 internam.
1448 2090 1536 2099 —
1608 2050 1697 2115 2⁰.
1744 2053 2074 2138 ReJiciunt
2141 2052 2705 2118 Iconomachorum
2785 2073 2958 2117 erro-

649 2172 813 2227 rem,
885 2173 1098 2215 sacras
1160 2151 1476 2236 imagines
1546 2173 1679 2215 esse
1746 2151 2137 2235 frangendas
2203 2154 2269 2214 et
2334 2151 2526 2233 plane
2594 2149 2957 2225 abolendaS,

649 2248 758 2312 sed
827 2250 1152 2328 statuunt,
1217 2269 1322 2311 eas
1384 2245 1458 2310 in
1523 2245 1900 2311 memoriam
1963 2250 2024 2310 et
2083 2245 2155 2310 ob
2224 2265 2507 2311 amorem
2568 2244 2958 2310 Sanctorum

649 2348 1081 2428 congruenter
1140 2344 1379 2409 haberi.
1498 2343 1598 2408 Ita
1657 2345 1727 2408 in
1788 2345 2015 2409 ultimo
2080 2345 2382 2408 lemmate
2440 2343 2817 2426 Capitularii
2879 2341 2958 2405 ad

650 2440 1054 2504 Hadrianum
1129 2442 1309 2504 missi
1384 2441 1824 2504 statuebatur:
1915 2438 1996 2505 Ut
2068 2439 2232 2504 sciat
2305 2439 2609 2504 Domnus
2683 2437 2957 2521 Aposto-

651 2537 814 2602 licus
874 2542 935 2602 et
985 2543 1182 2620 pater
1233 2542 1452 2603 noster
1509 2541 1570 2602 et
1627 2542 1859 2602 cuncta
1919 2537 2117 2603 simul
2164 2537 2618 2603 Romanorum
2669 2535 2957 2625 ecclesia,

652 2639 727 2699 ut
793 2635 1138 2700 secundum
1211 2634 1380 2717 quod
1446 2634 1814 2699 continetur
1887 2633 1963 2700 in
2030 2634 2298 2717 epistola
2371 2633 2724 2699 beatissimi
2798 2632 2956 2697 Gre-

644 2730 823 2813 90rii
885 2751 1080 2813 quam
1142 2732 1229 2797 ad
1293 2731 1608 2797 Serenum
1670 2730 2188 2796 Massiliensium
2260 2731 2622 2814 episcopum
2694 2730 2955 2809 direxit,

641 2827 1087 2910 permittimus
1130 2828 1450 2911 imayines
1497 2827 1888 2893 Sanctorum
1936 2828 2320 2910 quicumque
2364 2847 2471 2892 eas
2516 2827 2807 2909 formare
2850 2847 2953 2890 vo-

651 2923 925 3004 luerint,
998 2930 1134 2990 tam
1199 2925 1274 2990 in
1338 2925 1599 2991 ecclesia
1665 2944 1983 3007 quamque
2045 2928 2234 2989 extra
2302 2924 2628 2989 ecclesiam
2691 2927 2955 3005 propter

649 3041 934 3086 amorem
981 3021 1112 3087 Dei
1171 3026 1232 3086 et
1285 3021 1678 3087 Sanctorum
1739 3021 1893 3104 ejus.
1986 3021 2284 3086 Adorare
2342 3041 2490 3085 vero
2547 3039 2654 3084 eas
2715 3039 2953 3100 nequa-

650 3138 845 3200 quam
910 3119 1196 3202 coyimus
1260 3118 1375 3201 qui
1434 3115 1786 3184 noluerint.
1896 3117 2235 3201 Franyere
2297 3117 2395 3182 vel
2453 3117 2780 3181 destruere
2847 3134 2956 3179 eas

650 3214 908 3279 etiamsi
955 3216 1101 3298 quis
1132 3215 1426 3296 voluerit,
1474 3236 1607 3281 non
1643 3214 2110 3298 permittimus.
2178 3209 2276 3279 Et·
2312 3214 2470 3296 quia
2506 3234 2763 3278 sensum
2807 3232 2955 3277 san-

650 3309 923 3376 ctissimi
975 3311 1279 3395 Greqorii
1339 3312 1522 3394 sequi
1565 3311 1638 3377 in
1696 3312 1817 3377 hac
1878 3311 2145 3395 epistola
2204 3310 2636 3377 universalem
2692 3308 2953 3374 catholi-

650 3428 790 3473 cam
831 3407 1190 3473 Ecclesiam
1229 3409 1369 3473 Deo
1406 3408 1724 3491 placitam
1767 3408 2219 3473 indubitanter
2264 3407 2458 3472 libere
2494 3402 2952 3489 profitemurfl)

658 3543 730 3552 ——-
797 3506 1035 3570 Eadem
1096 3507 1231 3571 fere
1290 3508 1537 3571 ratione
1595 3508 1663 3570 in
1724 3506 1934 3570 Libris
1981 3505 2296 3570 Carolinis
2357 3503 2433 3569 L.
2482 3504 2563 3568 ss.
2626 3526 2677 3569 c.
2727 3504 2809 3569 23
2866 3502 2955 3565 di-

651 3604 845 3666 citur:
913 3601 1248 3684 Imayines
1311 3622 1467 3667 sane
1532 3654 1544 3666 .
1599 3652 1613 3667 .
1670 3652 1681 3665 .
1748 3621 1791 3666 a
1849 3602 1931 3665 B.
1994 3600 2307 3683 Greyorio
2364 3599 2704 3665 Romanae
2769 3596 2954 3663 urbis

651 3696 968 3763 Antistite
1013 3703 1073 3762 et
1110 3698 1381 3764 adorari
1418 3697 1853 3781 prohibentur
1905 3702 1966 3762 et
2016 3697 2263 3781 franyi.
2310 3746 2325 3763 .
2373 3748 2386 3760 .
2433 3696 2598 3760 Ecce
2647 3715 2771 3778 quo
2817 3714 2950 3758 ma-

642 3794 916 3877 gisterio
977 3816 1175 3877 quove
1233 3796 1606 3860 documento
1665 3793 2021 3860 venerandi
2068 3793 2407 3872 Pontificis
2464 3793 2727 3871 imbuti,
2789 3791 2951 3856 ima-

832 4091 875 4158 l)
913 4092 1113 4158 Labbe‚
1153 4092 1285 4146 Coll.
1325 4092 1486 4148 Cone.
1527 4093 1589 4148 T.
1628 4092 1756 4146 VII.
1797 4092 1895 4146 col.
1940 4094 2075 4145 1542
2115 4108 2229 4159 sqq.

829 4169 872 4237 ²)
908 4171 1090 4225 Labbe
1118 4171 1245 4224 VII.
1285 4173 1386 4226 col.
1425 4174 1544 4225 960.
