3270 5028
1106 436 1190 490 De
1227 434 1579 490 institutione
1616 435 1856 503 Imperii.
2127 445 2154 466 Ι
2538 437 2639 489 173

327 578 494 641 alter
539 579 611 641 in
657 599 871 663 regem
921 577 1345 661 Aquitaniam
1391 576 1501 640 sed
1547 575 1814 641 Carolus
1857 577 2027 640 filius
2073 577 2359 641 nondum
2407 580 2639 640 unctus

328 679 484 737 erat.
591 674 758 738 Eum
816 675 1018 758 igitur
1072 680 1232 737 tunc
1289 673 1663 737 unctionem
1720 673 1964 758 regiam
2020 671 2334 756 accepisse
2352 722 2378 750 „
2429 672 2640 737 admo-

325 769 475 834 dum
520 771 851 854 probabile
895 770 1162 834 videtur.
1173 767 1222 851 l)

504 894 563 957 8.
611 892 1273 957 Animadvertendum
1324 914 1514 975 porro
1571 895 1699 974 est,
1755 892 1837 955 ab
1884 890 2269 1001 Eginhardo
2321 891 2416 954 ita
2468 897 2729 954 com-An
2752 910 2850 939 00r0
2826 899 2973 940 00060

258 1061 275 1077 ,
327 990 668 1054 memorari
716 990 1135 1054 elevationem
1183 986 1395 1051 Caroli
1439 989 1509 1053 in
1554 988 2043 1071 Imperatorem,
2101 1010 2173 1055 ac
2219 989 2306 1070 si,
2352 991 2638 1052 testante
2658 971 2743 1000 ⁶¹
2731 971 2879 1012 '¹¹¹⁰pn
2851 963 2970 1001 '¹⁸⁰‘

327 1085 554 1150 Carolo
625 1085 792 1168 ipso,
885 1102 962 1171 ex
1038 1085 1411 1169 inopinato⁴
1451 1085 1781 1149 coronatio
1859 1085 1969 1147 illa
2039 1087 2110 1148 in
2173 1083 2640 1167 Imperatorem

325 1183 429 1246 die
491 1181 877 1246 Nativitatis
939 1206 994 1247 a.
1062 1183 1190 1246 800
1257 1182 1575 1246 acciderit.
1691 1181 1868 1245 Haec
1941 1182 2231 1265 quaestio
2296 1203 2640 1265 suspensos

259 1320 274 1333 ·
325 1283 511 1343 tenet
586 1279 892 1344 eruditos,
1013 1278 1181 1343 Sunt
1257 1280 1428 1342 enim
1503 1279 1847 1362 scriptores
1923 1279 2177 1342 illorum
2256 1283 2638 1361 temporum,

324 1377 432 1460 qui
502 1375 823 1454 referunt,
894 1377 969 1440 de
1035 1375 1352 1460 dignitate
1413 1375 1744 1459 Imperiali
1806 1375 1945 1467 jam
2016 1379 2211 1439 antea
2278 1376 2452 1439 inter
2520 1374 2636 1439 Ca·
2687 1315 2709 1412 i

324 1473 533 1536 rolum
613 1474 678 1535 et
744 1471 1029 1537 Leonem
1097 1476 1312 1535 actum
1382 1494 1536 1536 esse.
1632 1470 1737 1535 Ita
1804 1460 2096 1536 Joannes
2158 1473 2490 1537 Diaconus
2566 1472 2634 1536 in

328 1566 656 1633 Chronico
724 1570 1157 1652 episcoporum
1227 1574 1490 1633 sanctae
1555 1567 2027 1651 Neapolitanae
2101 1569 2436 1633 ecclesiae:
2505 1567 2639 1634 Hic

325 1665 483 1748 (Leo
532 1665 715 1746 HL),
777 1666 1029 1742 scribit,
1084 1664 1350 1747 fuyiens
1405 1664 1491 1729 ad
1540 1663 1845 1730 Carolum
1908 1686 2119 1748 reyem
2167 1664 2510 1748 spopondit
2557 1665 2636 1744 ei,

323 1761 382 1826 si
436 1760 511 1825 de
566 1760 707 1825 suis
763 1760 953 1825 illum
1007 1760 1372 1844 defenderet
1427 1760 1744 1838 inimicis,
1807 1761 2165 1844 Auyustali
2221 1783 2366 1828 eum
2419 1762 2637 1827 diade-

323 1863 495 1924 mate
559 1861 914 1922 coronaret.
1030 1855 1306 1925 Carolus
1373 1861 1592 1923 autem
1662 1862 1950 1940 optatam
2018 1858 2293 1924 audiens
2353 1858 2637 1942 promis-

321 1954 595 2034 sionem,
644 1975 676 2018 e
718 1952 988 2036 vestiyio
1037 1974 1180 2018 cum
1226 1975 1461 2037 maqno
1510 1959 1842 2036 apparatu
1886 1954 2169 2020 hostium
2206 1955 2640 2038 proficiscens,
2704 1993 2712 2001 ·

338 2051 688 2132 Urbemque
733 2049 1021 2133 capiens,
1082 2049 1269 2115 illum
1323 2050 1397 2115 in
1451 2072 1641 2117 suam
1694 2051 2016 2117 revocavit
2067 2053 2291 2118 sedem.
2385 2054 2475 2116 At
2531 2053 2640 2118 ille

323 2147 548 2213 statim
598 2145 903 2213 Carolum
950 2147 1312 2226 coronavit,
1371 2151 1433 2211 et
1465 2147 1736 2232 diynam
1783 2149 2095 2214 ultionem
2140 2149 2215 2214 in
2262 2171 2412 2215 suos
2458 2170 2636 2214 exer-

322 2244 458 2310 cuit
501 2243 875 2328 inimi008.²)
965 2243 1047 2309 In
1091 2245 1457 2321 Annalibus
1506 2245 2152 2311 Laurishamensibus
2207 2253 2425 2312 autem
2481 2248 2637 2312 haec

321 2342 675 2407 habentur:
745 2340 840 2404 Et
890 2339 1048 2421 quia
1100 2341 1250 2423 jam
1313 2345 1469 2406 tunc
1533 2342 1821 2407 cessabat
1879 2363 1922 2407 a
1979 2345 2174 2429 parte
2236 2342 2636 2407 Graecorum

322 2457 556 2502 nomen
609 2436 1067 2520 Imperatoris,
1138 2441 1199 2501 et
1256 2436 1613 2520 femineum
1670 2438 2019 2522 imperium
2086 2439 2265 2522 apud
2327 2460 2392 2503 se
2447 2439 2638 2505 habe-

327 2534 509 2614 bant,
576 2538 731 2599 tunc
789 2533 1002 2599 visum
1066 2540 1161 2599 est
1222 2540 1283 2599 et
1341 2534 1472 2619 ipsi
1530 2526 1878 2619 apostolico
1925 2537 2134 2602 Leoni
2192 2542 2253 2601 et
2308 2537 2638 2603 universis

323 2630 574 2697 sanctis
628 2631 932 2713 patribus
1000 2632 1114 2714 qui
1182 2633 1256 2698 in
1320 2632 1585 2698 consilio
1652 2632 1931 2698 aderant
1986 2655 2100 2699 seu
2163 2634 2412 2715 reliquo
2469 2634 2635 2699 chri-

324 2728 541 2794 stiano
575 2727 837 2811 popul0,
885 2733 962 2793 ut
1005 2729 1221 2811 ipsum
1271 2728 1575 2796 Carolum
1623 2751 1835 2812 reyem
1880 2729 2295 2796 Francorum
2339 2731 2636 2814 ‘Impera-

327 2830 530 2893 torem
575 2824 917 2890 nominare
962 2826 1360 2906 debuissent,
1419 2827 1532 2907 qui
1576 2826 1791 2909 ipsam
1838 2827 2121 2892 Romam
2178 2828 2455 2909 tenebat,
2522 2829 2638 2894 ubi

325 2942 572 3003 semper
621 2920 927 2986 Caesares
967 2923 1181 2988 sedere
1224 2923 1401 2988 soliti
1447 2927 1664 3003 erant,
1720 2944 1834 2989 seu
1878 2924 2165 3005 reliquas
2214 2925 2413 3004 sedes,
2473 2945 2638 3007 quas

324 3017 461 3101 ipse
495 3038 622 3100 per
681 3017 953 3084 Italiam
1003 3040 1116 3085 seu
1179 3019 1495 3095 Galliam,
1558 3041 1807 3085 necnon
1862 3025 1922 3085 et
1984 3020 2410 3086 Germaniam
2468 3026 2636 3087 tene-

328 3114 473 3194 bat,·
529 3113 689 3196 quia
748 3116 933 3181 Deus
991 3116 1392 3200 omnipotens
1449 3116 1568 3181 has
1625 3137 1842 3181 omnes
1897 3117 2073 3182 sedes
2133 3117 2205 3182 in
2250 3122 2637 3201 potestatem

325 3212 467 3295 ejus
513 3211 850 3291 concessit,
905 3212 1048 3278 ideo
1087 3214 1349 3296 Justum
1409 3213 1502 3277 eis
1556 3233 1688 3277 esse
1739 3212 2107 3293 videbatur,
2169 3218 2244 3278 ut
2303 3213 2440 3296 ipse
2489 3235 2672 3302 cum·

327 3306 460 3372 Dei
522 3307 852 3390 adjutorio
898 3313 959 3373 et
1013 3310 1315 3375 universo
1374 3309 1733 3375 christiano
1778 3310 2022 3392 populo
2069 3315 2358 3396 petente,
2420 3311 2637 3396 ipsum

327 3425 558 3470 nomen
633 3403 910 3471 haberet.
1029 3405 1296 3472 Carolus
1362 3405 1678 3489 deneyare
1746 3405 1991 3486 noluit,
2068 3408 2177 3472 sed
2245 3430 2387 3474 cum
2460 3405 2638 3475 omni

328 3499 698 3566 humilitate
768 3502 1093 3585 subjectus
1159 3504 1302 3569 Deo
1369 3508 1430 3568 et
1501 3502 1808 3590 petitioni
1882 3505 2287 3570 sacerdotum
2359 3511 2420 3570 et
2487 3507 2636 3572 uni-

510 3692 552 3759 ¹)
588 3692 747 3745 Hanc
785 3694 1115 3748 sententiam
1151 3696 1297 3752 inter
1334 3698 1470 3751 alios
1509 3703 1701 3750 tenent
1738 3695 2084 3765 Brequigny,
2123 3697 2441 3752 Recherches
2476 3698 2638 3753 histo.

327 3772 507 3841 riques
553 3787 655 3824 sur
703 3771 758 3823 la
805 3771 888 3826 vie
935 3774 998 3827 de
1036 3775 1283 3842 Chao-les,
1338 3776 1426 3844 fils
1460 3775 1584 3829 aine
1635 3775 1699 3828 de
1734 3774 2147 3844 Gharkmacne,
2206 3778 2517 3842 (Memoires
2570 3780 2637 3832 de

328 3849 660 3907 l’Academie
715 3849 811 3903 des
865 3852 1215 3922 inscriptions
1269 3860 1398 3909 tom.
1448 3854 1714 3921 XXXIX,
1768 3872 1819 3922 p.
1858 3856 1983 3921 617)
1996 3877 2009 3921 ;
2067 3855 2344 3922 Gosselin,
2399 3857 2638 3911 Pouvoir

328 3935 400 3988 du
435 3931 584 3997 Pape
624 3934 728 3983 etc.
768 3930 1083 3998 Appendice
1108 3935 1229 4002 VI.;
1268 3934 1836 4002 Alberdingk·Thym,
1874 3935 2045 3988 Karel
2080 3934 2143 3988 de
2166 3934 2378 4001 Groote,
2416 3953 2468 4003 p.
2507 3939 2635 4004 5383

324 4016 521 4075 ,Balan‚
556 4007 741 4062 Storia
780 4008 1019 4074 d’Italia,
1054 4013 1119 4067 V.
1158 4014 1231 4067 H.
1269 4032 1322 4082 p.
1362 4016 1479 4067 168.

505 4091 549 4158 ⁹)
605 4086 836 4141 Joannis
890 4089 1121 4146 Diaconi
1170 4094 1495 4157 chronicon,
1551 4107 1640 4158 ap.
1689 4092 1955 4146 Muratori
2002 4093 2133 4149 Rer.
2184 4095 2255 4148 It.
2309 4095 2419 4149 Sor.
2477 4096 2539 4149 T.
2590 4095 2635 4150 Ι.
