3270 5028
1047 449 1278 503 Photius
1315 450 1847 516 pseudopatriarcha.
2496 453 2602 503 363

285 589 436 655 suis
480 610 611 654 non
655 609 938 671 parvam
989 609 1310 678 summam
1368 589 1691 672 accipiens
1744 590 1803 655 ei
1855 590 1940 654 ad
1993 589 2409 672 diripentium
2463 590 2605 674 reqi

294 685 749 768 Bulyarorum
795 685 1227 762 transmisit]

474 787 578 848 54.
639 784 977 848 Venerunt
1035 783 1236 868 igitur
1298 806 1516 848 mense
1576 787 1875 870 Augusto
1935 787 2091 849 anni
2148 787 2273 849 866
2336 786 2606 850 Romam

294 881 721 965 Bulgarorum
766 881 995 963 legati,
1057 877 1357 944 Pontifici
1416 881 1778 948 deferentes
1832 884 2003 967 regis
2050 884 2301 947 litteras
2359 905 2430 947 ac
2476 906 2608 946 inu·

295 969 495 1054 nera(v
521 983 714 1061 atque
752 980 1072 1041 variarum
1121 978 1578 1060 quaestionum
1624 979 2032 1059 solutionem,
2080 983 2146 1042 et
2193 980 2492 1043 ecclesiae
2538 979 2606 1043 in

294 1076 427 1139 illis
474 1074 843 1157 regionibus
883 1074 1356 1137 ordinationem
1390 1096 1426 1137 a
1460 1073 1727 1139 Nicolao
1776 1080 2089 1158 petenteS.
2167 1075 2410 1159 Magno
2457 1095 2611 1157 gau-

261 1172 402 1235 -dio
449 1170 753 1234 Nicolaus
800 1171 1064 1234 affectus
1107 1176 1234 1246 est,
1294 1171 1388 1234 uti
1433 1172 1569 1254 ipse
1619 1173 1687 1235 in
1738 1172 2009 1254 epistola
2067 1172 2145 1234 ad
2194 1170 2607 1235 Hincmarum

293 1265 426 1350 (ep.
477 1265 610 1349 70²)
656 1267 909 1331 scribit:
963 1263 1125 1331 Cum
1157 1265 1277 1345 his,
1327 1269 1559 1351 inquit,
1608 1267 2052 1332 anxietatibus
2098 1267 2386 1348 undique
2433 1286 2611 1331 coar-

293 1368 655 1441 ctaremur,
719 1366 779 1426 et
839 1362 1214 1444 inqentibus
1264 1384 1716 1445 premeremur
1773 1363 2135 1445 anqustiis:
2210 1384 2342 1429 ecce
2401 1362 2613 1428 subito

294 1459 496 1543 leqati
543 1510 556 1522 .
604 1509 617 1522 .
666 1510 678 1523 .
726 1460 899 1542 reyis
942 1460 1396 1542 Bulyarorum
1427 1460 1611 1525 nobis
1659 1461 1876 1525 adesse
1911 1461 2334 1526 nuntiantur.
2417 1459 2611 1537 Unde,

300 1556 448 1638 quis
494 1561 587 1621 est
633 1556 748 1637 qui
791 1556 999 1621 dicere
1036 1558 1272 1638 possit,
1331 1562 1577 1638 quanto
1617 1557 1863 1638 qaudio
1922 1558 2018 1621 vel
2065 1561 2315 1638 quanta
2360 1556 2614 1621 exulta-

295 1652 473 1718 tione
516 1652 724 1717 simus
767 1652 1014 1735 repleti,
1063 1674 1132 1717 eo
1178 1653 1348 1734 quod
1393 1657 1452 1716 et
1498 1654 1825 1718 salubrem
1871 1675 2093 1718 eorum
2140 1653 2615 1719 conversionem

287 1771 415 1832 per
456 1749 725 1814 divitias
773 1749 1083 1815 bonitatis
1115 1749 1244 1813 Dei
1291 1749 1722 1830 coqnovimuS,
1770 1754 1832 1813 et
1864 1750 2019 1831 quia
2066 1750 2212 1816 illos
2251 1749 2615 1815 doctrinam

299 1846 474 1911 beati
529 1846 714 1911 Petri
777 1846 1070 1928 Apostoli
1126 1852 1187 1911 et
1245 1846 1431 1911 Sedis
1490 1847 1631 1929 ejus
1691 1847 2114 1929 exquisivisse
2171 1846 2613 1930 comperimus,

297 1943 418 2025 qui
475 1942 619 2007 licet
677 1944 860 2025 lonye
913 1943 1118 2025 positi
1177 1964 1463 2026 corpore,
1527 1942 1715 2008 nobis
1772 1949 1988 2010 tamen
2049 1945 2215 2027 facti
2278 1948 2433 2009 sunt
2493 1942 2617 2023 fide

293 2039 744 2123 praesentes.1)
835 2040 1074 2124 Magna
1120 2064 1261 2105 cum
1307 2042 1623 2124 sapientia
1670 2043 1747 2105 ad
1796 2046 2202 2126 quaestiones
2262 2042 2615 2125 propositas

198 2195 203 2198 .
302 2138 606 2202 Pontifex
655 2136 1008 2220 respondit,
1055 2139 1146 2201 ita
1192 2142 1266 2200 ut
1291 2137 1562 2201 -Nicolai
1609 2137 1950 2220 Responsa
1997 2138 2083 2202 ad
2131 2137 2423 2203 consulta
2451 2136 2616 2201 Bul·

292 2253 616 2317 9arorum
672 2234 1074 2298 constituant
1133 2234 1464 2316 egregium
1510 2235 1965 2300 documentum
2016 2236 2465 2300 sollicitudinis
2510 2257 2619 2318 pa-

301 2330 562 2395 storalis
625 2331 818 2412 hujus
865 2330 1217 2394 Pontificis.
1326 2330 1547 2406 Quoad
1614 2332 1992 2411 petitionem
2055 2338 2130 2394 ut
2192 2331 2616 2415 patriarcham

306 2427 647 2498 haberent,
704 2426 1006 2490 Pontifex
1053 2426 1398 2509 respondet
1444 2450 1496 2491 c.
1550 2428 1656 2490 72:
1718 2426 2142 2508 Requisistis,
2203 2427 2262 2492 si
2313 2427 2499 2492 liceat
2543 2425 2617 2491 in

306 2523 484 2589 vobis
529 2522 986 2606 patriarcham
1034 2522 1349 2588 ordinari.
1444 2522 1568 2587 Sed
1612 2524 1688 2588 de
1733 2523 1849 2588 hoc
1899 2524 2069 2589 nihil
2126 2525 2477 2608 diffinitive
2519 2545 2616 2588 re-

303 2620 615 2703 spondere
663 2640 1042 2702 possumus,
1100 2621 1495 2703 priusquam
1546 2621 1742 2703 leyati
1786 2620 2024 2699 nostri,
2088 2643 2246 2702 quos
2291 2622 2617 2687 vobiscum

305 2717 646 2796 mittimus,
694 2717 937 2782 reversi
981 2717 1254 2799 fuerint,
1305 2721 1379 2782 ut
1424 2716 1634 2796 nabis,
1685 2736 1850 2798 quae
1895 2717 2070 2781 inter
2114 2739 2225 2782 vos
2270 2717 2619 2784 multitudo

307 2813 422 2892 sit,
481 2818 541 2878 et
587 2814 998 2880 unanimitas
1048 2813 1587 2879 Christianorum
1645 2813 2043 2878 renuntient.
2134 2814 2309 2878 Nam
2354 2813 2621 2878 interim

308 2911 672 2992 episcopum
719 2910 1035 2987 habetote,
1099 2913 1159 2972 et
1205 2930 1351 2973 cum
1395 2909 1789 2974 incremento
1843 2909 2106 2974 divinae
2147 2910 2405 2993 qratiae
2453 2909 2621 2974 chri·

305 3007 621 3071 stianitas
664 3006 758 3070 ibi
800 3007 1010 3088 fuerit
1054 3005 1354 3080 dilatata,
1409 3010 1469 3068 et
1515 3005 1794 3087 episcopi
1829 3026 1954 3087 per
1992 3006 2288 3089 sinyulas
2333 3005 2624 3070 ecclesias

308 3103 628 3181 ordinati,
680 3109 833 3166 tunc
874 3101 1206 3183 eliyendus
1251 3106 1344 3164 est
1389 3102 1563 3166 inter
1608 3121 1718 3165 vos
1764 3122 1993 3173 unus„
2029 3105 2170 3184 qui,
2233 3102 2290 3168 si
2334 3123 2465 3167 non
2504 3121 2623 3184 pa-

2646 781 2909 832 Legatorum

2670 841 2896 884 adventus.

2708 2416 2880 2458 Nicolai

2662 2477 2924 2521 sollicitudO.

312 3198 624 3279 triarcha,
672 3204 837 3263 certe
882 3197 1400 3280 archiepiscopus
1441 3197 1868 3280 appellandus
1912 3198 2016 3278 sit,
2059 3199 2145 3263 ad
2181 3220 2366 3281 quem
2411 3218 2626 3262 omnes
2718 3278 2721 3283 .

311 3301 718 3363 concurrent.
779 3334 866 3342 —
923 3296 1375 3379 Conjunctioni
1436 3318 1586 3360 vero
1641 3318 1781 3360 cum
1839 3295 2001 3360 Sede
2063 3298 2431 3381 Apostolica
2491 3318 2624 3359 ser-

314 3395 557 3458 vandae
616 3394 906 3477 providet
967 3390 1272 3456 scribens*
1307 3413 1362 3455 c.
1418 3393 1567 3457 106:
1627 3391 1755 3456 Sed
1799 3396 1860 3456 et
1904 3391 2038 3471 illi,
2097 3392 2229 3456 sive
2274 3412 2450 3457 nunc
2496 3392 2628 3455 sive

302 3489 657 3572 posthaec,
706 3510 953 3571 semper
998 3487 1071 3554 in
1104 3488 1295 3552 rebus
1340 3485 1558 3551 dubiis
1602 3492 1662 3551 et
1689 3488 1967 3570 neyotiis
2012 3488 2372 3571 majoribus
2405 3487 2627 3552 Sedem

316 3585 516 3651 totius
574 3584 899 3651 Ecclesiae
954 3605 1129 3649 more
1185 3583 1518 3649 consulent
1576 3584 2039 3666 Apostolicam,
2072 3590 2157 3661 ,et
2215 3585 2293 3650 ab
2351 3584 2468 3649 illa
2528 3584 2626 3648 in-

309 3683 549 3748 structi
594 3684 668 3749 in
716 3682 950 3764 quibus
997 3685 1241 3763 oportet
1290 3680 1657 3759 instituent,
1707 3684 1767 3744 et
1817 3702 1981 3762 quae
2029 3682 2159 3747 Dei
2205 3686 2362 3747 sunt
2406 3680 2628 3746 sedula
2664 3730 2667 3733 ¹

306 3779 797 3862 praedicatione
843 3779 1172 3844 docebunt.

493 3879 596 3941 55.
661 3878 845 3942 Misit
892 3875 1194 3940 Nicolaus
1252 3876 1317 3939 in
1381 3875 1750 3958 Bulgariam
1810 3880 1886 3938 ut
1945 3876 2193 3959 legatos
2252 3899 2395 3941 suos
2456 3877 2629 3940 Pau-

318 3973 451 4036 lum
518 3974 913 4056 Populoniae
979 3977 1043 4036 et
1089 3972 1460 4037 Formosum
1521 3970 1748 4034 Portus
1799 3972 2147 4057 episcopos3
2206 3973 2476 4057 Bogoris
2526 3995 2630 4035 eos

496 4179 541 4245 ¹)
576 4181 759 4234 Labbe
785 4181 940 4234 VIII.
980 4182 1100 4233 470.
