3270 5028
1073 459 1326 528 Gregorii
1363 459 1466 513 III.
1505 460 1570 512 R.
1608 461 1671 513 P.
1710 468 1887 529 gesta.
2570 465 2636 515 37

328 600 640 664 Italorum
692 600 891 684 legati
952 599 1020 663 in
1078 598 1296 666 Sicilia
1350 603 1621 679 retenti,
1681 623 1800 666 nec
1864 602 1944 665 ad
2000 603 2464 686 Imperatorem
2525 604 2636 667 ad-

329 697 503 760 missi
559 702 727 761 sunt.
819 696 1028 772 Quum
1075 718 1226 760 vero
1272 695 1407 762 Leo
1460 698 1721 762 Isaurus
1775 699 1846 762 in
1909 699 2359 783 persequendis
2410 700 2637 784 imagi-

328 793 518 856 nibus
566 815 915 877 earumque
961 793 1405 858 defensoribus
1454 798 1788 877 perstaret,
1841 794 2187 879 Gregorius
2232 793 2353 861 ΠΙ.
2403 818 2459 861 a.
2512 796 2633 860 732

336 889 574 953 Romae
621 891 985 972 nonaginta
1038 889 1236 953 trium
1295 891 1730 973 episcoporum
1776 891 2091 974 synodum
2136 893 2391 970 habuit,
2454 915 2637 976 prae-

329 986 619 1050 sentibus
666 987 861 1051 etiam
918 987 1166 1069 reliquo
1222 986 1391 1050 clero
1439 991 1505 1050 et
1561 988 1947 1070 primoribus
1995 988 2189 1053 Urbis
2235 1011 2307 1053 ac
2367 991 2634 1072 populo;

327 1087 523 1166 atque
567 1083 645 1147 ad
703 1084 1168 1148 confirmandas
1225 1084 1528 1166 antiquas
1574 1083 1842 1149 Patrum
1899 1086 2279 1151 traditiones
2336 1086 2412 1149 de
2462 1088 2636 1151 cultu

325 1200 647 1243 sacrarum
709 1179 1058 1263 imaginum
1126 1178 1450 1243 decretum
1505 1181 1850 1245 constituit
1914 1181 2439 1266 (Constitutum),
2509 1204 2636 1267 quo

325 1275 463 1339 diro
510 1275 919 1340 anathemate
965 1275 1142 1339 feriit
1186 1297 1405 1340 omnes
1452 1277 1563 1359 qui
1611 1276 1816 1341 eidem
1865 1278 2373 1345 adversarentur.
2466 1278 2637 1357 „Ma-

315 1372 448 1455 jori
492 1371 638 1435 fidei
684 1372 909 1436 ardore
955 1375 1278 1455 permotus
1325 1372 1663 1447 Pontifex,
1709 1373 1805 1436 ita
1850 1375 1919 1438 in
1967 1374 2123 1438 Vita
2171 1374 2469 1460 Gregorii
2517 1375 2631 1439 111.

324 1469 494 1551 apud
554 1469 998 1546 Anastasium,
1068 1469 1373 1552 synodale
1435 1469 1784 1534 Decretum
1855 1493 1993 1535 cum
2053 1472 2427 1537 sacerdotali
2489 1494 2635 1536 con-

326 1570 526 1630 ventu
554 1587 764 1629 coram
813 1569 1222 1629 sacrosancta
1254 1563 1667 1630 Confessione
1711 1569 2094 1632 sanctissimi
2134 1570 2411 1650 corporis
2458 1569 2633 1632 beati

328 1663 508 1728 Petri
567 1662 869 1745 apostoli,
936 1661 1363 1725 residentibus
1429 1683 1571 1725 cum
1642 1661 1861 1728 eodem
1924 1686 2171 1728 summo
2238 1672 2303 1729 et
2365 1686 2634 1728 venera·

322 1758 436 1822 bili
482 1757 655 1842 Papa
704 1761 770 1821 et
817 1757 1322 1841 archiepiscopis,
1371 1758 1436 1820 id
1481 1763 1580 1822 est
1625 1758 1920 1824 Antonio
1967 1759 2279 1825 Gradensi
2325 1761 2633 1844 archiepi-

321 1877 531 1939 scopo,
576 1854 831 1920 -Joanne
877 1854 1350 1938 archiepiscopo
1383 1854 1787 1941 Ravennate,
1834 1879 1978 1920 cum
2028 1859 2297 1922 caeteris
2330 1858 2635 1941 episcopis

321 1953 510 2016 istius
555 1952 910 2034 Hesperiae
964 1951 1197 2034 partis,
1258 1974 1527 2015 numero
1580 1953 1942 2037 nona-ginta
1996 1955 2231 2029 tribus,
2292 1977 2402 2019 seu
2462 1956 2634 2037 pres-

323 2048 567 2130 byteris
631 2053 889 2112 sanctae
956 2047 1151 2133 hujus
1219 2049 1605 2132 apostolicae
1672 2046 1884 2126 Sedis,
1955 2050 2362 2116 adstantibus
2431 2051 2634 2115 diaco·

320 2145 512 2209 nibus
558 2167 698 2209 cum
753 2150 982 2209 cuncto
1030 2146 1228 2222 clero,
1287 2145 1612 2209 nobilibus
1671 2148 1864 2210 etiam
1920 2147 2317 2228 consulibuS,
2371 2150 2439 2211 et
2484 2149 2634 2211 reli-

322 2241 465 2325 quis
537 2241 903 2307 christianis
979 2240 1274 2324 plebibus
1346 2241 1754 2306 adstantibus
1828 2243 2138 2321 decrevit,
2215 2248 2287 2307 ut
2358 2245 2410 2307 si
2487 2245 2631 2328 quis

320 2337 618 2421 deinceps
681 2339 992 2420 antiquae
1056 2338 1536 2403 consuetudinis
1601 2342 1667 2402 et
1726 2340 2111 2422 apostolicae
2174 2338 2355 2405 Sedis
2414 2345 2633 2405 tenen·

318 2439 416 2498 tes
481 2435 730 2499 fidelem
797 2456 982 2498 usum
1047 2438 1495 2512 contemnenS,
1565 2437 1866 2523 adversus
1930 2437 2212 2501 eamdem
2272 2439 2632 2502 veneratio-

320 2554 468 2595 nem
536 2552 861 2596 sacrarum
928 2532 1312 2615 imaginum,
1383 2532 1682 2596 videlicet
1749 2532 1873 2597 Dei
1942 2540 2007 2597 et
2075 2534 2336 2599 Domini
2403 2533 2630 2599 Nostri
2715 2609 2718 2612 Α

317 2628 472 2693 Jesu
521 2628 793 2707 Christi,
855 2636 918 2692 et
968 2627 1314 2702 Genitricis
1362 2630 1499 2712 ejus
1545 2651 1797 2713 semper
1845 2628 2133 2715 Virginis
2180 2632 2629 2696 immaculatae

317 2730 514 2807 atque
577 2727 892 2809 gloriosae
960 2724 1228 2802 Mariae,
1295 2726 1628 2789 beatorum
1692 2728 2147 2810 Apostolorum
2215 2732 2279 2793 et
2342 2730 2626 2793 omnium

319 2819 734 2900 Sanctorum,
790 2822 1112 2905 depositor
1165 2826 1362 2906 atque
1412 2822 1801 2904 destructor,
1858 2828 2055 2907 atque
2107 2825 2484 2908 profanator
2530 2825 2627 2888 vel
2874 2841 2892 2900 ι

317 2917 727 3001 blasphemus
773 2919 1120 2996 exstiterit,
1177 2919 1262 2983 sit
1309 2919 1580 2983 extorris
1627 2942 1666 2983 a
1712 2940 1970 3003 corpore
2030 2924 2096 2984 et
2139 2922 2456 3004 sanguine
2507 2921 2631 2986 Do·

317 3014 478 3077 mini
521 3012 744 3079 Nostri
801 3014 954 3079 Jesu
1002 3014 1268 3092 Christi,
1330 3016 1432 3079 vel
1490 3017 1691 3079 totius
1738 3015 2062 3080 Ecclesiae
2124 3017 2376 3080 unitate
2435 3023 2628 3100 atque

316 3132 650 3194 compage3
709 3111 881 3193 quod
936 3115 1000 3175 et
1059 3111 1531 3195 subscriptione
1586 3133 1703 3176 sua
1758 3113 2132 3177 solemniter
2187 3113 2468 3176 universi
2526 3114 2629 3177 fir·

317 3210 644 3270 marunt.“

315 3456 420 3517 tor
477 3451 633 3515 adeo
698 3451 966 3529 exarsit,
1033 3455 1109 3515 ut
1174 3451 1438 3516 classem
1504 3451 1841 3534 ingentem
1905 3453 2202 3517 adversus
2264 3454 2626 3520 Romanum
2725 3461 2875 3493 ‘'0¹⁸0-

320 3547 697 3613 Pontificem
759 3551 825 3611 et
870 3546 1071 3612 Italos
1118 3547 1496 3626 destinaret,
1555 3571 1721 3632 quae
1766 3553 2013 3634 tamen,
2073 3551 2211 3615 Deo
2272 3574 2372 3616 res
2418 3554 2627 3636 dispo·

493 3356 596 3419 41.
658 3352 808 3419 Non
866 3355 1170 3419 obstante
1234 3353 1565 3419 Pontificis
1628 3355 2095 3433 moderatione,
2157 3356 2289 3421 Leo
2357 3357 2804 3686 Impera-sonis
2847 3386 2956 3439 rmp.

318 3650 543 3723 nente,
592 3644 659 3708 in
707 3644 868 3707 mari
911 3644 1237 3708 Adriatico
1284 3644 1699 3728 naufragium
1744 3646 1915 3711 fecit.
1933 3646 1977 3729 ¹)
2062 3648 2461 3714 Patrimonia
2510 3649 2625 3715 Ec-

499 3869 540 3935 ¹)
592 3868 791 3924 Censet
824 3870 1164 3938 Damberger
1209 3870 1527 3939 (Synchron.
1569 3870 1763 3926 Gesch.
1803 3873 1865 3925 B.
1905 3873 1977 3926 H.
2016 3872 2067 3926 S.
2105 3875 2258 3941 257),
2305 3875 2444 3929 hanc
2487 3877 2625 3931 clas-

317 3962 431 4002 sem
468 3948 691 4001 missam
729 3964 848 4002 esse
884 3949 1029 4001 haud
1066 3954 1260 4002 contra
1293 3949 1595 4003 Romanum
1619 3951 1943 4006 Pontificem
1980 3957 2037 4007 et
2071 3953 2262 4018 Italos,
2302 3956 2397 4011 sed
2435 3961 2624 4009 contra

314 4026 722 4095 LongobardoS,
759 4032 822 4079 ut
849 4027 1114 4081 Ravenna
1151 4044 1310 4094 quam
1335 4038 1739 4096 occupaverant
1774 4030 2125 4097 liberaretur,
2166 4032 2459 4100 scriptores
2491 4051 2621 4089 vero

315 4109 475 4158 aestu
524 4107 753 4172 quodam
805 4106 1060 4173 abreptos
1110 4107 1176 4160 ob
1222 4106 1423 4161 Leonis
1467 4108 1832 4176 impietatem,
1889 4126 2114 4177 pravum
2166 4113 2316 4166 illum
2361 4113 2520 4169 finem
2571 4116 2643 4169 ei.

316 4183 690 4251 adscripsisse.
730 4215 796 4219 —
835 4183 939 4239 Sed
975 4185 1286 4251 conjectura
1322 4187 1454 4240 haec
1495 4195 1581 4242 est
1616 4187 1778 4241 nimis
1818 4190 2123 4243 arbitraria.
