3270 5028
195 2572 200 2575 -
302 2523 379 2586 ad
426 2521 760 2586 Nicolaum
808 2520 1219 2598 Pontificem,
1268 2522 1376 2604 qui
1424 2521 1572 2586 huic
1618 2523 2025 2606 quaestiones
2072 2543 2204 2585 non
2249 2543 2484 2604 paucas
2531 2519 2608 2583 de

1046 445 1278 500 Photius
1304 427 1852 512 pseudopatriarcha.
2503 448 2603 497 361

297 610 432 652 non
478 588 711 671 potuit,
761 593 834 650 ut
866 586 1266 651 Christianus
1311 587 1512 651 fieret.
1586 588 1855 651 interim
1906 590 2074 670 regis
2119 608 2298 651 soror
2344 609 2381 648 a
2411 585 2608 650 Grae-

298 686 389 748 cis
453 693 641 767 capta
704 683 1268 765 Constantinopoli
1331 683 1709 767 religionem
1774 684 2188 748 christianam
2256 684 2479 747 edocta
2541 690 2608 747 et

297 782 625 864 baptizata
662 786 805 859 est,
862 785 1057 863 atque
1105 770 1488 862 Imperatr-ix
1540 780 1872 845 Theodora
1931 782 1987 844 ei
2043 804 2099 845 a.
2144 782 2270 844 845
2331 780 2605 843 reditum

298 879 367 941 in
414 877 786 961 Bulgariam
832 878 1171 958 concessit3
1237 876 1583 960 Kupharae
1632 880 1873 961 pariter
1919 904 1956 942 a
2003 878 2301 963 Bulgaris
2348 878 2609 940 licentia

298 976 451 1038 data
499 979 597 1037 est
638 975 706 1037 in
755 975 1025 1056 patriam
1060 974 1406 1038 remeandi.
1475 975 1678 1057 Regia
1722 976 1834 1039 illa
1879 976 2060 1059 virgo
2105 975 2382 1039 multum
2428 975 2606 1036 labo-

299 1071 486 1152 ravit,
531 1080 603 1134 ut
650 1069 951 1155 Bogorim
997 1070 1266 1133 fratrem
1315 1076 1718 1137 converteret
1764 1072 1844 1135 ad
1889 1073 2270 1153 religionem
2319 1071 2607 1134 christia-

297 1190 467 1231 nam.
560 1167 760 1242 Quam
811 1174 884 1230 ut
930 1167 1185 1230 demum
1233 1190 1454 1251 reapse
1502 1171 2031 1252 amplecteretur,
2085 1168 2392 1240 contulit,
2440 1166 2608 1249 quod
2658 1201 2661 1210 ι

297 1287 353 1327 a.
404 1264 530 1327 863
578 1264 715 1327 dira
760 1264 961 1327 fames
1006 1264 1303 1327 invocato
1336 1264 1580 1329 Christi
1629 1266 1891 1330 nomine
1931 1271 2226 1340 cessaret,
2273 1261 2339 1328 et
2377 1263 2439 1328 S.
2475 1262 2606 1326 Me·

298 1360 503 1424 thodii
552 1359 847 1423 monachi
893 1358 1137 1424 CPtani
1183 1360 1573 1438 sollicitudO,
1628 1363 1738 1445 qui
1785 1345 2175 1446 perhibetur,
2225 1384 2424 1444 quum
2471 1366 2611 1424 arte

299 1479 553 1541 quoque
599 1457 905 1541 pingendi
938 1459 1199 1532 valeret,
1247 1459 1499 1541 pictura
1544 1459 1756 1522 ultimi
1786 1459 2008 1541 judicii
2056 1458 2346 1522 confecta
2392 1478 2606 1540 regem

302 1554 710 1617 vehementer
755 1551 1248 1635 commovisse.¹)
1329 1554 1599 1639 Bogoris
1646 1556 1848 1639 igitur
1890 1578 2062 1619 anno
2105 1555 2396 1631 864,.uti
2440 1554 2609 1617 vide·

296 1655 436 1729 tur,
495 1673 613 1733 -per
669 1651 1027 1734 episcopum
1082 1651 1430 1734 Josephum
1492 1675 1531 1714 a
1587 1651 1820 1716 Photio
1877 1653 2138 1715 missurn
2198 1651 2608 1735 baptismum,

298 1748 616 1831 simulque
680 1769 757 1810 ex
822 1746 1213 1831 Imperatore
1283 1750 1542 1831 patrino
1606 1748 1940 1812 Michafflis
2008 1770 2243 1811 nomen
2302 1748 2607 1829 suscepit.

306 1844 498 1927 Regis
545 1844 901 1926 exemplum
950 1844 1136 1907 multi
1183 1845 1385 1907 secuti
1430 1850 1613 1920 sunt,
1664 1850 1731 1908 et
1775 1866 1947 1908 anno
1991 1845 2116 1909 865
2167 1844 2394 1928 religio
2440 1843 2608 1907 chri-

298 1941 512 2005 stiana
549 1942 686 2024 jam
733 1941 862 2004 late
910 1942 980 2004 in
1028 1940 1335 2023 Bulgaria
1380 1947 1737 2026 propagata
1776 1946 1900 2004 est.
1978 1940 2077 2019 Eo⁴
2117 1964 2289 2005 anno
2337 1940 2609 2006 Phoaus

301 2038 381 2101 ad
428 2036 803 2100 Michaelem
848 2059 1065 2121 regem
1108 2037 1364 2121 longam
1412 2038 1588 2102 dedit
1633 2038 1967 2119 epistolam
2015 2038 2432 2121 pastoralem,
2481 2058 2609 2119 qua

302 2135 359 2197 ei
406 2134 759 2198 doctrinam
810 2145 875 2197 et
930 2135 1329 2216 disciplinam
1378 2133 1793 2198 christianam
1850 2133 2085 2197 additis
2144 2134 2608 2198 adhortationi-

298 2231 416 2294 bus
460 2230 602 2294 fuse
635 2231 918 2314 exponit,
966 2230 1076 2293 sed
1112 2252 1184 2292 ea
1229 2231 1500 2307 ratione,
1546 2253 1712 2313 quae
1760 2253 1873 2314 pro
1920 2231 2204 2314 principe
2237 2239 2310 2294 ac
2341 2231 2610 2293 natione

298 2327 537 2392 rudiori
583 2348 656 2390 ac
703 2328 810 2390 vix
856 2349 1163 2390 conversa
1210 2328 1401 2390 nimis
1450 2327 1710 2390 subtilis
1759 2333 1898 2391 erat
1945 2332 2011 2390 et
2059 2328 2265 2392 docta.

480 2425 580 2489 52.
632 2423 810 2487 Misit
855 2429 1062 2487 autem
1108 2446 1218 2486 rex
1267 2424 1535 2507 Bogoris
1584 2426 1800 2489 eodem
1849 2425 1985 2488 fere
2031 2429 2319 2507 tempore
2362 2425 2610 2505 legatos
2649 2433 2924 2538 Iffiffiffilgd

300 2614 611 2702 religione
672 2624 1134 2702 proponerent,
1212 2623 1275 2681 et
1334 2618 1413 2682 ab
1473 2620 1609 2702 ipso
1681 2621 2084 2701 postularent
2149 2619 2474 2701 episcopos
2545 2622 2608 2679 et

298 2717 733 2799 presbyterOS,
794 2721 867 2777 ut
926 2715 1126 2778 totius
1182 2715 1466 2779 nationis
1527 2716 1858 2780 conversio
1920 2715 2354 2796 perficeretur,
2413 2717 2610 2795 atque

299 2834 400 2876 res
458 2812 918 2875 ecclesiasticae
977 2812 1044 2874 in
1108 2812 1220 2874 illa
1282 2813 1547 2894 regione
1612 2817 1763 2895 apto
1823 2810 2044 2874 ordine
2101 2810 2609 2892 disponerentur,

303 2909 515 2972 Variis
560 2908 818 2970 motivis
868 2907 1134 2991 Bogoris
1196 2909 1494 2971 inductus
1542 2921 1668 2983 est,
1732 2916 1804 2970 ut
1847 2905 1926 2970 ad
1975 2906 2335 2969 Romanum
2385 2904 2608 2969 Ponti·
2679 2963 2693 2975 ,

301 3007 478 3069 ficem
527 3025 594 3066 se
640 3008 937 3067 verteret.
1016 3003 1186 3066 Dum
1232 3005 1461 3067 turbae
1494 3005 1687 3068 etiam
1734 3003 2059 3086 graviores
2103 3002 2169 3064 in
2220 3022 2422 3085 regno
2471 3002 2610 3084 ejus

305 3102 386 3166 ob
444 3099 898 3163 christianismi
970 3099 1506 3182 praedicationem
1568 3101 1922 3173 orirentur,
1994 3099 2203 3162 clerici
2266 3097 2609 3162 orientales

305 3198 513 3261 minus
563 3196 819 3260 solliciti
880 3201 946 3258 et
994 3197 1127 3278 apti
1172 3196 1291 3260 visi
1354 3202 1506 3260 sunt
1551 3197 1628 3259 ad
1690 3219 1788 3260 res
1846 3197 2007 3259 bene
2069 3194 2481 3267 ordinandas,
2546 3201 2610 3256 et

303 3293 866 3376 superstitionibus
929 3297 1124 3374 atque
1186 3294 1558 3376 arrogantia
1623 3298 1885 3376 gentem
1946 3299 2290 3371 vexarunt,
2368 3291 2461 3353 uti
2531 3312 2607 3352 ex

302 3390 624 3473 responsis
689 3388 752 3451 N
759 3389 940 3452 icolai
1007 3387 1401 3471 colligitur.2)
1509 3388 1975 3470 Depreoamini
2034 3408 2152 3452 nos
2211 3384 2612 3469 simpliciter,

303 3488 523 3550 scribit
570 3485 908 3556 Nicolaum,
976 3488 1048 3549 at
1091 3483 1302 3562 vobiS,
1369 3485 1904 3565 quemadmodum
1964 3483 2232 3548 caeteris
2287 3481 2607 3564 yentibaS,

303 3602 523 3645 veram
569 3585 630 3645 et
662 3580 1024 3662 perfectam
1069 3580 1647 3659 christianitatem,
1705 3602 1835 3646 non
1892 3580 2228 3645 habentem
2286 3578 2609 3642 maculam

486 3780 527 3849 ¹)
567 3781 1025 3846 Controvertitur,
1066 3788 1244 3835 utrum
1272 3781 1577 3836 Methodius
1607 3780 1715 3834 iste
1741 3781 1911 3834 fuerit
1936 3781 2094 3847 idem,
2134 3797 2197 3833 ac
2228 3778 2611 3834 celeberrimus

304 3860 396 3914 ille
436 3839 721 3914 Slavorum
759 3861 1057 3928 apostolus,
1130 3862 1196 3914 Id
1231 3862 1393 3914 valde
1438 3860 1718 3928 probabile
1757 3876 1877 3913 esse
1925 3860 2170 3914 ostendit
2205 3860 2325 3911 Em.
2363 3858 2615 3924 Hergcn

305 3940 508 4003 rother,
546 3939 779 3993 Photius
817 3945 859 3993 t.
896 3941 939 3993 Ι.
973 3957 1025 4006 p.
1067 3944 1170 3993 594
1208 3957 1346 4007 sqq,
1397 3939 1484 3992 ubi
1526 3956 1590 3992 ea
1628 3956 1764 4006 quae
1803 3941 1871 3992 ad
1908 3940 2271 4007 Bulgarorum
2306 3935 2613 3990 conversio-

306 4033 424 4071 nem
465 4022 860 4085 eventuumque
898 4019 1304 4086 chronologiam
1344 4025 1599 4086 spectant-
1637 4018 1946 4072 accuratius
1985 4024 2241 4072 enarrata
2277 4016 2541 4070 invenies

308 4176 447 4228 WHI
482 4096 522 4164 ²)
576 4098 641 4151 V.
697 4098 983 4165 Responsa
1037 4098 1247 4151 Nicolai
1302 4097 1486 4163 Papae
1539 4099 1607 4150 ad
1664 4098 1917 4150 consulta
1972 4097 2362 4165 Bulgaroru1n3
2428 4095 2618 4148 Labbe

336 4177 354 4195 ⁷
451 4217 461 4228 .
504 4179 623 4230 516.
