3270 5028
655 469 765 520 288
997 466 1143 521 XVI.
1185 467 1392 523 Causae
1430 469 1670 523 celebres
1710 474 1768 523 et
1804 468 2128 523 Decretales
2165 434 2624 523 Pseudo-Isidori.

657 630 919 690 menus,
982 630 1122 673 cum
1188 610 1388 674 tradit
1430 608 1521 700 L.
1570 609 1688 676 ΙΙΙ.
1736 631 1787 674 c.
1838 610 1946 685 10,
1997 629 2125 691 pro
2182 607 2402 674 irritis
2464 608 2757 675 habenda
2821 628 2985 687 esse,

567 727 596 806 3
653 724 823 786 quae
857 708 1125 787 praeter
1168 704 1555 771 sententiam
1602 704 1882 789 episcopi
1928 704 2220 771 Romani
2254 704 2516 794 fuerint
2552 711 2753 788 qesta.
2766 705 2816 785 1)

836 855 934 918 77.
999 854 1396 939 Ampliorem
1464 855 1721 941 quidem
1792 854 1857 919 hi
1926 856 2266 939 scriptores
2331 855 2492 921 Julii
2560 856 2766 927 verbis
2836 878 2986 920 sen-

593 991 596 994 -
648 973 795 1014 sum
846 950 1230 1037 subjiciunt,
1294 974 1488 1036 quam
1543 954 1670 1017 ista
1724 974 1884 1036 rprae
1938 973 2004 1016 se
2063 952 2305 1017 ferunt.
2410 952 2688 1038 Colliges
2748 959 2982 1017 tamen

657 1069 735 1111 ex
799 1047 1007 1133 hisce,
1084 1049 1338 1113 saeculo
1421 1056 1654 1134 quarto
1722 1053 1789 1113 et
1858 1048 2092 1132 quinto
2158 1047 2318 1112 illud
2385 1048 2770 1133 principium
2833 1051 2980 1134 jam

657 1143 957 1223 valuisse,
1016 1141 1093 1208 de
1138 1142 1417 1227 ‘neyotiis
1459 1142 1733 1228 majoris
1779 1142 2085 1209 momenti
2129 1142 2223 1208 ad‘
2261 1143 2486 1210 Sedem
2534 1143 2983 1227 Apostolicam

649 1236 1066 1323 ‘referendum
1147 1260 1306 1320 esse,
1385 1247 1737 1326 antequam
1813 1242 1968 1326 quid
2042 1241 2374 1307 definitiva
2437 1243 2688 1307 ratione
2761 1243 2979 1307 decer-

656 1342 878 1417 natur3
938 1337 1194 1403 decreta
1254 1339 1517 1422 majoris
1576 1339 1903 1405 momenti
1954 1339 2022 1402 in
2087 1338 2346 1422 synodis
2413 1338 2583 1404 facta
2641 1340 2769 1403 vim
2835 1362 2977 1404 non

654 1433 911 1511 habere,
959 1435 1083 1498 nisi
1126 1456 1163 1497 a
1209 1432 1371 1500 Sede
1418 1435 1790 1520 Apostolica
1836 1435 2322 1514 confirmentur,
2368 1435 2771 1519 synodosque
2817 1457 2985 1501 con-

657 1534 760 1594 tra
825 1530 1225 1596 voluntatem
1291 1531 1570 1606 Romani
1635 1531 1967 1596 Pontificis
2032 1532 2339 1596 celebrari
2412 1553 2547 1596 non
2613 1553 2816 1615 posse.
2885 1568 2983 1576 —

658 1626 862 1691 Plane
910 1627 1142 1689 similia
1188 1628 1501 1712 principia
1549 1628 1917 1713 similesque
1969 1627 2230 1712 regulae
2278 1629 2670 1710 colliguntur
2715 1649 2793 1692 ex
2835 1629 2980 1711 epi·
3018 1665 3021 1668 ¹

652 1723 824 1788 stola
867 1722 1121 1788 XXIX.
1178 1724 1550 1790 Innocentii
1592 1723 1646 1789 I.
1698 1724 1779 1788 ad
1822 1724 2150 1808 episcopos
2207 1722 2759 1808 Carthaginiensis
2816 1745 2981 1788 con·

656 1816 852 1903 cilii2)
902 1825 967 1885 et
1017 1833 1096 1883 ex
1144 1818 1373 1885 Actis
1423 1818 1767 1885 Concilii
1815 1817 2512 1898 ChalcedonensiS,
2576 1817 2845 1885 Actione
2892 1818 2980 1906 I.‚

657 1917 726 1980 in
788 1938 983 1981 causa
1050 1914 1372 1997 Dioscori,
1444 1918 1546 1983 cui
1618 1939 1657 1981 a
1719 1916 1960 1981 Lucido
2033 1918 2250 2003 legato
2315 1914 2494 1982 Sedis
2560 1916 2982 2001 Apostolicae

659 2014 834 2078 locus
879 2013 950 2077 in
998 2011 1257 2098 Synodo
1303 2020 1663 2093 recusatur,
1725 2012 1882 2095 quia
1928 2011 2247 2095 synodum
2294 2012 2585 2097 (Ephesi)
2629 2032 2833 2077 ausus
2877 2015 2986 2077 est

656 2108 874 2191 facere
903 2107 1044 2174 sine
1080 2109 1469 2175 auctoritate
1500 2109 1688 2176 Sedis
1721 2108 2142 2192 Apostolicae,
2193 2109 2362 2192 quod
2390 2130 2730 2192 ‘nunquam
2764 2108 2983 2190 licuit,

660 2224 1002 2287 ‘nunquam
1043 2204 1296 2287 factum
1342 2211 1449 2273 est.

331 2363 616 2436 Synodorum
838 2355 938 2419 78.
996 2355 1168 2419 Dum
1223 2378 1373 2421 vero
1434 2357 1501 2420 in
1561 2356 2296 2421 Pseudo-Decretalibus
2351 2357 2750 2435 continetur,
2816 2376 2979 2439 syn-

359 2426 612 2469 ⁰⁰¹⁰bmt¹⁰‘
662 2450 812 2516 odos
870 2471 1003 2517 ‘non
1056 2471 1246 2534 posse
1307 2450 1617 2518 celebrari
1684 2450 1825 2518 sine
1888 2471 2202 2519 consensu
2260 2450 2552 2518 Romani
2609 2451 2978 2534 Pontifici&

658 2549 724 2614 id
784 2549 1021 2633 duplici
1085 2551 1271 2615 modo
1333 2551 1614 2636 intelligi
1678 2556 1908 2634 potest.
2018 2549 2136 2616 Vel
2201 2551 2327 2628 ita,
2395 2551 2567 2634 quod
2629 2573 2760 2616 non
2823 2573 2978 2636 pos·
3030 2612 3037 2617 .

661 2647 794 2712 sint
857 2646 1190 2725 celebrari,
1269 2648 1461 2713 etiam
1529 2647 1800 2712 concilia
1872 2647 2315 2731 provincialia,
2393 2650 2620 2711 contra
2678 2647 2979 2713 volunta·

659 2747 790 2809 tem
849 2744 1259 2826 Apostolicae
1313 2742 1523 2821 Sedis,
1588 2743 1761 2828 quod
1832 2765 2050 2809 eorum
2106 2740 2360 2807 decreta
2413 2740 2615 2808 irrita
2680 2745 2842 2822 sint,
2917 2744 2981 2808 si

660 2863 700 2903 a
747 2837 909 2904 Sede
953 2840 1327 2923 Apostolica
1380 2841 1793 2926 reficiantur,
1856 2839 2151 2924 quodque
2210 2838 2461 2904 decreta
2520 2838 2793 2922 majoris
2837 2858 2977 2907 mo-

842 3093 882 3160 1)
921 3093 1028 3148 Cfr.
1070 3092 1303 3149 Dissert.
1341 3098 1382 3147 t.
1421 3093 1499 3147 II.
1537 3111 1588 3161 p.
1627 3095 1697 3146 20
1735 3107 1849 3162 sqq.

838 3171 883 3239 ²)
925 3172 1021 3241 „In
1057 3171 1399 3240 requirendis
1434 3172 1538 3228 Dei
1574 3172 1765 3239 rebus,
1813 3187 1944 3241 quas
1981 3171 2125 3226 omni
2174 3188 2293 3226 cum
2340 3171 2707 3226 sollicitudine
2744 3173 2905 3226 decet
2941 3189 2979 3226 a

657 3251 1065 3316 sacerdotibus,
1115 3251 1347 3306 maxime
1397 3266 1531 3306 vero
1584 3267 1617 3305 a
1663 3267 1798 3306 vero
1840 3251 2102 3321 justoque
2151 3254 2208 3304 et
2255 3249 2528 3304 catholico
2579 3250 2809 3304 tractari
2849 3267 2977 3305 con-

659 3328 817 3394 cilio,
867 3329 1126 3396 antiquae
1161 3329 1476 3384 traditionis
1514 3330 1763 3397 exempla
1797 3338 2108 3396 servantes,
2155 3335 2212 3384 et
2263 3327 2672 3383 ecclesiasticae
2705 3345 2976 3384 memores

657 3406 1007 3475 disciplinae,
1055 3416 1278 3464 vestrae
1314 3409 1602 3478 religionis
1652 3409 1898 3478 vigorem
1946 3425 2053 3463 non
2099 3409 2276 3464 minus
2323 3424 2467 3462 nunc
2490 3456 2495 3461 .
2515 3406 2573 3460 in
2619 3408 2976 3473 consulendO,

657 3503 822 3556 quam
858 3493 1024 3542 antea
1070 3503 1189 3541 cum
1225 3487 1682 3556 pronuntiaretis,
1719 3503 1852 3543 vera
1896 3487 2110 3543 ratione
2154 3487 2442 3554 firmastis,
2491 3485 2584 3554 qui
2619 3487 2690 3540 ad
2724 3492 2974 3542 nostrum

661 3565 1002 3620 referendum
1038 3566 1383 3635 approbastis
1410 3582 1531 3621 esse
1566 3567 1846 3635 judicium,
1885 3566 2118 3622 scientes
2142 3567 2272 3635 quid
2309 3565 2646 3636 apostolicae
2677 3565 2810 3631 sedi,
2852 3583 2978 3620 cum

657 3660 846 3699 omnes
886 3645 987 3698 hoc
1022 3644 1141 3699 loco
1176 3644 1346 3713 positi
1390 3645 1570 3713 ipsum
1608 3646 1762 3713 sequi
1810 3645 2175 3700 desideremus
2210 3644 2557 3714 Apostolum,
2607 3643 2896 3710 debeatur,
2942 3661 2977 3699 a

657 3738 768 3791 quo
805 3722 924 3790 ipse
961 3723 1305 3793 episcopatus
1341 3731 1400 3780 et
1434 3729 1557 3780 tota
1592 3725 1896 3780 auctoritas
1942 3723 2176 3779 nominis
2222 3723 2382 3792 hujus
2432 3722 2670 3779 emersit.
2710 3764 2722 3778 .
2762 3764 2777 3777 .
2814 3762 2828 3776 .
2868 3723 2977 3779 Vel

664 3802 722 3857 id
754 3818 909 3868 vero,
955 3803 1094 3870 quod
1140 3809 1355 3872 patrum
1390 3803 1653 3859 instituta
1690 3802 2016 3859 sacerdotali
2062 3800 2237 3857 officio
2286 3802 2655 3858 custodientes
2700 3817 2812 3856 non
2848 3818 2975 3856 cen-

657 3880 802 3937 setis
850 3896 970 3937 esse
1018 3882 1308 3950 calcanda,
1356 3884 1499 3951 quod
1543 3882 1627 3937 illi
1671 3899 1781 3938 non
1825 3883 2086 3947 humana,
2144 3882 2243 3936 sed
2280 3881 2467 3936 divina
2515 3881 2805 3936 decrevere
2850 3897 2976 3936 sen-

665 3961 859 4026 tentia,
896 3965 959 4014 ut
997 3960 1258 4030 quidquid
1294 3962 1543 4030 quamvis
1569 3963 1635 4018 de
1673 3962 1964 4030 disjunctis
2001 3960 2332 4030 remotisque
2369 3959 2663 4029 provinciis
2693 3968 2974 4028 ageretur,

665 4056 775 4094 non
810 4039 961 4108 prius
1016 4041 1281 4096 ducerent
1326 4041 1649 4108 finiendum,
1694 4040 1800 4095 nisi
1849 4041 1919 4094 ad
1954 4040 2116 4109 hujus
2166 4041 2310 4096 sedis
2347 4038 2603 4094 notitiam
2638 4039 2976 4107 perveniret,

662 4124 728 4173 ut
780 4122 901 4173 tota
956 4119 1115 4188 hujus
1171 4121 1502 4176 auctoritate
1550 4121 1706 4190 justa
1761 4135 1898 4187 quae
1959 4118 2127 4174 fuerit
2181 4117 2558 4188 pronuntiatio
2611 4116 2974 4174 firmaretur.“

661 4217 717 4253 n.
760 4201 806 4252 1.
845 4197 1131 4266 Constant,
1166 4199 1303 4269 Epp.
1342 4200 1457 4254 RR.
1495 4200 1605 4253 ΡΡ.
1643 4216 1696 4268 p.
1733 4202 1851 4254 888.
