3270 5028
1202 432 1507 488 Restitutio
1541 433 1708 501 pacis.
1943 435 1948 439 ’
2539 435 2610 486 81

296 582 514 641 torum
559 575 630 638 in
677 597 778 639 res
822 596 1034 640 sacras
1065 576 1349 640 violenta
1393 574 1733 650 immixti0‚
1782 575 1970 658 quasi
2014 595 2092 638 ex
2131 576 2277 659 Jure
2320 574 2399 638 iis
2444 595 2612 639 com-

297 676 574 757 peteret,
619 672 688 736 in
734 693 923 735 usum
956 672 1160 757 magis
1190 671 1522 756 magisque
1566 671 1850 748 transiit,
1894 669 2272 735 Praesulum
2318 670 2612 734 ambitio-

298 791 520 834 sorum
565 769 843 853 ignavia,
893 769 995 832 vel
1040 790 1479 852 perversorum
1516 768 1782 833 audacia
1828 789 1931 832 res
1962 767 2426 832 ecclesiasticae
2473 790 2612 832 ma-

303 867 475 930 xime
536 866 864 944 turbatae‚
932 864 1272 932 divisiones
1338 868 1404 929 et
1465 863 1809 929 schismata
1870 866 1941 929 in
2007 864 2160 948 ipsis
2223 864 2614 929 dioecesibus

302 961 597 1027 Orientis
648 967 992 1045 provocata
1049 965 1232 1045 sunt,
1288 966 1355 1027 et
1402 962 1647 1027 aversio
1704 982 1779 1026 ac
1831 962 2155 1044 separatio
2213 962 2293 1026 ab
2351 962 2616 1026 ecclesia

308 1059 603 1124 Romana
669 1059 1109 1125 vehementius
1178 1062 1472 1143 promota
1537 1062 1655 1124 est.
1766 1059 1949 1123 Illius
2015 1080 2205 1142 porro
2281 1061 2615 1124 occasione

307 1156 592 1220 haeresis
652 1156 966 1220 orientale
1024 1155 1367 1239 Imperium
1421 1153 1826 1239 dispendium
1879 1176 2141 1237 passum
2199 1159 2296 1219 est
2352 1155 2616 1239 Imperii

303 1252 748 1329 occidentalis,
807 1275 999 1337 quum
1048 1252 1128 1317 ab
1173 1251 1680 1335 Imperatoribus
1726 1250 2141 1317 Iconoclastis
2194 1252 2472 1336 primum
2519 1252 2616 1315 di-

308 1353 661 1433 remptum,
718 1370 792 1413 ac
846 1353 1069 1432 postea
1120 1371 1203 1414 ne
1250 1348 1570 1414 Ecclesiae
1624 1351 1954 1432 protector
2008 1348 2256 1413 deesset
2309 1349 2617 1414 collatum

303 1448 395 1511 sit
440 1444 666 1511 Carolo
711 1444 797 1511 M.
842 1448 981 1532 regi
1027 1445 1440 1512 Francorum.
1522 1445 1676 1509 Fuit
1719 1450 1941 1509 tamen
1990 1444 2188 1509 etiam
2233 1446 2302 1509 in
2351 1444 2618 1511 Oriente

309 1542 595 1607 Ecclesia
641 1564 718 1607 ea
763 1547 974 1609 aetate
1018 1544 1343 1609 illustrata
1386 1543 1735 1608 sanctitate
1779 1542 2128 1606 multorum
2160 1543 2461 1620 virorum,
2509 1544 2620 1627 qui

309 1641 380 1704 in
426 1638 550 1702 fide
608 1639 966 1705 orthodoxa
1024 1641 1283 1705 fortiter
1343 1640 1804 1724 perstiterunt,
1866 1661 1941 1704 ac
1998 1643 2360 1723 martyrum
2421 1640 2615 1723 pluri-

310 1757 561 1800 morum
616 1737 988 1821 triumphis3
1047 1741 1239 1822 atque
1296 1736 1536 1802 enituit
1592 1736 1942 1801 auctoritas
1999 1742 2065 1800 et
2119 1737 2437 1820 sapientia
2486 1736 2619 1801 Ro-

310 1853 649 1897 manorum
688 1833 1099 1912 Pontificum,
1132 1835 1244 1918 qui
1275 1833 1654 1899 catholicam
1683 1834 2041 1899 doctrinam
2072 1834 2382 1899 continuo
2413 1837 2623 1899 custo·

305 1928 576 1993 dierunt
622 1934 688 1993 et
735 1930 1051 2014 intrepide
1098 1931 1605 1996 vindicaverunt.

421 4258 688 4311 Jungmann‚
722 4260 1073 4302 Dissertationes.
1127 4259 1248 4301 Tom.
1276 4258 1364 4300 111.
2278 4251 2314 4302 6
