3270 5028
424 560 596 603 Divisio

391 635 630 674 regnorum.

383 3066 662 3117 Inauguratio

412 3126 625 3170 Ludovici

384 3189 679 3241 Imperatoris.

691 424 792 475 194
951 459 957 475 .
1234 421 1316 474 De
1352 420 1583 488 Imperio
1624 426 1681 473 et
1717 421 1784 474 (10
1819 420 2068 474 Ecclesia
2104 436 2241 474 saec.
2281 436 2439 474 nono.

867 565 970 628 30.
1042 563 1308 627 Carolus
1376 561 1459 625 M.
1529 562 1606 625 de
1674 561 2125 625 constituenda
2194 565 2259 625 et
2328 562 2765 626 conservanda
2834 583 2998 645 pace

688 662 860 725 inter
920 661 1087 725 filios
1154 681 1299 724 suos
1364 658 1704 732 sollicitus,
1787 679 2055 740 regnum
2128 681 2317 722 suum
2385 680 2442 721 a.
2515 657 2641 721 806
2721 658 2789 721 iu
2856 662 2998 723 tres

687 762 900 847 partes
961 755 1205 832 divisit,
1268 758 1345 819 ut
1401 753 1593 837 sciret
1647 752 2095 834 unusquisque
2139 753 2431 832 illorum,
2497 774 2693 834 quam
2729 758 3000 836 partem

689 852 862 918 tueri
907 856 966 916 et
1010 872 1228 934 reqere
1272 850 1606 933 debuisset,
1655 849 1713 914 si
1758 854 2080 932 superstes
2125 850 2227 914 illi
2273 850 2568 915 eveniret.
2658 851 2763 916 Ita
2791 851 2999 937 Egin-

688 950 924 1015 hardus
988 951 1054 1013 in
1117 949 1481 1013 Annalibus
1539 950 1616 1013 ad
1679 971 1734 1012 a.
1793 949 1948 1024 806,
2008 948 2117 1012 ubi
2180 948 2426 1012 subdit:
2490 946 2594 1011 De
2660 946 2780 1011 hac
2828 966 2999 1028 par-

689 1044 914 1111 titione
961 1049 1021 1109 et
1061 1048 1514 1109 testamentum
1557 1044 1805 1126 factum
1857 1042 1917 1107 et
1947 1043 2394 1126 jurejurando
2440 1044 2518 1107 ab
2556 1042 3002 1125 optimatibus

687 1142 1099 1208 Francorum
1143 1140 1610 1221 confirmatum,
1660 1144 1721 1204 et
1748 1139 2234 1206 constitutiones
2279 1161 2476 1205 causa
2522 1136 3002 1206 conservandae

679 1239 868 1323 pacis
948 1238 1173 1320 factae:
1246 1242 1439 1318 atque
1506 1236 1637 1300 hoec
1702 1238 1921 1302 omnia
1990 1237 2227 1302 litteris
2299 1238 2615 1302 mandata
2681 1241 2863 1317 sunt,
2933 1241 3004 1301 et

690 1335 899 1401 Leoni
934 1355 1177 1418 papae,
1237 1338 1311 1399 ut
1357 1332 1460 1397 his
1505 1353 1627 1397 sua
1676 1354 1879 1399 manu
1923 1332 2365 1413 subscriberet,
2405 1354 2528 1415 per
2569 1333 3001 1398 Einhardum

691 1434 905 1498 missa.
1002 1430 1253 1511 Quibus
1298 1429 1612 1512 Pontifex
1672 1429 1847 1495 lectis
1902 1434 1962 1495 et
2017 1440 2354 1495 assensum
2388 1429 2701 1513 praebuit
2746 1434 2807 1494 et
2840 1450 3002 1512 pro-

680 1530 839 1613 pria
893 1549 1096 1593 manu
1150 1525 1544 1609 subscripsit.
1608 1563 1693 1573 -—
1746 1527 1823 1595 In
1881 1528 1993 1591 illa
2055 1528 2363 1592 divisione
2405 1528 2651 1624 {pi-Q
2694 1528 2846 1592 data
2894 1532 3003 1591 est

689 1626 881 1713 Italia
946 1645 1111 1713 quae
1172 1628 1232 1687 et
1281 1622 1743 1705 Lonqobardia
1800 1621 2078 1703 dicitur,·
2139 1625 2321 1688 nulla
2369 1632 2584 1689 autem
2630 1625 2874 1689 mentio
2918 1625 3004 1688 fit

691 1712 1073 1789 exarchatus
1151 1721 1673 1785 Ravennatensis
1761 1727 1826 1784 et
1909 1721 2167 1786 ditionis
2247 1721 2607 1800 Romanae,
2701 1743 2778 1785 ex
2867 1743 3002 1805 quo

691 1823 1140 1903 argumentum
1186 1817 1684 1902 peremptorium
1730 1817 2073 1902 colligitur,
2121 1820 2550 1901 principatum
2595 1819 2843 1884 civilem
2867 1818 3001 1883 Ro-

693 1916 867 1980 mani
902 1915 1230 1979 Pontificis
1280 1915 1544 1996 plenum
1573 1914 1792 1991 fuisse,
1841 1919 1907 1978 et
1940 1913 2212 1980 Romam
2259 1938 2393 1979 non
2436 1915 2513 1979 ad
2562 1936 2829 1999 regnum
2864 1916 3000 1980 Ita-

693 2014 845 2090 liae,
918 2011 1026 2076 sed
1082 2016 1341 2075 tantum
1399 2009 1473 2072 ad
1539 2009 1882 2093 Imperium
1942 2012 2358 2094 pertinuisse,
2426 2034 2499 2077 ac
2556 2013 2819 2076 nonnisi
2875 2013 3000 2077 im-

694 2109 915 2192 periali
975 2107 1344 2172 auctoritati
1400 2107 1738 2171 subfuisse.
1799 2143 1886 2152 -—-
1946 2107 2180 2172 Merito
2242 2109 2438 2172 etiam
2488 2131 2773 2175 summae
2822 2109 3000 2173 laudi

693 2206 1003 2270 tribuitur
1049 2204 1297 2281 Carolo,
1345 2203 1514 2288 quod
1560 2225 1779 2268 versus
1823 2205 2014 2268 finem
2060 2205 2232 2268 vitae
2278 2227 2430 2270 suae
2478 2207 2759 2271 ecclesiis
2806 2207 2999 2271 liber·

694 2307 895 2366 tatem
944 2301 1276 2366 electionis
1324 2302 1761 2382 episcoporum
1809 2300 2201 2380 concederet,
2246 2302 2343 2365 uti
2388 2301 2667 2366 habetur
2708 2304 2777 2367 in
2809 2303 3000 2386 Capi-

695 2398 930 2473 tulario
972 2399 1081 2462 87:
1130 2395 1483 2460 Sacrorum
1527 2415 1851 2460 canonum
1887 2416 2017 2460 non
2062 2395 2305 2479 iqnari,
2353 2402 2429 2463 ut
2464 2397 2540 2463 in
2571 2397 2703 2462 Dei
2738 2398 3001 2464 nomine

696 2492 986 2558 Ecclesia
1025 2514 1142 2558 suo
1189 2490 1457 2557 liberius
1498 2490 1825 2574 potiretur
1870 2492 2125 2571 honore,
2175 2514 2509 2561 assensum
2556 2494 2776 2560 ordini
2820 2495 3000 2560 eccle-

695 2589 956 2656 siastico
980 2589 1427 2672 praebuimus,
1475 2592 1552 2653 ut
1597 2588 1836 2654 scilicet
1875 2611 1998 2672 per
2041 2589 2404 2657 electionem
2450 2592 2605 2657 cleri
2652 2597 2712 2657 et
2749 2592 2996 2676 populi,

697 2687 1043 2752 secundum
1091 2690 1342 2751 statuta
1390 2705 1732 2765 canonum,
1795 2686 1870 2751 de
1904 2687 2185 2770 propria
2230 2688 2514 2768 dioecesi,
2563 2694 2809 2754 remota
2847 2710 2997 2771 per-

697 2803 1008 2869 sonarum
1050 2788 1110 2847 et
1142 2803 1487 2849 munerum
1532 2783 1910 2865 acceptione,
1957 2783 2029 2848 ob
2075 2784 2249 2850 vitae
2295 2785 2600 2851 meritum
2645 2790 2706 2850 et
2746 2786 2998 2869 sapien-

697 2880 826 2945 tiae
891 2880 1131 2945 donum
1203 2880 1561 2961 eliqantur,
1631 2884 1693 2943 et
1759 2880 2041 2962 exemplo
2111 2886 2172 2945 et
2231 2882 2443 2948 verbis
2500 2882 2627 2947 sibi
2689 2881 2996 2965 subjectis

696 2996 1152 3060 usquequaque
1188 2976 1491 3058 prodesse
1534 2975 1870 3062 valeant.1)

870 3076 972 3140 31.
1047 3075 1258 3150 Quum
1335 3073 1600 3152 Carolus
1692 3081 1759 3138 et
1831 3075 2099 3157 Pipinus
2184 3076 2298 3139 filii
2378 3075 2586 3141 Caroli
2666 3075 2753 3141 M.
2845 3083 3000 3150 ante

696 3175 904 3257 ipsum
964 3193 1041 3236 ex
1110 3171 1232 3234 hac
1294 3171 1426 3233 vita
1489 3170 1876 3252 migrarent,
1943 3171 2301 3255 Imperator
2364 3195 2533 3237 anno
2600 3173 2727 3238 813
2787 3172 3000 3250 Ludo:

696 3270 925 3358 vicum*
975 3267 1262 3356 instituit
1337 3288 1522 3331 suum
1601 3266 1671 3329 in
1711 3265 2015 3352 “Imperio
2080 3291 2515 3334 successorem.
2605 3270 2674 3336 Is
2743 3271 2999 3354 quidem

701 3355 1092 3449 Aquisgrani
1168 3387 1242 3427 00
1313 3385 1482 3427 anno
1550 3364 1925 3429 solemniter
1999 3365 2452 3449 inauguratus,
2542 3372 2607 3430 et
2680 3368 3000 3431 salutatus

696 3467 797 3526 est
858 3461 1247 3543 Imperator,
1324 3460 1573 3543 sibique
1641 3460 1990 3524 mandante
2059 3466 2243 3543 patre
2306 3483 2605 3527 coronam
2676 3463 2998 3546 imposuit.

698 3556 851 3621 Non
920 3557 1154 3620 desunt
1223 3561 1515 3620 auctores
1584 3556 1695 3639 qui
1766 3557 2170 3632 existimant,
2245 3579 2361 3640 pro
2425 3559 2692 3623 arbitrio
2755 3581 2872 3624 suo
2936 3562 3003 3622 et

699 3654 879 3717 nulla
955 3652 1179 3717 habita
1251 3652 1498 3715 ratione
1581 3651 1852 3717 Romani
1931 3653 2261 3719 Pontificis
2339 3654 2639 3719 Carolum
2716 3655 2792 3719 de
2870 3654 3001 3719 Im-

700 3750 877 3833 perio
945 3749 1355 3832 disposuisse,
1433 3747 1944 3833 dignitatemque
2013 3750 2409 3833 imperialem
2476 3751 2802 3817 Ludovico
2870 3752 3004 3816 filio

702 3850 773 3910 ut
819 3846 1077 3911 haeredi
1123 3841 1504 3925 detulisse.²)
1596 3846 1832 3921 Quodsi
1886 3868 2109 3910 revera
2162 3871 2295 3913 non
2345 3850 2641 3914 consulto
2690 3854 2755 3914 et
2801 3849 3002 3913 inscio

847 4071 890 4139 ¹)
926 4071 1182 4127 Balutius
1220 4074 1256 4127 l.
1297 4091 1340 4128 c.
1380 4075 1776 4142 Capitularium
1813 4075 1871 4128 L.
1912 4076 1955 4129 Ι.
1998 4091 2050 4142 p.
2091 4077 2209 4129 718.

847 4151 890 4219 2)
929 4150 1036 4204 Cfr.
1075 4153 1317 4207 Martens
1354 4154 1391 4206 1.
1431 4170 1476 4208 c.
1515 4154 1567 4208 S.
1605 4156 1735 4222 2163
1772 4154 1951 4208 Kraus
1988 4155 2057 4208 K.
2097 4154 2161 4209 G.
2200 4155 2251 4209 S.
2288 4156 2408 4209 254.
