3270 5028
1083 429 1166 483 De
1204 429 1493 483 authentia
1529 429 1857 483 donationis.
2527 434 2636 487 153

319 593 385 635 se
435 573 897 654 amplexantes,
944 572 1160 634 tenuit
1190 572 1757 636 christianissimus
1805 572 1973 635 idem
2005 571 2272 636 Carolus
2320 594 2428 636 rex
2476 573 2632 636 dex-

319 673 525 732 teram
575 689 841 731 manum
903 667 1213 731 antedicti
1277 668 1626 751 pontificis:
1691 676 1756 731 et
1819 669 1912 733 ita
1976 669 2046 731 in
2105 668 2374 732 eandem
2440 691 2626 734 vene·

319 765 587 828 randam
663 766 876 828 aulam
953 764 1125 827 beati
1201 764 1381 828 Petri
1466 765 1772 848 principis
1849 765 2283 848 apostolorum
2361 766 2634 849 ingressi

319 863 532 925 sunt.“
639 859 828 924 Illam
891 882 1198 924 manuum
1256 862 1663 945 junctionem
1727 862 1929 945 igitur
1995 883 2068 924 eo
2133 866 2487 943 spectasse,
2556 870 2634 926 ut

321 958 641 1021 amicitiae
690 963 756 1021 et
801 957 1198 1022 defensionis
1251 958 1474 1023 foedus
1520 956 2217 1041 confirmaretur.¹)'—-
2261 959 2355 1023 At
2411 982 2633 1026 revera
2645 990 2656 1057 μ

320 1054 447 1118 isto
492 1054 630 1118 loco
676 1055 856 1119 nullo
900 1054 1087 1119 modo
1137 1055 1354 1140 agitur
1400 1055 1477 1118 de
1525 1056 1742 1139 aliquo
1797 1055 2050 1120 foedere
2098 1057 2197 1119 vel
2242 1060 2459 1139 pact0,
2518 1059 2646 1121 sed'

321 1156 577 1214 tantum
641 1150 1051 1227 describitur,
1128 1151 1446 1235 quomodo
1507 1174 1686 1217 more
1749 1153 2236 1235 peregrinorum
2296 1084 2642 1219 humilitexi

319 1247 588 1311 Carolus
635 1247 1002 1324 advenerit,
1061 1244 1147 1312 et‘
1186 1249 1269 1313 ab
1316 1248 1651 1313 Hadriano
1710 1249 2008 1332 congruis
2064 1248 2382 1312 amicitiae
2429 1250 2632 1334 signis

321 1348 613 1426 receptus
676 1344 782 1407 sit.
875 1343 1115 1410 Sensus
1167 1347 1390 1411 obvius
1450 1350 1514 1409 et
1576 1350 1945 1421 contextuS,
2007 1344 2260 1428 aliaque
2322 1347 2461 1410 loca
2516 1369 2631 1429 pa·

321 1441 546 1504 rallela
609 1441 677 1504 in
747 1438 910 1504 Vitis
971 1443 1242 1507 aliorum
1306 1441 1697 1506 Pontificum
1766 1442 1828 1506 id
1892 1441 2260 1506 ostendunt.
2368 1442 2636 1508 Carolus

322 1537 651 1614 videlicet,
714 1538 824 1621 qui
875 1540 1010 1623 jam
1069 1539 1261 1622 pedes
1318 1539 1468 1604 inde
1515 1562 1553 1602 a
1597 1538 1822 1602 Monte
1869 1538 2074 1601 Mario
2131 1538 2211 1602 ad
2255 1538 2316 1602 S.
2368 1539 2629 1603 Petrum

322 1655 697 1718 progressus
759 1647 923 1713 erat,
987 1636 1365 1720 genuflexus
1427 1658 1601 1700 more
1662 1636 2149 1720 peregrinorum
2211 1657 2428 1699 omnes
2490 1657 2631 1720 gra·

321 1733 436 1797 dus
499 1731 802 1815 (triginta
858 1733 1172 1816 quinque)
1235 1733 1343 1815 qui
1397 1733 1476 1796 ad
1536 1732 1866 1796 basilicam
1928 1731 2252 1795 ducebant
2306 1733 2636 1797 osculatus

322 1835 434 1894 est.
525 1829 609 1892 In
661 1828 827 1893 atrio
870 1851 1062 1911 super
1105 1829 1343 1912 gradus
1388 1834 1604 1895 autem
1651 1850 1888 1912 magno
1935 1850 2078 1892 cum
2133 1828 2366 1912 gaudio
2410 1850 2630 1913 regem

322 1926 571 2009 excepit
634 1924 1002 1989 Hadrianus
1067 1925 1408 2002 Pontifex,
1479 1948 1751 2006 eumque
1814 1926 2148 2008 amplexus
2222 1929 2339 1990 est.
2458 1926 2628 1990 Dein

321 2024 511 2088 simul
574 2022 850 2104 ingressi
911 2027 1065 2085 sunt
1122 2022 1448 2086 ecclesiam
1513 2021 1576 2086 S.
1620 2022 1831 2100 Petri,
1896 2023 1991 2086 ita
2044 2027 2127 2085 ut
2188 2043 2302 2085 rex
2363 2045 2629 2087 manum

321 2124 652 2187 dexteram
704 2118 1035 2183 Pontificis
1094 2123 1369 2183 teneret.
1461 2119 1655 2183 Haud
1710 2118 1869 2182 mihi
1925 2119 2177 2183 videtur
2231 2119 2335 2183 hic
2392 2120 2499 2203 agi
2554 2122 2637 2185 de

322 2220 623 2283 contactu
672 2237 1009 2292 manuum,
1080 2237 1153 2279 ac
1213 2216 1266 2281 si
1322 2237 1438 2279 rex
1485 2216 1816 2281 dexteram
1883 2238 2143 2280 manum
2189 2216 2505 2280 Hadriani
2561 2218 2630 2280 in

323 2339 438 2381 sua
478 2337 676 2378 manu
721 2313 1081 2394 habuisset,
1134 2315 1246 2377 sed
1290 2314 1640 2399 significari
1691 2318 1952 2376 tantum
1999 2335 2354 2390 censerem,
2409 2335 2629 2398 regem

320 2413 518 2477 fuisse
581 2411 662 2474 ad
725 2411 1051 2475 dexteram
1114 2433 1377 2474 manum
1440 2432 1551 2474 seu
1614 2410 1785 2473 latus
1845 2408 2200 2475 Pontificis.
2272 2446 2358 2455 —
2424 2410 2630 2475 Simili

321 2511 514 2594 plane
560 2508 812 2573 ratione
842 2507 1037 2573 etiam
1084 2507 1154 2572 in
1187 2506 1344 2573 Vita
1375 2505 1584 2592 Sergii
1615 2506 1702 2572 Π.
1755 2506 2086 2573 Pontificis
2132 2504 2219 2591 (a.
2252 2506 2638 2592 844—847)

322 2610 654 2682 narratur,
712 2605 1030 2689 quomodo
1086 2604 1446 2670 Ludovicus
1494 2603 1790 2668 Lotharii
1850 2604 2266 2686 Imperatoris
2322 2605 2492 2668 filius
2551 2604 2632 2669 ad

322 2704 647 2769 basilicam
679 2700 745 2766 S.
781 2702 955 2766 Petri
1001 2703 1336 2765 accesserit
1380 2711 1445 2765 et
1492 2723 1529 2764 a
1559 2700 1878 2764 Pontifice
1907 2707 2200 2784 receptus
2233 2702 2338 2766 sit.
2424 2700 2632 2779 „Con-

316 2803 641 2887 jungente
698 2820 848 2863 vero
907 2798 1126 2862 eodem
1180 2819 1330 2882 rege
1389 2795 1802 2881 (Ludovico),
1870 2797 2326 2881 universosque
2394 2799 2636 2880 gradus

323 2896 606 2982 ejusdem
665 2895 1136 2959 sacratissimae
1208 2895 1381 2958 beati
1442 2894 1618 2959 Petri
1692 2894 1992 2959 ecclesiae
2066 2894 2483 2973 ascendente,
2553 2894 2634 2957 ad

324 2991 879 3077 praenominatum
936 2991 1396 3074 propinquavit
1450 2991 1845 3073 pontificem,
1912 2991 2022 3074 qui
2087 2990 2158 3053 in
2219 2991 2383 3054 atrio
2440 3012 2640 3073 super

322 3091 559 3175 gradus
612 3090 805 3172 juxta
872 3090 1041 3152 fores
1096 3088 1397 3151 ecclesiae
1457 3109 1601 3150 cum
1671 3088 1972 3150 universo
2044 3087 2211 3151 clero
2265 3091 2329 3149 et
2396 3087 2639 3169 populo

325 3187 621 3252 Romano
680 3184 1040 3248 assistebat.
1139 3184 1324 3247 Tunc
1379 3189 1605 3248 mutuo
1666 3205 1801 3247 sese
1862 3183 2357 3265 complectentes
2418 3184 2642 3247 tenuit.

322 3285 490 3349 idem
540 3281 897 3347 Ludovicus
942 3281 1270 3345 dexteram
1333 3281 1642 3345 antedicti
1699 3279 2053 3362 pontificis,
2112 3284 2179 3342 et
2234 3280 2306 3344 in
2358 3279 2641 3343 interius

322 3380 603 3465 ingressi
649 3378 904 3457 atrium,
953 3378 1033 3441 ad
1076 3383 1294 3461 portas
1339 3384 1775 3461 pervenerunt
1821 3373 2293 3461 argentea8.“²)

511 3535 550 3605 ¹)
587 3536 647 3589 L.
687 3552 731 3589 c.
768 3552 820 3602 p.
863 3536 980 3587 136.

505 3615 546 3685 ²)
584 3615 718 3669 Vita
767 3614 945 3681 Sergii
982 3614 1055 3667 H.
1105 3631 1148 3667 c.
1186 3612 1253 3665 X.
1303 3642 1371 3650 —
1422 3612 1682 3667 Advertit
1724 3613 2048 3679 Bruneng0‚
2097 3617 2327 3678 utroque
2374 3612 2494 3666 loco
2544 3628 2641 3667 ex-

325 3712 512 3764 presse
562 3694 698 3758 dici,
748 3708 935 3761 regem
982 3692 1229 3747 tenuisse
1279 3692 1557 3747 dexteram
1602 3690 1913 3756 Pontificis,
1964 3706 2072 3744 non
2123 3692 2265 3757 quod
2316 3692 2500 3756 laeva,
2551 3690 2638 3745 uti

327 3775 545 3843 quidam
571 3778 917 3837 censuerunt,
952 3771 1189 3826 nobilior
1210 3770 1519 3827 haberetur.
1589 3771 1694 3825 Sed
1729 3771 1882 3824 locus
1918 3770 2139 3823 honoris
2174 3771 2644 3825 determinabatur

326 3870 491 3908 manu
527 3868 710 3907 eorum
748 3851 838 3917 qui
877 3867 945 3906 ex
981 3852 1213 3905 adverso
1250 3850 1573 3918 spectabant
1603 3849 2004 3918 ingredienteS,
2048 3848 2132 3903 ita
2170 3856 2232 3904 ut
2268 3851 2362 3918 qui
2397 3851 2467 3904 ad
2507 3852 2636 3906 dex-

326 3938 503 3986 teram
541 3947 609 3986 ex
647 3936 801 3999 parte
841 3931 1204 3998 spectantium
1242 3930 1665 3996 conspiceretur,
1701 3929 1878 3981 locum
1916 3928 2132 3981 honoris
2170 3934 2402 3984 teneret.
2475 3930 2642 3983 Hunc

272 4067 281 4076 ,
326 4010 505 4064 locum
554 4011 741 4076 itaque
791 4009 1029 4063 habebat
1062 4008 1351 4074 Pontifex,
1402 4024 1564 4074 quum
1602 4012 1916 4074 spectantes
1955 4008 2024 4060 ad
2062 4006 2300 4074 ipsorum
2351 4008 2634 4062 dexteram

326 4087 587 4143 viderent
611 4088 951 4153 Pontificem,
988 4103 1174 4156 regem
1212 4103 1345 4141 vero
1374 4087 1443 4140 ad
1472 4086 1766 4140 sinistram.
1828 4085 1894 4138 V.
1923 4085 2181 4140 L’ultimo
2210 4085 2297 4141 dei
2335 4101 2395 4140 re
2419 4086 2642 4155 Longo-

326 4165 483 4220 bardi
518 4168 556 4220 l.
595 4183 639 4221 c.
679 4183 729 4234 p.
769 4169 888 4231 682,
925 4172 1059 4221 nota
1093 4168 1144 4221 2.
