3270 5028
1105 463 1188 518 De
1227 463 1464 518 divortio
1500 464 1751 519 Lotharii
1787 466 1953 534 regis
2580 471 2683 520 235

371 602 512 670 tum
561 629 638 671 ex
672 605 802 670 illis
837 604 1146 687 episcopis
1179 603 1379 688 (octo)
1425 608 1780 690 oppositam
1825 609 2216 672 sententiam
2252 607 2423 671 edito
2470 608 2683 671 libello

304 798 312 811 ἱ
371 703 803 768 vindicarunt.
812 698 859 782 1)

448 915 456 921 ,
554 852 651 915 17.
709 851 845 926 Qua
890 850 1143 914 ratione
1201 849 1293 913 illi
1354 851 1631 935 episcopi
1689 853 1757 916 in
1815 853 1935 916 hac
1981 875 2169 917 causa
2222 877 2290 918 se
2344 853 2662 938 gesserint

344 951 503 1033 jam
551 948 941 1012 advertatur.
1011 943 1239 1029 Servili
1287 948 1591 1033 obsequio
1637 949 1773 1033 regi
1816 949 2326 1031 obsecundantes
2374 952 2449 1014 de
2492 969 2681 1030 quac·

373 1043 580 1127 stione
612 1042 811 1132 [acti
867 1045 1004 1107 sine
1062 1065 1212 1107 vera
1276 1045 1659 1127 probatione
1726 1068 1797 1108 ac
1860 1047 2362 1129 praecipitanter
2426 1042 2706 1111 senten-

373 1143 528 1206 tiam
573 1125 898 1218 tulerunt,
954 1139 1246 1203 videlicet
1292 1141 1697 1225 inquinatam
1755 1163 1890 1206 esse
1938 1142 2372 1226 Teutbergam
2433 1144 2682 1207 incestu

373 1243 529 1302 ante
585 1237 1068 1302 matrimonium
1128 1258 1272 1300 cum
1328 1237 1530 1301 fratre
1583 1239 1937 1303 commisso,
2033 1238 2208 1302 Hinc
2266 1260 2405 1301 eam
2459 1240 2682 1322 poeni-

370 1335 617 1399 tentiae
688 1333 1099 1408 addixerunt,
1182 1355 1494 1416 usumque
1566 1336 1959 1399 matrimonii
2035 1336 2331 1399 illicitum
2398 1358 2683 1418 pronun-

370 1433 653 1513 tiarunt,
729 1453 924 1514 quum
989 1431 1181 1513 juxta
1248 1429 1570 1494 Ecclesiae
1643 1430 2043 1514 disciplinam
2116 1433 2169 1494 is
2245 1433 2683 1514 poenitentiae

370 1528 750 1611 mancipatis
794 1527 1235 1591 interdicatur.
1331 1525 1704 1591 Guntherus
1754 1530 2125 1610 praesertim
2182 1528 2307 1593 ista
2361 1530 2429 1592 in
2492 1551 2684 1593 causa

370 1625 644 1708 pessime
717 1624 875 1708 egit3
945 1623 1255 1707 figmenta
1321 1624 1489 1686 enim
1559 1624 1871 1706 quaedam
1932 1624 2209 1708 juridica
2277 1625 2351 1688 ad
2426 1630 2683 1688 senten-

371 1723 530 1787 tiam
588 1726 840 1785 contrav
872 1720 1162 1804 reginam
1224 1719 1552 1783 ferendam
1612 1721 1963 1804 congessit,
2030 1721 2439 1804 reliquosque
2506 1742 2684 1804 prae·

371 1819 537 1882 sules
605 1818 873 1901 ignavos
942 1816 1021 1880 ad
1089 1838 1234 1880 suas
1302 1821 1518 1898 partes
1585 1813 1863 1899 traxit.2)
1934 1852 2016 1861 -—
2084 1812 2288 1893 Quum
2353 1840 2501 1881 vero
2568 1839 2678 1881 rex

373 1916 609 1978 alteras
684 1916 942 1996 nuptias
1015 1935 1160 1977 cum
1230 1912 1576 1976 Waldrada
1646 1914 2000 1978 concubina
2068 1913 2510 1977 vehementius
2582 1936 2683 1977 ex·

372 2014 643 2095 peteret,
708 2010 999 2105 Qbat
1062 2008 1355 2099 Quaestio
1402 2008 1614 2099 juriS,
1689 2017 1908 2075 utrum
1979 2011 2286 2075 dissoluta
2356 2013 2752 2198 anteriorek

2669 904 2735 950 ’c

902 2094 995 2103 ...η-ω-
1020 2094 1043 2099 μ

372 2129 515 2172 cum
580 2107 947 2191 Teutberga
1012 2107 1277 2183 unione,
1347 2107 1830 2171 matrimonium
1891 2129 2030 2171 cum
2091 2108 2313 2190 pellice
2379 2107 2681 2172 Lothario

370 2205 612 2268 liceret.
716 2202 1057 2268 Difficilior
1119 2209 1186 2266 et
1253 2203 1579 2286 implicata
1648 2205 1944 2286 apparuit
2005 2205 2117 2267 illa
2184 2205 2503 2287 quaestio,
2573 2205 2682 2268 sed

372 2301 693 2383 praesules
757 2299 876 2362 sibi
941 2299 1060 2362 visi
1120 2304 1273 2363 sunt
1330 2300 1398 2362 in
1449 2297 1782 2382 Scriptura
1836 2305 1901 2364 et
1960 2302 2029 2363 in
2085 2300 2412 2364 Ecclesiae
2468 2301 2680 2365 decre-

375 2397 461 2460 tis
530 2397 741 2478 plura‚
778 2397 1099 2478 invenire,
1174 2418 1249 2459 ex
1328 2395 1561 2480 quibus
1641 2397 2071 2479 collegerunt,
2155 2398 2408 2460 irritum
2484 2398 2683 2461 fuisse

377 2492 853 2559 matrimonium
919 2492 1212 2558 Lotharii
1277 2516 1417 2557 cum
1483 2491 1848 2578 Teutberga
1912 2495 1991 2558 ob
2066 2494 2316 2558 foedam
2387 2494 2681 2577 pollutio-

328 2613 554 2669 ·nem,
609 2612 801 2675 quam
859 2590 1099 2655 femina
1158 2596 1311 2654 ante
1366 2591 1755 2674 commiserit
1800 2592 1902 2655 vel
1963 2614 2147 2675 passa
2208 2591 2435 2668 fuerit,
2499 2592 2684 2654 alias·

375 2710 499 2771 que
548 2687 807 2770 nuptias
850 2687 990 2771 regi
1037 2688 1245 2751 licere.
1335 2685 1414 2749 In
1464 2709 1578 2750 sua
1624 2684 1962 2751 Sententia
2017 2689 2190 2752 inter
2243 2689 2370 2751 alia
2426 2687 2678 2751 dicunt:

376 2782 756 2861 „Feminam
813 2784 937 2848 sibi
995 2782 1359 2865 (Lothario)
1418 2786 1632 2848 uxoris
1692 2785 1953 2848 nomine
2014 2791 2079 2848 et
2140 2785 2430 2867 improbo
2492 2806 2679 2849 cona-

375 2882 547 2944 mine
592 2882 896 2965 injectam
942 2881 1158 2963 potius
1215 2901 1404 2963 quam
1464 2881 1754 2962 legitime
1798 2882 2206 2964 conjunctam
2263 2880 2548 2963 pluribus
2596 2880 2682 2942 di-

378 2978 640 3042 dicimus
703 2977 1131 3055 documentiS‚
1193 2982 1260 3039 et
1317 2978 1660 3060 conjugem
1719 2998 1854 3039 esse
1918 2998 2045 3039 non
2111 2977 2429 3059 potuisse,
2488 2998 2678 3058 quam

560 3257 604 3325 ¹)
643 3256 754 3309 Cfr.
793 3255 975 3309 Labbe
1015 3255 1079 3307 T.
1114 3254 1269 3307 VIII.
1307 3272 1358 3321 p.
1400 3256 1500 3307 738
1539 3269 1653 3320 sqq.
1703 3284 1768 3288 -ffi
1813 3254 1879 3305 In
1926 3252 2111 3306 libello
2160 3254 2534 3321 episcoporum
2574 3256 2686 3308 dis·

379 3336 735 3391 sentientium
773 3335 1052 3403 singulare
1079 3334 1315 3387 habetur
1352 3334 1527 3399 quoad
1555 3339 1860 3399 temporum
1888 3348 2063 3386 mores
2088 3333 2479 3387 testimonium.
2541 3335 2683 3387 Dum

376 3416 637 3482 probant,
691 3413 906 3467 luxuria
961 3419 1089 3467 ante
1143 3412 1546 3466 matrimonium
1605 3411 1895 3466 commissa
1949 3427 2056 3465 non
2111 3412 2289 3464 dirimi
2347 3413 2684 3479 subsequens

377 3492 809 3556 matrimonium,
876 3492 1145 3545 scribunt:
1215 3491 1505 3559 „Alioquin
1562 3490 1608 3543 si
1665 3506 2028 3557 quaecumque
2084 3490 2499 3545 committuntur
2553 3497 2715 3612 antes

378 3574 600 3641 nuptias
654 3577 943 3640 postquam
993 3578 1219 3639 nuptum
1267 3571 1434 3625 fuerit
1483 3571 1539 3622 in
1583 3568 1805 3623 crimine
1858 3569 2233 3634 detineantur,
2290 3569 2518 3623 licentia
2573 3586 2716 3624 non,

377 3652 590 3706 modica
625 3651 884 3705 tribuitur
931 3657 986 3705 et
1022 3651 1142 3704 viro
1188 3655 1246 3704 et
1289 3649 1503 3704 mulieri
1549 3648 1798 3703 solvendi
1843 3641 2263 3701 matrimoniu'm.
2337 3650 2416 3702 Ut
2464 3650 2529 3703 de
2569 3653 2722 3728 mu—'g

378 3730 604 3785 lieribus
653 3736 890 3793 taceam,
947 3745 1106 3783 rarus
1156 3734 1252 3782 aut
1302 3729 1483 3782 nullus
1535 3732 1616 3781 est
1663 3726 1777 3791 vir,
1834 3726 1926 3793 qui
1978 3743 2094 3779 cum
2145 3743 2313 3781 uxore
2353 3728 2512 3795 virgo
2559 3741 2720 3781 con-t

378 3810 617 3863 veniat.“
693 3810 756 3862 L.
798 3826 841 3863 c.
878 3825 930 3876 p.
969 3811 1086 3861 752.

557 3887 601 3955 ²)
636 3888 968 3942 Perhibetur
993 3888 1304 3941 Guntherus
1331 3903 1364 3940 a
1387 3886 1648 3940 Lothario
1688 3886 1944 3939 seductus
1983 3900 2104 3939 esse
2133 3883 2502 3951 promissione,
2542 3889 2690 3966 quod¹

382 3968 607 4021 dimissa
643 3967 958 4035 Teutberga
994 3972 1214 4035 neptem
1249 3965 1398 4018 illius
1436 3981 1656 4019 uxorem
1694 3966 1929 4018 duceret.
2004 3964 2115 4017 Res
2153 3972 2337 4018 tamen
2374 3965 2538 4019 dubia
2576 3970 2684 4032 est,

380 4048 526 4100 haud
563 4045 705 4100 enim
741 4051 963 4113 poterat
999 4045 1312 4112 episcopum
1347 4044 1547 4108 latere,
1596 4060 1779 4111 regem
1829 4042 2042 4097 inhiare
2080 4042 2287 4110 nuptiis
2334 4059 2452 4096 cum
2492 4044 2681 4097 Wald-

381 4128 513 4179 rada
551 4125 846 4179 concubina
871 4123 1273 4178 contrahendis
1331 4123 1438 4176 Cfr.
1477 4123 1720 4189 Sdralek,
1756 4122 2068 4175 Hinkmar's
2094 4138 2199 4175 von
2226 4122 2449 4177 Rheims
2485 4125 2685 4177 kanon.

382 4206 695 4259 Gutachten
733 4208 834 4259 etc.
872 4220 925 4271 p.
964 4206 1048 4257 60.

2739 849 2797 890 Pr
2798 849 2989 891 aesulum

2740 910 3010 952 onniventia.
