3270 5028
906 475 989 529 De
1027 474 1405 530 Decretalibus
1442 473 2030 528 Pseudo-Isidoi·iz³⁴nis⁸
2523 476 2626 528 285

310 618 646 701 speciatim
720 619 907 702 plura
975 616 1199 694 habet,
1285 618 1520 701 quibus
1593 615 1865 680 nimium
1939 614 2289 698 amplificat
2362 615 2626 680 Pontifi-

314 735 456 779 cum
536 714 993 780 Romanorum
1040 713 1415 797 potentiam.
1538 713 1760 797 Atque
1828 712 1987 777 haec
2054 734 2197 777 cum
2263 713 2340 777 cl.
2415 712 2479 777 O.
2527 711 2626 778 De

256 810 531 876 ‘Smedt
581 811 680 875 ‘ad
756 814 1036 895 quatuor
1112 810 1325 893 capita
1399 811 1703 875 reducere
1777 808 2015 874 licebit.
2121 805 2189 871 1⁰
2263 808 2433 873 Illud
2509 811 2628 875 fre·

309 913 589 992 quenter
654 914 843 992 urget
918 907 1334 991 principium,
1409 908 1697 986 „nullum
1771 906 2142 983 concilium,
2218 906 2411 969 etiam
2488 929 2629 989 pro-

312 1004 615 1081 vinciale,
694 1003 1000 1070 celebrari
1078 1004 1263 1086 posse
1341 1003 1586 1088 absque
1661 1023 1973 1068 consensu
2052 1001 2328 1065 Romani
2406 1001 2629 1067 Ponti-

311 1101 515 1165 ficis.“
563 1135 647 1146 ---
700 1097 771 1164 2⁰
818 1097 1098 1177 Statuit,
1152 1103 1378 1164 contra
1435 1121 1714 1165 canones
1761 1096 2200 1177 Sardicenses,
2258 1099 2628 1183 „episcopos

311 1198 392 1264 ad
470 1197 832 1263 Romanum
904 1196 1283 1261 Pontificem
1357 1196 1680 1281 appellare
1754 1217 1966 1279 posse,
2039 1215 2195 1260 non'
2247 1196 2452 1260 solum
2519 1197 2626 1263 ubi

310 1318 351 1359 a
411 1294 655 1378 synodo
723 1293 1100 1378 provinciali
1159 1294 1402 1378 injuste
1468 1314 1536 1357 se
1581 1293 2072 1378 *condemnatos
2136 1291 2626 1371 contenderent,

307 1393 423 1457 sed
491 1396 558 1456 et
626 1394 779 1455 ante
845 1412 1035 1455 omne
1105 1389 1475 1474 hujusmodi
1548 1389 1778 1473 synodi
1843 1387 2184 1473 judicium,
2260 1389 2311 1452 si
2379 1388 2626 1472 judices

310 1490 467 1574 ipsis
530 1488 758 1553 infesti
815 1488 916 1552 vel
988 1488 1264 1570 suspecti
1336 1488 1569 1551 essent.
1682 1484 1820 1548 Imo
1899 1483 2426 1569 quandocumque
2502 1487 2625 1569 epi·

306 1587 484 1670 scopi
546 1588 925 1649 accusentur
985 1583 1255 1668 alicujus
1310 1583 1624 1661 criminis,
1697 1582 1867 1666 quod
1930 1584 2364 1663 consequatur
2423 1604 2627 1665 poena

306 1681 753 1767 depositionis,
823 1680 1067 1763 synodo
1138 1680 1516 1764 provinciali
1580 1682 1944 1762 competere
2006 1680 2265 1741 tantum
2324 1677 2626 1743 informa·

305 1782 557 1845 tionem
618 1799 876 1853 causae,
944 1782 1010 1842 et
1070 1778 1451 1841 relationem
1502 1775 1847 1861 juridicam
1903 1771 2285 1838 mittendam
2347 1796 2482 1840 esse
2543 1777 2620 1841 ad

313 1876 679 1940 Romanum
725 1874 1141 1951 Pontificem,
1204 1873 1313 1958 qui
1357 1875 1530 1938 solus
1585 1874 1695 1957 jus
1738 1872 1980 1936 habeat
2033 1870 2430 1936 definitivam
2482 1894 2622 1938 sen-

305 1975 584 2037 tentiam
644 1969 955 2036 ferendi.“
1072 1969 1519 2054 Depositiones
1593 1970 1768 2034 enim
1830 1968 2279 2051 episcoporum
2344 1990 2478 2033 esse
2545 1992 2622 2033 ex

305 2066 528 2133 causis
587 2066 948 2151 majoribus
998 2066 1360 2133 deferendis
1421 2067 1499 2131 ad
1557 2071 1849 2131 sanctam
1897 2062 2146 2128 Sedem.
2240 2062 2367 2130 Sed
2430 2067 2622 2131 etiam

310 2166 827 2249 presbyterorum
905 2163 1368 2249 appellationes
1451 2163 1531 2227 ad
1606 2162 1833 2229 Sedem
1911 2163 2350 2244 Apostolicam
2434 2163 2623 2248 dirigi

306 2268 377 2328 et
422 2262 504 2326 ab
548 2284 624 2325 ea
679 2262 915 2344 suscipi
963 2281 1175 2345 posse3
1235 2281 1434 2343 quum
1479 2262 1751 2344 antiqua
1808 2257 2145 2342 disciplina
2200 2280 2422 2325 causas
2467 2261 2619 2326 cleri

306 2359 573 2424 secundi
656 2357 900 2423 ordinis
984 2353 1294 2441 episcopis
1371 2360 1438 2421 et
1510 2355 2031 2440 metropolitanis
2115 2355 2456 2440 adjudicet.
2539 2394 2618 2403 -

308 2456 378 2520 30
458 2453 733 2537 Statuit,
808 2455 1138 2535 „Romano
1215 2452 1547 2530 Pontifici,
1631 2459 1857 2539 utpote
1934 2451 2232 2519 omnibus
2312 2454 2620 2539 episcopis

304 2553 652 2637 superiori,
720 2553 972 2617 nullum
1031 2573 1167 2616 esse
1218 2551 1499 2637 judicem
1562 2560 1823 2636 praeter
1886 2554 2159 2620 Deum.“
2221 2588 2306 2597 --
2368 2551 2439 2615 4⁰
2499 2552 2619 2616 As-

304 2651 495 2728 serit,
561 2650 929 2734 „episcopos
997 2651 1255 2728 vocatos
1318 2668 1456 2713 esse
1521 2649 1590 2712 in
1658 2653 1903 2733 partem
1972 2649 2423 2718 sollicitudinis
2488 2647 2619 2714 Ro-

306 2747 484 2811 mani
550 2746 910 2830 PontificiS,
980 2744 1152 2810 unde
1221 2748 1635 2827 sequeretur,
1705 2768 1812 2811 eos
1883 2749 2143 2813 nonnisi
2211 2751 2285 2811 ut
2352 2746 2619 2811 vicarios

302 2844 508 2927 ipsius
555 2843 885 2907 habendos
934 2863 1100 2920 esse,
1156 2841 1324 2925 quod
1381 2845 1478 2905 est
1524 2845 1753 2907 contra
1799 2844 2085 2910 divinam
2131 2844 2616 2908 institutionem

303 2939 548 3004 ordinis
610 2940 1042 3022 episcopaliS.“
1063 2935 1111 3020 1)
1170 2974 1259 2984 —
1327 2936 1518 3001 Hisce
1582 2939 1787 3023 igitur
1850 2942 2226 3025 praesertim
2289 2941 2618 3025 principiis

304 3035 374 3098 in
437 3035 840 3120 disciplinam
901 3035 1314 3110 introductis,
1385 3040 1657 3100 censent
1713 3058 1851 3101 eam
1910 3060 2022 3122 per
2086 3036 2615 3104 Pseudo-Isidori

308 3132 677 3198 Decretales
724 3133 1138 3197 vehementer
1199 3131 1602 3197 immutatam
1665 3133 1893 3213 fuisse,
1955 3139 2149 3220 atque
2214 3136 2294 3200 ab
2350 3135 2618 3220 antiqua

302 3229 645 3313 disciplina
694 3231 972 3294 maxime
1019 3229 1294 3295 differre.

487 3371 589 3435 74.
636 3370 785 3436 Ja'm
825 3371 983 3437 haec
1028 3373 1362 3457 aliquanto
1416 3373 1775 3438 accuratius
1821 3373 2280 3456 expendemus,
2335 3375 2427 3437 ita
2480 3374 2617 3457 qui·

302 3466 453 3531 dem
512 3472 584 3531 ut
639 3473 776 3532 tum
832 3468 1147 3552 principia
1203 3472 1281 3535 de
1338 3470 1620 3555 primatu
1677 3491 1752 3535 ac
1801 3469 1878 3534 de
1935 3470 2319 3535 auctoritate
2380 3468 2617 3535 Roma·

305 3585 538 3628 norum
584 3565 970 3629 Pontificum
1025 3567 1404 3646 innuamuS,
1468 3571 1609 3632 tum
1668 3566 2156 3652 applicationem
2207 3566 2450 3651 jurium
2504 3589 2619 3650 per

303 3661 763 3729 antecedentia
831 3663 1083 3727 saecula
1138 3665 1625 3731 consideremus.
1690 3701 1779 3710 —
1847 3664 2167 3748 Imprimis
2228 3668 2442 3729 autem
2508 3664 2616 3727 ad·
2656 3666 2957 3711 Observanda.

307 3758 687 3823 vertendum
748 3764 872 3837 est,
935 3762 1248 3844 quaedam
1312 3783 1390 3825 ex
1445 3763 1524 3826 iis
1579 3785 1743 3847 quae
1804 3762 1976 3826 hisce
2046 3765 2448 3840 asseruntur,
2520 3762 2615 3826 uti

302 3875 387 3916 ex
447 3853 731 3920 dicendis
794 3857 1159 3943 colligetur,
1226 3879 1358 3922 esse
1425 3863 1815 3944 exaggerata
1877 3864 1942 3923 et
2005 3859 2215 3923 minus
2262 3879 2408 3923 vere
2468 3880 2615 3942 pro·

304 3950 461 4014 lata.
570 3952 719 4017 Alia
783 3957 999 4018 autem
1062 3959 1355 4038 spectant
1419 3955 1894 4040 dispositiones,
1966 3977 2129 4039 quae
2201 3954 2410 4041 quoad
2473 3955 2614 4019 sub·

485 4210 532 4278 ²)
568 4210 634 4264 V.
676 4211 732 4265 C.
772 4212 855 4267 De
893 4212 1080 4267 Smedt
1117 4213 1153 4267 1.
1194 4229 1237 4266 c.
1275 4229 1325 4282 p.
1369 4215 1487 4269 187.
