<?xml version="1.0" encoding="UTF-8"?>
<!DOCTYPE html PUBLIC "-//W3C//DTD XHTML 1.0 Transitional//EN"
    "http://www.w3.org/TR/xhtml1/DTD/xhtml1-transitional.dtd">
<html xmlns="http://www.w3.org/1999/xhtml" xml:lang="en" lang="en">
 <head>
  <title>
</title>
<meta http-equiv="Content-Type" content="text/html;charset=utf-8" />
  <meta name='ocr-system' content='tesseract 3.04.00' />
  <meta name='ocr-capabilities' content='ocr_page ocr_carea ocr_par ocr_line ocrx_word'/>
</head>
<body>
  <div class='ocr_page' id='page_1' title='image "./dissertationess04junggoog_0259.png"; bbox 0 0 3270 5028; ppageno 0'>
   <div class='ocr_carea' id='block_1_1' title="bbox 962 447 2636 517">
    <p class='ocr_par' dir='ltr' id='par_1_1' title="bbox 962 447 2636 517">
     <span class='ocr_line' id='line_1_1' title="bbox 962 447 2636 517; baseline 0.001 -2"><span class='ocrx_word' id='word_1_1' title='bbox 962 463 1045 516; x_wconf 89' lang='lat' dir='ltr'>De</span> <span class='ocrx_word' id='word_1_2' title='bbox 1086 479 1250 516; x_wconf 85' lang='lat' dir='ltr'>causa</span> <span class='ocrx_word' id='word_1_3' title='bbox 1285 462 1570 517; x_wconf 88' lang='lat' dir='ltr'>Hincmari</span> <span class='ocrx_word' id='word_1_4' title='bbox 1606 461 1996 517; x_wconf 77' lang='lat' dir='ltr'>LaudunensiS.</span> <span class='ocrx_word' id='word_1_5' title='bbox 2529 447 2636 516; x_wconf 71' lang='lat'>2‘53</span> 
     </span>
    </p>
   </div>
   <div class='ocr_carea' id='block_1_2' title="bbox 323 601 2682 1363">
    <p class='ocr_par' dir='ltr' id='par_1_2' title="bbox 326 601 2637 689">
     <span class='ocr_line' id='line_1_2' title="bbox 326 601 2637 689; baseline -0.001 -19"><span class='ocrx_word' id='word_1_6' title='bbox 326 603 723 687; x_wconf 74' lang='lat' dir='ltr'>opusculum</span> <span class='ocrx_word' id='word_1_7' title='bbox 771 602 1253 686; x_wconf 69' lang='lat' dir='ltr'><strong><em>quinquaqinta</em></strong></span> <span class='ocrx_word' id='word_1_8' title='bbox 1286 601 1668 685; x_wconf 74' lang='lat' dir='ltr'>Capitum‚¹)</span> <span class='ocrx_word' id='word_1_9' title='bbox 1720 626 1846 687; x_wconf 93' lang='lat' dir='ltr'>quo</span> <span class='ocrx_word' id='word_1_10' title='bbox 1878 603 2472 669; x_wconf 79' lang='lat' dir='ltr'>subordinationem</span> <span class='ocrx_word' id='word_1_11' title='bbox 2506 607 2637 689; x_wconf 88' lang='lat' dir='ltr'>epi·</span> 
     </span>
    </p>

    <p class='ocr_par' dir='ltr' id='par_1_3' title="bbox 323 694 2682 1363">
     <span class='ocr_line' id='line_1_3' title="bbox 325 694 2632 785; baseline -0 -20"><span class='ocrx_word' id='word_1_12' title='bbox 325 723 658 785; x_wconf 90' lang='lat' dir='ltr'>scoporum</span> <span class='ocrx_word' id='word_1_13' title='bbox 730 702 848 764; x_wconf 89' lang='lat' dir='ltr'>sub</span> <span class='ocrx_word' id='word_1_14' title='bbox 919 694 1328 784; x_wconf 77' lang='lat' dir='ltr'>metropolita</span> <span class='ocrx_word' id='word_1_15' title='bbox 1388 699 1693 764; x_wconf 89' lang='lat' dir='ltr'>vindicat.</span> <span class='ocrx_word' id='word_1_16' title='bbox 1796 699 2007 763; x_wconf 86' lang='lat' dir='ltr'>Etiam</span> <span class='ocrx_word' id='word_1_17' title='bbox 2070 700 2204 782; x_wconf 90' lang='lat' dir='ltr'>ipse</span> <span class='ocrx_word' id='word_1_18' title='bbox 2258 703 2632 784; x_wconf 83' lang='lat' dir='ltr'>praesertim</span> 
     </span>
     <span class='ocr_line' id='line_1_4' title="bbox 323 795 2637 882; baseline -0.001 -20"><span class='ocrx_word' id='word_1_19' title='bbox 323 820 457 882; x_wconf 86' lang='lat' dir='ltr'>cap.</span> <span class='ocrx_word' id='word_1_20' title='bbox 517 797 659 862; x_wconf 89' lang='lat' dir='ltr'>XV.</span> <span class='ocrx_word' id='word_1_21' title='bbox 721 796 1086 862; x_wconf 88' lang='lat' dir='ltr'>Decretales</span> <span class='ocrx_word' id='word_1_22' title='bbox 1149 798 1362 882; x_wconf 87' lang='lat' dir='ltr'>plures</span> <span class='ocrx_word' id='word_1_23' title='bbox 1426 796 1706 861; x_wconf 86' lang='lat' dir='ltr'>Pseudo·</span> <span class='ocrx_word' id='word_1_24' title='bbox 1718 795 1942 861; x_wconf 84' lang='lat' dir='ltr'>Isidori</span> <span class='ocrx_word' id='word_1_25' title='bbox 2005 796 2211 861; x_wconf 86' lang='lat' dir='ltr'>affert.</span> <span class='ocrx_word' id='word_1_26' title='bbox 2315 796 2637 881; x_wconf 79' lang='lat' dir='ltr'>Supponit</span> 
     </span>
     <span class='ocr_line' id='line_1_5' title="bbox 325 830 2682 978; baseline 0 -22"><span class='ocrx_word' id='word_1_27' title='bbox 325 915 476 958; x_wconf 84' lang='lat' dir='ltr'>vero</span> <span class='ocrx_word' id='word_1_28' title='bbox 539 916 750 958; x_wconf 90' lang='lat' dir='ltr'>errore</span> <span class='ocrx_word' id='word_1_29' title='bbox 811 894 1115 978; x_wconf 88' lang='lat' dir='ltr'>quodam,</span> <span class='ocrx_word' id='word_1_30' title='bbox 1186 896 1257 959; x_wconf 91' lang='lat' dir='ltr'>in</span> <span class='ocrx_word' id='word_1_31' title='bbox 1318 892 1711 958; x_wconf 80' lang='lat' dir='ltr'>Collectione</span> <span class='ocrx_word' id='word_1_32' title='bbox 1770 894 2058 978; x_wconf 84' lang='lat' dir='ltr'>genuina</span> <span class='ocrx_word' id='word_1_33' title='bbox 2116 894 2343 958; x_wconf 85' lang='lat' dir='ltr'>Isidori</span> <span class='ocrx_word' id='word_1_34' title='bbox 2404 830 2682 976; x_wconf 64' lang='lat' dir='ltr'>Hispa-i</span> 
     </span>
     <span class='ocr_line' id='line_1_6' title="bbox 324 989 2637 1074; baseline 0 -20"><span class='ocrx_word' id='word_1_35' title='bbox 324 992 522 1055; x_wconf 84' lang='lat' dir='ltr'>lensis</span> <span class='ocrx_word' id='word_1_36' title='bbox 569 1012 673 1054; x_wconf 88' lang='lat' dir='ltr'>eas</span> <span class='ocrx_word' id='word_1_37' title='bbox 722 990 963 1053; x_wconf 90' lang='lat' dir='ltr'>haberi.</span> <span class='ocrx_word' id='word_1_38' title='bbox 1059 989 1330 1074; x_wconf 81' lang='lat' dir='ltr'>Nepotis</span> <span class='ocrx_word' id='word_1_39' title='bbox 1377 993 1592 1054; x_wconf 89' lang='lat' dir='ltr'>autem</span> <span class='ocrx_word' id='word_1_40' title='bbox 1651 990 2089 1054; x_wconf 82' lang='lat' dir='ltr'>collectionem</span> <span class='ocrx_word' id='word_1_41' title='bbox 2138 1012 2271 1054; x_wconf 89' lang='lat' dir='ltr'>non</span> <span class='ocrx_word' id='word_1_42' title='bbox 2324 990 2475 1055; x_wconf 89' lang='lat' dir='ltr'>inde</span> <span class='ocrx_word' id='word_1_43' title='bbox 2521 992 2637 1054; x_wconf 91' lang='lat' dir='ltr'>im-</span> 
     </span>
     <span class='ocr_line' id='line_1_7' title="bbox 324 1084 2638 1171; baseline 0 -21"><span class='ocrx_word' id='word_1_44' title='bbox 324 1092 602 1171; x_wconf 81' lang='lat' dir='ltr'>pugnat,</span> <span class='ocrx_word' id='word_1_45' title='bbox 651 1087 821 1170; x_wconf 91' lang='lat' dir='ltr'>quod</span> <span class='ocrx_word' id='word_1_46' title='bbox 868 1086 1249 1151; x_wconf 88' lang='lat' dir='ltr'>documenta</span> <span class='ocrx_word' id='word_1_47' title='bbox 1279 1086 1628 1170; x_wconf 75' lang='lat' dir='ltr'>,supposita</span> <span class='ocrx_word' id='word_1_48' title='bbox 1674 1087 1923 1165; x_wconf 87' lang='lat' dir='ltr'>afferat,</span> <span class='ocrx_word' id='word_1_49' title='bbox 1968 1084 2076 1150; x_wconf 89' lang='lat' dir='ltr'>sed</span> <span class='ocrx_word' id='word_1_50' title='bbox 2123 1088 2400 1152; x_wconf 89' lang='lat' dir='ltr'>valorem</span> <span class='ocrx_word' id='word_1_51' title='bbox 2446 1109 2638 1152; x_wconf 87' lang='lat' dir='ltr'>cauo-</span> 
     </span>
     <span class='ocr_line' id='line_1_8' title="bbox 326 1182 2636 1267; baseline 0 -20"><span class='ocrx_word' id='word_1_52' title='bbox 326 1207 481 1247; x_wconf 88' lang='lat' dir='ltr'>num</span> <span class='ocrx_word' id='word_1_53' title='bbox 539 1205 611 1247; x_wconf 90' lang='lat' dir='ltr'>ac</span> <span class='ocrx_word' id='word_1_54' title='bbox 665 1184 879 1267; x_wconf 85' lang='lat' dir='ltr'>legum</span> <span class='ocrx_word' id='word_1_55' title='bbox 940 1184 1066 1247; x_wconf 90' lang='lat' dir='ltr'>illis</span> <span class='ocrx_word' id='word_1_56' title='bbox 1127 1182 1528 1248; x_wconf 83' lang='lat' dir='ltr'>documentis</span> <span class='ocrx_word' id='word_1_57' title='bbox 1584 1183 1890 1267; x_wconf 87' lang='lat' dir='ltr'>denegat,</span> <span class='ocrx_word' id='word_1_58' title='bbox 1955 1204 2029 1247; x_wconf 94' lang='lat' dir='ltr'>eo</span> <span class='ocrx_word' id='word_1_59' title='bbox 2083 1184 2253 1267; x_wconf 89' lang='lat' dir='ltr'>quod</span> <span class='ocrx_word' id='word_1_60' title='bbox 2307 1206 2441 1248; x_wconf 90' lang='lat' dir='ltr'>non</span> <span class='ocrx_word' id='word_1_61' title='bbox 2487 1207 2636 1249; x_wconf 92' lang='lat' dir='ltr'>con-</span> 
     </span>
     <span class='ocr_line' id='line_1_9' title="bbox 327 1279 2060 1363; baseline 0.001 -21"><span class='ocrx_word' id='word_1_62' title='bbox 327 1281 626 1344; x_wconf 84' lang='lat' dir='ltr'>venirent</span> <span class='ocrx_word' id='word_1_63' title='bbox 673 1301 810 1343; x_wconf 90' lang='lat' dir='ltr'>cum</span> <span class='ocrx_word' id='word_1_64' title='bbox 862 1279 1129 1345; x_wconf 88' lang='lat' dir='ltr'>decretis</span> <span class='ocrx_word' id='word_1_65' title='bbox 1178 1300 1557 1363; x_wconf 85' lang='lat' dir='ltr'>magnorum</span> <span class='ocrx_word' id='word_1_66' title='bbox 1606 1279 2060 1344; x_wconf 86' lang='lat' dir='ltr'>Conciliorum.</span> 
     </span>
    </p>
   </div>
   <div class='ocr_carea' id='block_1_3' title="bbox 360 686 752 708">
    <p class='ocr_par' dir='ltr' id='par_1_4' title="bbox 360 686 752 708">
     <span class='ocr_line' id='line_1_10' title="bbox 360 686 752 708; baseline 0 4320"><span class='ocrx_word' id='word_1_67' title='bbox 360 686 752 708; x_wconf 95' lang='lat' dir='ltr'> </span> 
     </span>
    </p>
   </div>
   <div class='ocr_carea' id='block_1_4' title="bbox 308 1419 2971 3557">
    <p class='ocr_par' dir='ltr' id='par_1_5' title="bbox 308 1419 2971 3531">
     <span class='ocr_line' id='line_1_11' title="bbox 503 1419 2736 1506; baseline 0.002 -24"><span class='ocrx_word' id='word_1_68' title='bbox 503 1421 608 1485; x_wconf 89' lang='lat'>40.</span> <span class='ocrx_word' id='word_1_69' title='bbox 666 1419 744 1482; x_wconf 92' lang='lat' dir='ltr'>In</span> <span class='ocrx_word' id='word_1_70' title='bbox 802 1420 1046 1502; x_wconf 86' lang='lat' dir='ltr'>synodo</span> <span class='ocrx_word' id='word_1_71' title='bbox 1107 1421 1532 1484; x_wconf 88' lang='lat' dir='ltr'>Attiniacensi</span> <span class='ocrx_word' id='word_1_72' title='bbox 1575 1419 1966 1483; x_wconf 87' lang='lat' dir='ltr'>Hincmarus</span> <span class='ocrx_word' id='word_1_73' title='bbox 2016 1420 2237 1503; x_wconf 84' lang='lat' dir='ltr'>junior</span> <span class='ocrx_word' id='word_1_74' title='bbox 2290 1422 2424 1506; x_wconf 84' lang='lat' dir='ltr'>regi</span> <span class='ocrx_word' id='word_1_75' title='bbox 2486 1421 2665 1487; x_wconf 68' lang='lat' dir='ltr'>fide-‘</span> <span class='ocrx_word' id='word_1_76' title='bbox 2731 1488 2736 1491; x_wconf 72' lang='grc'><strong>,</strong></span> 
     </span>
     <span class='ocr_line' id='line_1_12' title="bbox 325 1516 2637 1599; baseline 0 -18"><span class='ocrx_word' id='word_1_77' title='bbox 325 1518 576 1581; x_wconf 83' lang='lat' dir='ltr'>litatem</span> <span class='ocrx_word' id='word_1_78' title='bbox 632 1520 697 1580; x_wconf 90' lang='lat' dir='ltr'>et</span> <span class='ocrx_word' id='word_1_79' title='bbox 742 1516 1092 1581; x_wconf 90' lang='lat' dir='ltr'>Hincmaro</span> <span class='ocrx_word' id='word_1_80' title='bbox 1151 1516 1500 1581; x_wconf 85' lang='lat' dir='ltr'>Rhemensi</span> <span class='ocrx_word' id='word_1_81' title='bbox 1556 1517 2004 1599; x_wconf 86' lang='lat' dir='ltr'>metropolitae</span> <span class='ocrx_word' id='word_1_82' title='bbox 2064 1516 2495 1582; x_wconf 84' lang='lat' dir='ltr'>obedientiam</span> <span class='ocrx_word' id='word_1_83' title='bbox 2543 1541 2637 1582; x_wconf 88' lang='lat' dir='ltr'>se-</span> 
     </span>
     <span class='ocr_line' id='line_1_13' title="bbox 324 1613 2636 1696; baseline 0 -17"><span class='ocrx_word' id='word_1_84' title='bbox 324 1614 600 1679; x_wconf 88' lang='lat' dir='ltr'>cundum</span> <span class='ocrx_word' id='word_1_85' title='bbox 668 1635 877 1677; x_wconf 86' lang='lat' dir='ltr'>sacros</span> <span class='ocrx_word' id='word_1_86' title='bbox 941 1635 1217 1677; x_wconf 86' lang='lat' dir='ltr'>canones</span> <span class='ocrx_word' id='word_1_87' title='bbox 1293 1613 1611 1696; x_wconf 89' lang='lat' dir='ltr'>promisit;</span> <span class='ocrx_word' id='word_1_88' title='bbox 1688 1613 1932 1695; x_wconf 29' lang='lat' dir='ltr'>iterum,</span> <span class='ocrx_word' id='word_1_89' title='bbox 1985 1617 2201 1677; x_wconf 88' lang='lat' dir='ltr'>autem</span> <span class='ocrx_word' id='word_1_90' title='bbox 2263 1614 2340 1677; x_wconf 91' lang='lat' dir='ltr'>ad</span> <span class='ocrx_word' id='word_1_91' title='bbox 2407 1613 2636 1679; x_wconf 81' lang='lat' dir='ltr'>Sedem</span> 
     </span>
     <span class='ocr_line' id='line_1_14' title="bbox 326 1704 2638 1794; baseline 0 -20"><span class='ocrx_word' id='word_1_92' title='bbox 326 1710 760 1794; x_wconf 87' lang='lat' dir='ltr'>Apostolicam</span> <span class='ocrx_word' id='word_1_93' title='bbox 819 1710 1184 1792; x_wconf 87' lang='lat' dir='ltr'>appellavit.</span> <span class='ocrx_word' id='word_1_94' title='bbox 1278 1706 1574 1773; x_wconf 89' lang='lat' dir='ltr'>Licentia</span> <span class='ocrx_word' id='word_1_95' title='bbox 1615 1708 1886 1773; x_wconf 84' lang='lat' dir='ltr'>Romam</span> <span class='ocrx_word' id='word_1_96' title='bbox 1946 1710 2381 1793; x_wconf 87' lang='lat' dir='ltr'>proficiscendi</span> <span class='ocrx_word' id='word_1_97' title='bbox 2419 1706 2471 1774; x_wconf 57' lang='lat' dir='ltr'>&#39;a</span> <span class='ocrx_word' id='word_1_98' title='bbox 2517 1704 2638 1776; x_wconf 79' lang='lat' dir='ltr'>Ca-</span> 
     </span>
     <span class='ocr_line' id='line_1_15' title="bbox 326 1804 2635 1881; baseline 0.001 -11"><span class='ocrx_word' id='word_1_99' title='bbox 326 1805 722 1871; x_wconf 53' lang='lat' dir='ltr'>rol-‘&#39;Uaivo</span> <span class='ocrx_word' id='word_1_100' title='bbox 786 1804 952 1869; x_wconf 89' lang='lat' dir='ltr'>haud</span> <span class='ocrx_word' id='word_1_101' title='bbox 1030 1828 1324 1870; x_wconf 88' lang='lat' dir='ltr'>concessa</span> <span class='ocrx_word' id='word_1_102' title='bbox 1385 1811 1481 1870; x_wconf 89' lang='lat' dir='ltr'>est</span> <span class='ocrx_word' id='word_1_103' title='bbox 1554 1805 1936 1881; x_wconf 85' lang='lat' dir='ltr'>Hincmaro;</span> <span class='ocrx_word' id='word_1_104' title='bbox 2007 1811 2331 1870; x_wconf 86' lang='lat' dir='ltr'>caeterum</span> <span class='ocrx_word' id='word_1_105' title='bbox 2400 1807 2502 1872; x_wconf 89' lang='lat' dir='ltr'>hic</span> <span class='ocrx_word' id='word_1_106' title='bbox 2568 1809 2635 1872; x_wconf 91' lang='lat' dir='ltr'>in</span> 
     </span>
     <span class='ocr_line' id='line_1_16' title="bbox 325 1903 2634 1991; baseline 0.001 -25"><span class='ocrx_word' id='word_1_107' title='bbox 325 1903 613 1987; x_wconf 88' lang='lat' dir='ltr'>pluribus</span> <span class='ocrx_word' id='word_1_108' title='bbox 670 1907 744 1965; x_wconf 81' lang='lat' dir='ltr'>ut</span> <span class='ocrx_word' id='word_1_109' title='bbox 792 1903 1291 1990; x_wconf 47' lang='lat' dir='ltr'>vir-Qnmanimi</span> <span class='ocrx_word' id='word_1_110' title='bbox 1311 1903 1644 1991; x_wconf 87' lang='lat' dir='ltr'>irrequieti</span> <span class='ocrx_word' id='word_1_111' title='bbox 1703 1907 1766 1966; x_wconf 92' lang='lat' dir='ltr'>et</span> <span class='ocrx_word' id='word_1_112' title='bbox 1821 1903 2077 1967; x_wconf 86' lang='lat' dir='ltr'>levioris</span> <span class='ocrx_word' id='word_1_113' title='bbox 2138 1925 2277 1967; x_wconf 88' lang='lat' dir='ltr'>sese</span> <span class='ocrx_word' id='word_1_114' title='bbox 2334 1905 2634 1968; x_wconf 87' lang='lat' dir='ltr'>ostendit.</span> 
     </span>
     <span class='ocr_line' id='line_1_17' title="bbox 329 1998 2634 2082; baseline 0 -19"><span class='ocrx_word' id='word_1_115' title='bbox 329 1999 525 2063; x_wconf 90' lang='lat' dir='ltr'>Anno</span> <span class='ocrx_word' id='word_1_116' title='bbox 575 2000 697 2062; x_wconf 82' lang='lat'>871</span> <span class='ocrx_word' id='word_1_117' title='bbox 764 2001 832 2062; x_wconf 88' lang='lat' dir='ltr'>in</span> <span class='ocrx_word' id='word_1_118' title='bbox 898 1999 1143 2082; x_wconf 88' lang='lat' dir='ltr'>synodo</span> <span class='ocrx_word' id='word_1_119' title='bbox 1204 1998 1370 2082; x_wconf 89' lang='lat' dir='ltr'>apud</span> <span class='ocrx_word' id='word_1_120' title='bbox 1433 1998 1782 2062; x_wconf 88' lang='lat' dir='ltr'>Duziacum</span> <span class='ocrx_word' id='word_1_121' title='bbox 1843 1999 2067 2064; x_wconf 89' lang='lat' dir='ltr'>habita</span> <span class='ocrx_word' id='word_1_122' title='bbox 2125 2005 2264 2063; x_wconf 88' lang='lat' dir='ltr'>tum</span> <span class='ocrx_word' id='word_1_123' title='bbox 2325 2022 2436 2064; x_wconf 87' lang='lat' dir='ltr'>rex</span> <span class='ocrx_word' id='word_1_124' title='bbox 2498 2005 2634 2065; x_wconf 89' lang='lat' dir='ltr'>tum</span> 
     </span>
     <span class='ocr_line' id='line_1_18' title="bbox 328 2095 2634 2180; baseline 0 -20"><span class='ocrx_word' id='word_1_125' title='bbox 328 2095 709 2160; x_wconf 85' lang='lat' dir='ltr'>Hincmarus</span> <span class='ocrx_word' id='word_1_126' title='bbox 752 2095 1135 2159; x_wconf 86' lang='lat' dir='ltr'>Rhemensis</span> <span class='ocrx_word' id='word_1_127' title='bbox 1183 2096 1412 2159; x_wconf 88' lang='lat' dir='ltr'>iterum</span> <span class='ocrx_word' id='word_1_128' title='bbox 1461 2096 1701 2159; x_wconf 87' lang='lat' dir='ltr'>multas</span> <span class='ocrx_word' id='word_1_129' title='bbox 1746 2097 1812 2160; x_wconf 92' lang='lat' dir='ltr'>in</span> <span class='ocrx_word' id='word_1_130' title='bbox 1847 2095 2268 2161; x_wconf 86' lang='lat' dir='ltr'>Hincmarum</span> <span class='ocrx_word' id='word_1_131' title='bbox 2311 2098 2634 2180; x_wconf 87' lang='lat' dir='ltr'>juniorem</span> 
     </span>
     <span class='ocr_line' id='line_1_19' title="bbox 324 2186 2971 2301; baseline 0.001 -46"><span class='ocrx_word' id='word_1_132' title='bbox 324 2192 760 2256; x_wconf 86' lang='lat' dir='ltr'>accusationes</span> <span class='ocrx_word' id='word_1_133' title='bbox 809 2192 1238 2274; x_wconf 82' lang='lat' dir='ltr'>protulerunt,</span> <span class='ocrx_word' id='word_1_134' title='bbox 1287 2214 1360 2257; x_wconf 89' lang='lat' dir='ltr'>ac</span> <span class='ocrx_word' id='word_1_135' title='bbox 1402 2193 1677 2273; x_wconf 86' lang='lat' dir='ltr'>demum,</span> <span class='ocrx_word' id='word_1_136' title='bbox 1725 2194 2014 2275; x_wconf 88' lang='lat' dir='ltr'>quamvis</span> <span class='ocrx_word' id='word_1_137' title='bbox 2043 2192 2432 2257; x_wconf 86' lang='lat' dir='ltr'>Hincmarus</span> <span class='ocrx_word' id='word_1_138' title='bbox 2465 2193 2638 2259; x_wconf 90' lang='lat' dir='ltr'>Pon·</span> <span class='ocrx_word' id='word_1_139' title='bbox 2659 2186 2971 2301; x_wconf 44' lang='lat' dir='ltr'>ffissffiftiido’</span> 
     </span>
     <span class='ocr_line' id='line_1_20' title="bbox 326 2288 2637 2374; baseline 0.001 -23"><span class='ocrx_word' id='word_1_140' title='bbox 326 2289 561 2353; x_wconf 86' lang='lat' dir='ltr'>tificem</span> <span class='ocrx_word' id='word_1_141' title='bbox 621 2289 1003 2371; x_wconf 82' lang='lat' dir='ltr'>appellaret,</span> <span class='ocrx_word' id='word_1_142' title='bbox 1080 2289 1352 2373; x_wconf 86' lang='lat' dir='ltr'>episcopi</span> <span class='ocrx_word' id='word_1_143' title='bbox 1419 2288 1810 2352; x_wconf 88' lang='lat' dir='ltr'>sententiam</span> <span class='ocrx_word' id='word_1_144' title='bbox 1874 2291 2081 2374; x_wconf 85' lang='lat' dir='ltr'>rogati</span> <span class='ocrx_word' id='word_1_145' title='bbox 2148 2289 2330 2353; x_wconf 89' lang='lat' dir='ltr'>illum</span> <span class='ocrx_word' id='word_1_146' title='bbox 2397 2291 2637 2373; x_wconf 88' lang='lat' dir='ltr'>deposi-</span> 
     </span>
     <span class='ocr_line' id='line_1_21' title="bbox 325 2379 2638 2468; baseline 0.001 -20"><span class='ocrx_word' id='word_1_147' title='bbox 325 2386 503 2449; x_wconf 89' lang='lat' dir='ltr'>tione</span> <span class='ocrx_word' id='word_1_148' title='bbox 563 2384 829 2468; x_wconf 85' lang='lat' dir='ltr'>dignum</span> <span class='ocrx_word' id='word_1_149' title='bbox 895 2385 1225 2460; x_wconf 77' lang='lat' dir='ltr'>dixerunt,</span> <span class='ocrx_word' id='word_1_150' title='bbox 1285 2383 1462 2448; x_wconf 80' lang='lat' dir='ltr'>salvo</span> <span class='ocrx_word' id='word_1_151' title='bbox 1515 2404 1640 2466; x_wconf 79' lang='lat' dir='ltr'>per</span> <span class='ocrx_word' id='word_1_152' title='bbox 1699 2384 1920 2449; x_wconf 77' lang='lat' dir='ltr'>omnia</span> <span class='ocrx_word' id='word_1_153' title='bbox 1983 2383 2390 2466; x_wconf 77' lang='lat' dir='ltr'>Apostolicae</span> <span class='ocrx_word' id='word_1_154' title='bbox 2455 2379 2638 2451; x_wconf 72' lang='lat' dir='ltr'>Sedis</span> 
     </span>
     <span class='ocr_line' id='line_1_22' title="bbox 308 2438 2639 2567; baseline 0 -20"><span class='ocrx_word' id='word_1_155' title='bbox 308 2476 585 2564; x_wconf 74' lang='lat' dir='ltr'>judicio.</span> <span class='ocrx_word' id='word_1_156' title='bbox 629 2438 862 2547; x_wconf 58' lang='lat' dir='ltr'>oTunc</span> <span class='ocrx_word' id='word_1_157' title='bbox 907 2481 988 2545; x_wconf 90' lang='lat' dir='ltr'>ab</span> <span class='ocrx_word' id='word_1_158' title='bbox 1035 2480 1388 2547; x_wconf 76' lang='lat' dir='ltr'>&#39;Hincmaro</span> <span class='ocrx_word' id='word_1_159' title='bbox 1443 2480 1786 2547; x_wconf 84' lang='lat' dir='ltr'>Rhemensi</span> <span class='ocrx_word' id='word_1_160' title='bbox 1842 2481 2259 2567; x_wconf 89' lang='lat' dir='ltr'>depositionis</span> <span class='ocrx_word' id='word_1_161' title='bbox 2316 2485 2639 2549; x_wconf 82' lang='lat' dir='ltr'>sententia</span> 
     </span>
     <span class='ocr_line' id='line_1_23' title="bbox 328 2571 2640 2666; baseline 0 -24"><span class='ocrx_word' id='word_1_162' title='bbox 328 2571 461 2642; x_wconf 83' lang='lat' dir='ltr'>lata</span> <span class='ocrx_word' id='word_1_163' title='bbox 518 2583 643 2656; x_wconf 85' lang='lat' dir='ltr'>est,</span> <span class='ocrx_word' id='word_1_164' title='bbox 705 2583 771 2643; x_wconf 89' lang='lat' dir='ltr'>et</span> <span class='ocrx_word' id='word_1_165' title='bbox 832 2602 870 2642; x_wconf 88' lang='lat' dir='ltr'>a</span> <span class='ocrx_word' id='word_1_166' title='bbox 928 2578 1376 2662; x_wconf 87' lang='lat' dir='ltr'>praesentibus</span> <span class='ocrx_word' id='word_1_167' title='bbox 1436 2578 1745 2663; x_wconf 89' lang='lat' dir='ltr'>episcopis</span> <span class='ocrx_word' id='word_1_168' title='bbox 1805 2580 2080 2664; x_wconf 85' lang='lat' dir='ltr'>signata.</span> <span class='ocrx_word' id='word_1_169' title='bbox 2174 2580 2273 2644; x_wconf 93' lang='lat' dir='ltr'>De</span> <span class='ocrx_word' id='word_1_170' title='bbox 2328 2603 2397 2644; x_wconf 89' lang='lat' dir='ltr'>re</span> <span class='ocrx_word' id='word_1_171' title='bbox 2456 2587 2640 2666; x_wconf 83' lang='lat' dir='ltr'>gesta</span> 
     </span>
     <span class='ocr_line' id='line_1_24' title="bbox 327 2674 2636 2759; baseline -0 -20"><span class='ocrx_word' id='word_1_172' title='bbox 327 2676 600 2759; x_wconf 88' lang='lat' dir='ltr'>epistola</span> <span class='ocrx_word' id='word_1_173' title='bbox 651 2674 958 2757; x_wconf 84' lang='lat' dir='ltr'>synodica</span> <span class='ocrx_word' id='word_1_174' title='bbox 1003 2674 1274 2738; x_wconf 88' lang='lat' dir='ltr'>Romam</span> <span class='ocrx_word' id='word_1_175' title='bbox 1331 2675 1459 2739; x_wconf 90' lang='lat' dir='ltr'>fuit</span> <span class='ocrx_word' id='word_1_176' title='bbox 1512 2676 1703 2739; x_wconf 86' lang='lat' dir='ltr'>missa</span> <span class='ocrx_word' id='word_1_177' title='bbox 1759 2677 1839 2740; x_wconf 87' lang='lat' dir='ltr'>ab</span> <span class='ocrx_word' id='word_1_178' title='bbox 1886 2677 2241 2741; x_wconf 90' lang='lat' dir='ltr'>Hincmaro</span> <span class='ocrx_word' id='word_1_179' title='bbox 2288 2677 2636 2741; x_wconf 88' lang='lat' dir='ltr'>Rhemensi</span> 
     </span>
     <span class='ocr_line' id='line_1_25' title="bbox 326 2771 2638 2856; baseline -0 -20"><span class='ocrx_word' id='word_1_180' title='bbox 326 2772 433 2851; x_wconf 87' lang='lat' dir='ltr'>(ut</span> <span class='ocrx_word' id='word_1_181' title='bbox 480 2772 756 2852; x_wconf 85' lang='lat' dir='ltr'>videtur)</span> <span class='ocrx_word' id='word_1_182' title='bbox 801 2773 1107 2837; x_wconf 84' lang='lat' dir='ltr'>confecta.</span> <span class='ocrx_word' id='word_1_183' title='bbox 1192 2772 1295 2835; x_wconf 85' lang='lat' dir='ltr'>Ex</span> <span class='ocrx_word' id='word_1_184' title='bbox 1343 2771 1561 2837; x_wconf 89' lang='lat' dir='ltr'>eadem</span> <span class='ocrx_word' id='word_1_185' title='bbox 1609 2772 1951 2856; x_wconf 79' lang='lat' dir='ltr'>colligitur,</span> <span class='ocrx_word' id='word_1_186' title='bbox 1999 2774 2289 2856; x_wconf 82' lang='lat' dir='ltr'>quamvis</span> <span class='ocrx_word' id='word_1_187' title='bbox 2333 2772 2638 2838; x_wconf 86' lang='lat' dir='ltr'>Nicolaus</span> 
     </span>
     <span class='ocr_line' id='line_1_26' title="bbox 325 2868 2634 2952; baseline 0 -20"><span class='ocrx_word' id='word_1_188' title='bbox 325 2872 394 2932; x_wconf 90' lang='lat' dir='ltr'>in</span> <span class='ocrx_word' id='word_1_189' title='bbox 453 2891 644 2932; x_wconf 83' lang='lat' dir='ltr'>causa</span> <span class='ocrx_word' id='word_1_190' title='bbox 699 2868 1001 2933; x_wconf 87' lang='lat' dir='ltr'>Rothadii</span> <span class='ocrx_word' id='word_1_191' title='bbox 1064 2870 1199 2952; x_wconf 86' lang='lat' dir='ltr'>jam</span> <span class='ocrx_word' id='word_1_192' title='bbox 1269 2869 1459 2933; x_wconf 89' lang='lat' dir='ltr'>aliam</span> <span class='ocrx_word' id='word_1_193' title='bbox 1536 2868 1766 2952; x_wconf 83' lang='lat' dir='ltr'>agendi</span> <span class='ocrx_word' id='word_1_194' title='bbox 1839 2869 2155 2933; x_wconf 89' lang='lat' dir='ltr'>rationem</span> <span class='ocrx_word' id='word_1_195' title='bbox 2221 2891 2364 2933; x_wconf 91' lang='lat' dir='ltr'>cum</span> <span class='ocrx_word' id='word_1_196' title='bbox 2423 2873 2634 2933; x_wconf 85' lang='lat' dir='ltr'>aucto·</span> 
     </span>
     <span class='ocr_line' id='line_1_27' title="bbox 328 2964 2636 3049; baseline 0 -21"><span class='ocrx_word' id='word_1_197' title='bbox 328 2966 523 3029; x_wconf 86' lang='lat' dir='ltr'>ritate</span> <span class='ocrx_word' id='word_1_198' title='bbox 572 2964 985 3044; x_wconf 88' lang='lat' dir='ltr'>vindicasset,</span> <span class='ocrx_word' id='word_1_199' title='bbox 1042 2964 1459 3028; x_wconf 89' lang='lat' dir='ltr'>Hincmarum</span> <span class='ocrx_word' id='word_1_200' title='bbox 1519 2964 1807 3049; x_wconf 88' lang='lat' dir='ltr'>aliosque</span> <span class='ocrx_word' id='word_1_201' title='bbox 1864 2966 2191 3048; x_wconf 85' lang='lat' dir='ltr'>episcopos</span> <span class='ocrx_word' id='word_1_202' title='bbox 2238 2965 2447 3029; x_wconf 86' lang='lat' dir='ltr'>adhuc</span> <span class='ocrx_word' id='word_1_203' title='bbox 2493 2988 2636 3029; x_wconf 89' lang='lat' dir='ltr'>cum</span> 
     </span>
     <span class='ocr_line' id='line_1_28' title="bbox 331 3060 2639 3146; baseline 0 -21"><span class='ocrx_word' id='word_1_204' title='bbox 331 3061 605 3146; x_wconf 89' lang='lat' dir='ltr'>quadam</span> <span class='ocrx_word' id='word_1_205' title='bbox 653 3061 1006 3143; x_wconf 86' lang='lat' dir='ltr'>pertinacia</span> <span class='ocrx_word' id='word_1_206' title='bbox 1045 3060 1394 3125; x_wconf 86' lang='lat' dir='ltr'>inhaesisse</span> <span class='ocrx_word' id='word_1_207' title='bbox 1433 3061 1700 3144; x_wconf 75' lang='lat' dir='ltr'>reguli8‚</span> <span class='ocrx_word' id='word_1_208' title='bbox 1765 3082 1923 3144; x_wconf 88' lang='lat' dir='ltr'>quas</span> <span class='ocrx_word' id='word_1_209' title='bbox 1967 3082 2044 3125; x_wconf 85' lang='lat' dir='ltr'>ex</span> <span class='ocrx_word' id='word_1_210' title='bbox 2091 3061 2444 3127; x_wconf 87' lang='lat' dir='ltr'>canonibus</span> <span class='ocrx_word' id='word_1_211' title='bbox 2492 3060 2639 3126; x_wconf 84' lang='lat' dir='ltr'>Sar-</span> 
     </span>
     <span class='ocr_line' id='line_1_29' title="bbox 328 3155 2638 3225; baseline 0.001 -4"><span class='ocrx_word' id='word_1_212' title='bbox 328 3158 691 3222; x_wconf 88' lang='lat' dir='ltr'>dicensibus</span> <span class='ocrx_word' id='word_1_213' title='bbox 745 3156 1165 3222; x_wconf 88' lang='lat' dir='ltr'>deducebant.</span> <span class='ocrx_word' id='word_1_214' title='bbox 1264 3155 1574 3222; x_wconf 86' lang='lat' dir='ltr'>Scribunt</span> <span class='ocrx_word' id='word_1_215' title='bbox 1620 3157 1915 3221; x_wconf 85' lang='lat' dir='ltr'>videlicet</span> <span class='ocrx_word' id='word_1_216' title='bbox 1972 3157 2050 3221; x_wconf 88' lang='lat' dir='ltr'>ad</span> <span class='ocrx_word' id='word_1_217' title='bbox 2105 3157 2508 3222; x_wconf 84' lang='lat' dir='ltr'>Hadrianum</span> <span class='ocrx_word' id='word_1_218' title='bbox 2553 3159 2638 3225; x_wconf 90' lang='lat' dir='ltr'>II.</span> 
     </span>
     <span class='ocr_line' id='line_1_30' title="bbox 337 3251 2638 3334; baseline 0 -15"><span class='ocrx_word' id='word_1_219' title='bbox 337 3254 733 3330; x_wconf 80' lang='lat' dir='ltr'>Pontificem,</span> <span class='ocrx_word' id='word_1_220' title='bbox 782 3252 1030 3318; x_wconf 84' lang='lat' dir='ltr'>Nicolai</span> <span class='ocrx_word' id='word_1_221' title='bbox 1059 3275 1512 3319; x_wconf 89' lang='lat' dir='ltr'>successorem:</span> <span class='ocrx_word' id='word_1_222' title='bbox 1559 3251 1829 3317; x_wconf 83' lang='lat' dir='ltr'>Judicia</span> <span class='ocrx_word' id='word_1_223' title='bbox 1875 3251 2389 3334; x_wconf 71' lang='lat' dir='ltr'>terminavimiw,</span> <span class='ocrx_word' id='word_1_224' title='bbox 2430 3275 2638 3319; x_wconf 74' lang='lat' dir='ltr'>reser-</span> 
     </span>
     <span class='ocr_line' id='line_1_31' title="bbox 331 3347 2640 3432; baseline 0.001 -19"><span class='ocrx_word' id='word_1_225' title='bbox 331 3353 478 3414; x_wconf 82' lang='lat' dir='ltr'>vato</span> <span class='ocrx_word' id='word_1_226' title='bbox 520 3369 647 3431; x_wconf 66' lang='lat' dir='ltr'>per</span> <span class='ocrx_word' id='word_1_227' title='bbox 702 3348 921 3413; x_wconf 76' lang='lat' dir='ltr'>omnia</span> <span class='ocrx_word' id='word_1_228' title='bbox 961 3348 1148 3431; x_wconf 71' lang='lat' dir='ltr'>Juris</span> <span class='ocrx_word' id='word_1_229' title='bbox 1193 3347 1540 3432; x_wconf 67' lang='lat' dir='ltr'>privileqio</span> <span class='ocrx_word' id='word_1_230' title='bbox 1595 3348 2002 3431; x_wconf 81' lang='lat' dir='ltr'>Apostolicae</span> <span class='ocrx_word' id='word_1_231' title='bbox 2058 3348 2244 3415; x_wconf 76' lang='lat' dir='ltr'>Sedis</span> <span class='ocrx_word' id='word_1_232' title='bbox 2303 3371 2379 3415; x_wconf 88' lang='lat' dir='ltr'>ac</span> <span class='ocrx_word' id='word_1_233' title='bbox 2431 3357 2640 3416; x_wconf 76' lang='lat' dir='ltr'>vestro</span> 
     </span>
     <span class='ocr_line' id='line_1_32' title="bbox 314 3444 2638 3557; baseline 0.002 -48"><span class='ocrx_word' id='word_1_234' title='bbox 314 3445 592 3527; x_wconf 76' lang='lat' dir='ltr'>judicic,</span> <span class='ocrx_word' id='word_1_235' title='bbox 640 3445 809 3509; x_wconf 76' lang='lat' dir='ltr'>sicut</span> <span class='ocrx_word' id='word_1_236' title='bbox 856 3444 1029 3510; x_wconf 77' lang='lat' dir='ltr'>sacri</span> <span class='ocrx_word' id='word_1_237' title='bbox 1076 3444 1493 3510; x_wconf 78' lang='lat' dir='ltr'>Sardicenses</span> <span class='ocrx_word' id='word_1_238' title='bbox 1538 3466 1813 3511; x_wconf 72' lang='lat' dir='ltr'>canones</span> <span class='ocrx_word' id='word_1_239' title='bbox 1860 3450 1921 3511; x_wconf 79' lang='lat' dir='ltr'>et</span> <span class='ocrx_word' id='word_1_240' title='bbox 1965 3446 2217 3512; x_wconf 81' lang='lat' dir='ltr'>decreta</span> <span class='ocrx_word' id='word_1_241' title='bbox 2251 3446 2437 3513; x_wconf 76' lang='lat' dir='ltr'>Sedis</span> <span class='ocrx_word' id='word_1_242' title='bbox 2468 3447 2638 3557; x_wconf 67' lang='lat' dir='ltr'>Apo-</span> 
     </span>
    </p>
   </div>
   <div class='ocr_carea' id='block_1_5' title="bbox 328 3541 2639 3624">
    <p class='ocr_par' dir='ltr' id='par_1_6' title="bbox 328 3541 2639 3624">
     <span class='ocr_line' id='line_1_33' title="bbox 328 3541 2639 3624; baseline 0.002 -19"><span class='ocrx_word' id='word_1_243' title='bbox 328 3541 591 3606; x_wconf 78' lang='lat' dir='ltr'>stolicae</span> <span class='ocrx_word' id='word_1_244' title='bbox 638 3541 1060 3621; x_wconf 80' lang='lat' dir='ltr'>Pontificum,</span> <span class='ocrx_word' id='word_1_245' title='bbox 1108 3541 1509 3621; x_wconf 71' lang='lat' dir='ltr'>Innocentii,</span> <span class='ocrx_word' id='word_1_246' title='bbox 1556 3542 1925 3623; x_wconf 75' lang='lat' dir='ltr'>Bonifatii,</span> <span class='ocrx_word' id='word_1_247' title='bbox 1971 3547 2031 3607; x_wconf 81' lang='lat' dir='ltr'>et</span> <span class='ocrx_word' id='word_1_248' title='bbox 2078 3543 2345 3624; x_wconf 75' lang='lat' dir='ltr'>Leoni8‚</span> <span class='ocrx_word' id='word_1_249' title='bbox 2404 3565 2483 3609; x_wconf 79' lang='lat' dir='ltr'>ex</span> <span class='ocrx_word' id='word_1_250' title='bbox 2530 3545 2639 3611; x_wconf 81' lang='lat' dir='ltr'>iis-</span> 
     </span>
    </p>
   </div>
   <div class='ocr_carea' id='block_1_6' title="bbox 327 3636 2642 3915">
    <p class='ocr_par' dir='ltr' id='par_1_7' title="bbox 327 3636 2640 3915">
     <span class='ocr_line' id='line_1_34' title="bbox 331 3636 2640 3722; baseline 0.003 -21"><span class='ocrx_word' id='word_1_251' title='bbox 331 3638 474 3702; x_wconf 83' lang='lat' dir='ltr'>dem</span> <span class='ocrx_word' id='word_1_252' title='bbox 519 3636 726 3703; x_wconf 81' lang='lat' dir='ltr'>sacris</span> <span class='ocrx_word' id='word_1_253' title='bbox 783 3637 1140 3708; x_wconf 75' lang='lat' dir='ltr'>canonibus</span> <span class='ocrx_word' id='word_1_254' title='bbox 1184 3639 1635 3722; x_wconf 74' lang='lat' dir='ltr'>promulqata,</span> <span class='ocrx_word' id='word_1_255' title='bbox 1695 3639 2126 3705; x_wconf 74' lang='lat' dir='ltr'>decernunt..</span> <span class='ocrx_word' id='word_1_256' title='bbox 2312 3641 2489 3707; x_wconf 79' lang='lat' dir='ltr'>Unde</span> <span class='ocrx_word' id='word_1_257' title='bbox 2531 3642 2640 3707; x_wconf 79' lang='lat' dir='ltr'>ob-</span> 
     </span>
     <span class='ocr_line' id='line_1_35' title="bbox 327 3735 2639 3822; baseline 0.002 -23"><span class='ocrx_word' id='word_1_258' title='bbox 327 3735 488 3799; x_wconf 73' lang='lat' dir='ltr'>nixe</span> <span class='ocrx_word' id='word_1_259' title='bbox 533 3755 888 3817; x_wconf 77' lang='lat' dir='ltr'>precamur</span> <span class='ocrx_word' id='word_1_260' title='bbox 937 3739 1218 3800; x_wconf 77' lang='lat' dir='ltr'>vestram</span> <span class='ocrx_word' id='word_1_261' title='bbox 1273 3735 1753 3815; x_wconf 78' lang='lat' dir='ltr'>auctoritatem,</span> <span class='ocrx_word' id='word_1_262' title='bbox 1819 3741 1896 3802; x_wconf 80' lang='lat' dir='ltr'>ut</span> <span class='ocrx_word' id='word_1_263' title='bbox 1957 3757 1998 3801; x_wconf 97' lang='lat' dir='ltr'>a</span> <span class='ocrx_word' id='word_1_264' title='bbox 2053 3742 2235 3802; x_wconf 79' lang='lat' dir='ltr'>tanto</span> <span class='ocrx_word' id='word_1_265' title='bbox 2292 3737 2493 3822; x_wconf 80' lang='lat' dir='ltr'>hujus</span> <span class='ocrx_word' id='word_1_266' title='bbox 2538 3739 2639 3804; x_wconf 80' lang='lat' dir='ltr'>in-</span> 
     </span>
     <span class='ocr_line' id='line_1_36' title="bbox 331 3830 2642 3915; baseline 0.002 -20"><span class='ocrx_word' id='word_1_267' title='bbox 331 3830 729 3914; x_wconf 67' lang='lat' dir='ltr'>corriqibilis</span> <span class='ocrx_word' id='word_1_268' title='bbox 779 3831 979 3912; x_wconf 79' lang='lat' dir='ltr'>pestis</span> <span class='ocrx_word' id='word_1_269' title='bbox 1035 3831 1245 3897; x_wconf 82' lang='lat' dir='ltr'>taedio</span> <span class='ocrx_word' id='word_1_270' title='bbox 1297 3853 1416 3897; x_wconf 78' lang='lat' dir='ltr'>nos</span> <span class='ocrx_word' id='word_1_271' title='bbox 1475 3833 1673 3897; x_wconf 81' lang='lat' dir='ltr'>etiam</span> <span class='ocrx_word' id='word_1_272' title='bbox 1724 3854 1842 3898; x_wconf 80' lang='lat' dir='ltr'>sao</span> <span class='ocrx_word' id='word_1_273' title='bbox 1881 3833 2140 3915; x_wconf 68' lang='lat' dir='ltr'>Judicio</span> <span class='ocrx_word' id='word_1_274' title='bbox 2187 3884 2199 3897; x_wconf 90' lang='lat'>.</span> <span class='ocrx_word' id='word_1_275' title='bbox 2249 3884 2261 3897; x_wconf 93' lang='lat'>.</span> <span class='ocrx_word' id='word_1_276' title='bbox 2310 3834 2642 3900; x_wconf 79' lang='lat' dir='ltr'>.liberet.·</span> 
     </span>
    </p>
   </div>
   <div class='ocr_carea' id='block_1_7' title="bbox 330 3927 2640 4013">
    <p class='ocr_par' dir='ltr' id='par_1_8' title="bbox 330 3927 2640 4013">
     <span class='ocr_line' id='line_1_37' title="bbox 330 3927 2640 4013; baseline 0.003 -23"><span class='ocrx_word' id='word_1_277' title='bbox 330 3927 685 3994; x_wconf 80' lang='lat' dir='ltr'>secundum</span> <span class='ocrx_word' id='word_1_278' title='bbox 737 3927 990 3993; x_wconf 76' lang='lat' dir='ltr'>decreta</span> <span class='ocrx_word' id='word_1_279' title='bbox 1035 3928 1374 4012; x_wconf 78' lang='lat' dir='ltr'>Bonifatii</span> <span class='ocrx_word' id='word_1_280' title='bbox 1430 3933 1493 3993; x_wconf 78' lang='lat' dir='ltr'>et</span> <span class='ocrx_word' id='word_1_281' title='bbox 1538 3929 1809 4009; x_wconf 68' lang='lat' dir='ltr'>LeoniS,</span> <span class='ocrx_word' id='word_1_282' title='bbox 1868 3950 1944 3995; x_wconf 86' lang='lat' dir='ltr'>ea</span> <span class='ocrx_word' id='word_1_283' title='bbox 1990 3951 2153 4011; x_wconf 81' lang='lat' dir='ltr'>quae</span> <span class='ocrx_word' id='word_1_284' title='bbox 2192 3932 2402 4013; x_wconf 78' lang='lat' dir='ltr'>juxta</span> <span class='ocrx_word' id='word_1_285' title='bbox 2458 3932 2640 3997; x_wconf 83' lang='lat' dir='ltr'>eccle-</span> 
     </span>
    </p>
   </div>
   <div class='ocr_carea' id='block_1_8' title="bbox 331 4095 372 4103">
    <p class='ocr_par' dir='ltr' id='par_1_9' title="bbox 331 4095 372 4103">
     <span class='ocr_line' id='line_1_38' title="bbox 331 4095 372 4103; baseline -0.024 0"><span class='ocrx_word' id='word_1_286' title='bbox 331 4095 372 4103; x_wconf 75' lang='lat'>—.</span> 
     </span>
    </p>
   </div>
   <div class='ocr_carea' id='block_1_9' title="bbox 512 4187 1036 4254">
    <p class='ocr_par' dir='ltr' id='par_1_10' title="bbox 512 4187 1036 4254">
     <span class='ocr_line' id='line_1_39' title="bbox 512 4187 1036 4254; baseline 0.004 -15"><span class='ocrx_word' id='word_1_287' title='bbox 512 4188 549 4252; x_wconf 88' lang='lat'>¹)</span> <span class='ocrx_word' id='word_1_288' title='bbox 582 4187 789 4243; x_wconf 86' lang='lat' dir='ltr'>Ibidem</span> <span class='ocrx_word' id='word_1_289' title='bbox 828 4205 878 4254; x_wconf 90' lang='lat' dir='ltr'>p.</span> <span class='ocrx_word' id='word_1_290' title='bbox 917 4191 1036 4241; x_wconf 88' lang='lat'>377.</span> 
     </span>
    </p>
   </div>
  </div>
 </body>
</html>
