3270 5028
927 424 1224 478 Concilium
1265 424 1662 477 oecumenicum
1701 430 1968 477 octavum.
2498 428 2601 478 397

290 571 543 632 verunt.
607 566 822 630 ¹Hisce
869 565 1246 649 patriarchis
1291 588 1649 649 supremam
1697 566 2076 630 tribuebant
2123 565 2447 630 Ecclesiae
2493 586 2608 649 gu-

292 664 741 757 bernationem
798 664 867 727 in
926 664 1115 727 rebus
1170 663 1317 727 fidei
1385 668 1450 728 et
1521 664 1912 748 disciplinae.
2018 661 2264 726 Passim
2328 663 2606 746 quidem,

292 761 441 826 dum
490 760 763 823 multum
811 759 1168 824 evehebant
1211 759 1378 823 hanc
1419 761 1884 843 pentarchiam,
1932 758 2124 823 simul
2172 759 2609 843 agnoscebant

297 863 363 921 et
424 856 839 921 vindicabant
899 857 1242 939 primatum
1306 860 1371 919 et
1438 858 1888 921 auctoritatem
1956 878 2272 919 summam
2330 854 2610 919 Romani

293 954 646 1029 Pontificis,
696 954 792 1016 uti
839 952 1212 1017 Theodorus
1258 952 1532 1030 Studita,
1587 955 1696 1037 qui
1742 954 1810 1017 in
1856 952 2338 1036 oppugnatione
2386 950 2607 1016 Icono-

293 1053 639 1117 clastarum
688 1049 943 1135 egregie
994 1049 1402 1132 Apostolicae
1450 1048 1631 1114 Sedis
1688 1051 2035 1133 primatum
2081 1050 2290 1113 tuitus
2339 1054 2467 1126 est,
2525 1050 2610 1113 si-

297 1148 429 1211 mul
478 1152 697 1211 tamen
754 1147 1030 1211 multum
1093 1146 1438 1211 insistebat
1484 1146 1796 1233 ejusmodi
1843 1145 2284 1230 pentarchiae,
2332 1150 2405 1210 ut
2451 1168 2610 1229 qua-

291 1248 445 1308 tuor
511 1242 1015 1325 patriarcharum
1086 1243 1600 1306 consentientem
1674 1243 2034 1307 doctrinam
2111 1246 2340 1307 contra
2407 1243 2608 1325 patri-

291 1340 519 1405 archas
565 1339 916 1403 haereticos
958 1338 1253 1404 GPtanos
1294 1344 1490 1423 atque
1532 1339 1965 1404 Iconoclastas
2014 1343 2293 1423 urgeret.
2343 1375 2423 1383 -—-
2475 1339 2611 1402 Ha-

297 1438 492 1501 bebat
539 1437 828 1519 profecto
883 1437 993 1499 illa
1049 1436 1299 1499 theoria
1353 1438 1557 1500 multa
1614 1436 1917 1519 pericula.
2007 1434 2339 1500 Immerito
2395 1435 2612 1499 divina

295 1533 710 1617 pentarchiae
755 1533 1084 1596 institutio
1131 1532 1555 1609 asserebatur,
1601 1531 1880 1596 Romani
1918 1531 2251 1595 Pontificis
2298 1531 2611 1614 primatus

294 1631 481 1695 facile
544 1629 1038 1702 obscurabatur,
1103 1630 1497 1694 consectaria
1553 1630 2013 1693 statuebantur
2072 1649 2233 1710 quae
2290 1649 2431 1691 cum
2480 1628 2611 1710 pri-

296 1733 477 1791 matu
543 1727 653 1790 illo
722 1746 915 1807 aegre
983 1727 1279 1808 componi
1341 1729 1676 1807 poterant3
1749 1725 2206 1808 aequalitatem
2271 1722 2611 1808 quamdam

296 1822 804 1906 patriarcharum
865 1844 1135 1905 pronum
1186 1826 1327 1886 erat
1384 1822 1783 1905 confingere,
1842 1822 1943 1885 vel
1987 1821 2323 1905 privilegia
2367 1842 2615 1885 summa

296 1918 657 1984 adscribere
704 1919 1104 2002 patriarchae
1150 1919 1413 1984 CPtano
1470 1920 1550 1984 ob
1594 1919 1980 2003 dignitatem
2038 1917 2361 2001 politicam
2408 1918 2610 1992 urbis3

296 2019 425 2080 imo
468 2020 690 2099 postea
735 2016 1057 2099 separatio
1101 2038 1138 2079 a
1170 2014 1331 2081 Sede
1364 2014 1660 2080 Romana
1697 2015 1835 2099 jam
1884 2036 1960 2078 ex
2006 2013 2317 2098 ejusmodi
2363 2013 2613 2078 theoria

296 2113 599 2196 explicari
665 2134 851 2195 posse
916 2110 1269 2178 videbatur.
1372 2112 1694 2176 Paulatim
1764 2110 2129 2175 Orientales
2192 2109 2271 2174 ad
2336 2112 2614 2193 pessima

296 2209 693 2293 prodierunt,
745 2213 809 2272 et
854 2208 1166 2273 theoriam
1215 2209 1291 2272 de
1338 2208 1718 2291 patriarchis
1763 2208 2240 2272 substituerunt
2267 2229 2453 2271 verae
2501 2207 2612 2271 do-

295 2306 547 2370 ctrinae
594 2305 671 2369 de
699 2306 1000 2388 primatu
1050 2305 1325 2370 Romani
1374 2304 1723 2370 Pontifiois.

474 2403 579 2467 91.
629 2401 941 2485 Tempore
990 2401 1258 2467 Concilii
1291 2401 1472 2465 VIII.
1521 2410 1693 2465 certe
1749 2401 2063 2484 primatus
2112 2399 2292 2465 Sedis
2336 2347 2609 2484 Aposto-

298 2500 452 2564 licae
500 2499 966 2583 agnoscebatur
1023 2505 1161 2564 tum
1214 2499 1567 2564 theoretice
1608 2502 1748 2563 tum
1805 2498 2112 2581 practice,
2171 2500 2365 2582 atque
2413 2498 2606 2562 etiam

294 2595 521 2659 Latini
578 2596 838 2679 quidam
884 2596 1060 2660 illam
1107 2596 1421 2661 theoriam
1477 2595 1898 2680 pentarchiae
1943 2594 2451 2679 patriarcharum
2498 2594 2608 2658 ad-

295 2693 664 2767 mittebant,
708 2697 774 2756 et
814 2714 953 2756 cum
991 2693 1283 2757 doctrina
1330 2693 1407 2758 de
1439 2694 1724 2776 primatu
1769 2693 2219 2757 conciliabant.
2295 2689 2401 2755 Ita
2433 2692 2610 2754 Ana-

294 2791 531 2853 stasius
562 2788 1097 2855 Bibliothecarius
1143 2790 1291 2853 dum
1339 2790 1404 2853 111
1446 2787 1862 2852 Praefatione
1910 2786 1986 2852 ad
2036 2788 2390 2852 versionem
2440 2787 2609 2852 Con-

293 2886 424 2949 cilii
457 2885 649 2948 VIII.
698 2886 1002 2966 ostendit,
1049 2886 1168 2951 hoc
1197 2886 1549 2951 Concilium
1583 2885 1814 2950 merito
1848 2885 1969 2949 dici
2004 2884 2388 2961 universale,
2436 2885 2611 2948 inter

219 3032 228 3039 .
295 2983 502 3045 varias
551 2982 831 3045 rationes
880 2982 1069 3045 etiam
1119 2982 1287 3047 hanc
1333 2983 1545 3046 affert:
1597 2979 1769 3060 Quia
1816 3001 1960 3045 cam
1997 2978 2307 3044 Christus
2353 2979 2427 3044 in
2475 3000 2607 3044 cor-

285 3097 448 3159 pore
509 3096 626 3140 suo
686 3075 856 3156 qaod
902 3081 993 3140 est
1039 3076 1330 3141 Ecclesia
1377 3081 1469 3142 tot
1519 3076 2003 3160 patriarchales
2059 3076 2257 3157 sedes,
2325 3081 2478 3158 quot
2533 3076 2609 3142 in

296 3173 608 3256 cujusque
640 3171 904 3237 mortali
952 3194 1212 3255 corpore
1244 3194 1488 3254 sensus,
1539 3173 1861 3253 locaverit,
1902 3173 2192 3256 profecto
2219 3172 2390 3239 nihil
2415 3194 2607 3257 yene-

295 3268 555 3334 ralitati
617 3269 789 3334 deest
831 3268 1186 3350 Ecclesiae,
1251 3269 1309 3334 si
1371 3292 1586 3336 omnes
1644 3270 1796 3336 illae
1856 3271 2030 3336 sedes
2089 3269 2292 3335 unius
2350 3271 2609 3354 fuerint

295 3366 670 3446 voluntatis,
718 3366 887 3432 sicat
933 3365 1104 3431 nihil
1148 3367 1319 3431 deest
1366 3369 1571 3433 motai
1604 3367 1910 3450 corporis,
1957 3368 2014 3432 si
2063 3388 2278 3433 omnes
2324 3368 2607 3450 quinque

290 3483 520 3528 sensas
573 3462 866 3546 inteyrae
923 3464 1403 3546 communisque
1458 3465 1717 3547 fuerint
1772 3465 2098 3531 sanitatis,
2200 3465 2388 3530 Inter
2445 3487 2608 3549 quas

291 3558 585 3642 videlicet
647 3560 822 3624 sedes
876 3559 1033 3642 qaia
1078 3561 1385 3627 Romana
1437 3561 1804 3645 praecellit,
1866 3583 1997 3628 non
2051 3562 2377 3628 immerito
2432 3563 2607 3629 visai

295 3660 730 3738 comparatur,
780 3656 893 3738 qai
929 3657 1220 3740 profecto
1264 3659 1511 3725 cunctis
1554 3659 1848 3725 sensibus
1886 3659 2304 3741 praeeminet,
2352 3661 2607 3726 acutior

290 3751 429 3822 illis
474 3752 772 3833 existens,
820 3757 881 3818 et
912 3755 1422 3820 communionem
1469 3777 1690 3821 eorum
1727 3755 1895 3821 sicat
1938 3756 2162 3821 nullas
2194 3775 2415 3822 eorum
2461 3778 2605 3823 cum

289 3849 592 3914 omnibus
637 3849 952 3933 habens.¹)

471 4076 515 4142 1)
554 4076 809 4130 Nicolaus
846 4077 1107 4132 Pontifex
1144 4094 1337 4146 parum
1388 4078 1651 4148 ejusmodi
1691 4079 2050 4135 Orientalium
2092 4080 2326 4135 theoriis
2363 4081 2602 4148 favebat,

291 4154 374 4209 uti
412 4160 569 4223 patet
606 4171 673 4210 ex
709 4157 986 4224 responsis
1026 4157 1093 4210 ad
1130 4159 1404 4227 Bulgaros
1444 4175 1487 4212 c.
1527 4161 1611 4212 92.
1692 4158 2066 4227 „Desideratis
2102 4174 2280 4226 nosse,
2321 4166 2453 4227 quot
2489 4161 2605 4215 sint

2673 2400 2890 2442 Auctores

2712 2462 2855 2504 latini.
