3270 5028
1192 406 1276 461 De
1312 422 1473 460 causa
1510 404 1791 460 Rothadii.
2199 386 2206 389 ¹
2544 408 2646 458 247

337 548 563 612 haberi
629 548 837 613 liceat.
852 545 897 631 ¹)
1015 547 1370 613 Rothadius
1440 548 1773 613 Hincmari
1850 547 2213 613 sententiae
2285 545 2647 630 refragatus

337 651 468 728 est3
542 646 652 709 ille
720 667 871 709 vero
948 667 1004 709 a.
1071 645 1194 708 861
1275 646 1344 709 in
1421 644 1664 728 synodo
1741 644 2118 728 provinciali
2196 641 2647 708 suessionibus
2715 722 2720 733 ς

338 740 562 805 habita
623 741 1016 807 Rothadium
1080 746 1154 806 ut
1222 742 1664 807 contumaciae
1720 764 1902 807 reum
1971 741 2311 825 episcopali
2369 762 2648 804 commu-

337 839 534 902 nione
581 839 878 922 privavit,
926 840 1128 907 donec
1175 840 1476 907 obediret.

514 995 618 1060 33.
693 996 899 1072 Quum
975 998 1179 1061 altero
1256 1019 1427 1061 anno
1489 998 1614 1060 862
1687 995 1947 1060 Carolus
2010 994 2241 1059 Calvus
2315 1016 2427 1057 rex
2505 994 2642 1076 pla-

332 1092 535 1155 citum
615 1097 680 1156 et
759 1093 1070 1176 synodum
1147 1095 1585 1177 episcoporum
1677 1097 2083 1157 convocasset
2149 1090 2380 1167 PistiS,
2464 1090 2643 1153 venit

332 1188 528 1252 etiam
599 1187 978 1255 RothadiuS.
1101 1192 1308 1268 Quum
1368 1213 1516 1255 vero
1591 1190 1979 1254 Hincmarus
2047 1192 2112 1252 et
2190 1180 2463 1272 episcopi
2532 1186 2643 1271 qui

334 1307 416 1348 ex
486 1289 670 1368 parte
738 1287 937 1370 ipsius
1004 1288 1297 1370 stabant,
1366 1310 1511 1352 eum
1573 1288 1654 1351 ad
1714 1285 2030 1369 synodum
2096 1285 2436 1348 admittere
2499 1284 2644 1347 nol-

335 1384 503 1458 lent,
579 1385 708 1446 imo
783 1390 1058 1468 urgente
1121 1384 1469 1449 Hincmaro
1545 1406 1648 1448 res
1723 1384 1792 1446 in
1856 1403 1930 1446 eo
1992 1384 2131 1467 jam
2204 1385 2402 1458 esset,
2482 1383 2553 1443 ut
2610 1402 2644 1441 a

332 1479 579 1562 synodo
655 1481 1114 1564 deponeretur,
1197 1481 1552 1563 Rothadius
1627 1479 1977 1563 appellavit
2041 1478 2404 1543 Romanum
2478 1475 2644 1540 Pon-

317 1572 587 1653 tificem,
642 1579 1174 1663 quemadmodum
1222 1579 1286 1641 id
1333 1578 1681 1642 secundum
1728 1597 2006 1641 canones
2053 1575 2456 1640 Sardicenses
2501 1575 2645 1657 pot·

292 1679 493 1755 erat.
601 1673 970 1758 Appellatio
1041 1697 1078 1738 a
1145 1675 1389 1758 synodo
1457 1675 1730 1739 admissa
1796 1677 1924 1753 est,
1993 1695 2065 1738 ac
2126 1671 2449 1736 Rothadio
2516 1675 2644 1733 ter-

332 1772 545 1835 minus
594 1776 912 1849 statutuS,
974 1772 1101 1856 quo
1146 1771 1417 1836 Romam
1463 1771 1994 1856 proficisceretur.
2087 1769 2446 1833 Rothadius
2492 1788 2644 1850 syn·

329 1868 454 1933 odo
524 1869 749 1932 relicta
814 1867 1190 1933 Suessiones
1261 1889 1587 1953 regressus
1658 1873 1789 1945 est,
1858 1866 2136 1950 indeque
2203 1888 2400 1948 quum
2470 1864 2645 1927 varia

329 1988 445 2049 pro
523 1965 743 2028 futuro
830 1967 1062 2030 itinere
1150 1966 1549 2050 disponeret,
1631 1965 1968 2048 epistolam
2056 1984 2313 2047 quoque
2388 1961 2644 2044 scripsit

332 2063 411 2126 ad
490 2062 854 2146 episcopum
933 2063 1272 2146 quemdam
1344 2064 1646 2140 amicum,
1734 2084 1924 2146 quem
2003 2060 2209 2124 adhuc
2284 2057 2641 2123 Suessioni·

331 2160 447 2223 bus
502 2160 571 2223 in
626 2159 870 2242 synodo
926 2160 1143 2224 adesse
1200 2161 1625 2244 supponebat.
1719 2158 2021 2235 Petebat,
2087 2162 2162 2221 ut
2199 2157 2349 2247 ipse
2412 2160 2476 2219 et
2533 2155 2641 2219 alii

328 2256 518 2319 amici
587 2258 725 2340 ejus
796 2278 1055 2320 causam
1117 2279 1298 2321 suam
1377 2261 1600 2321 contra
1669 2254 2060 2320 adversarios
2134 2256 2641 2337 propugnarent.

331 2350 829 2435 Haeff'epistola
892 2353 1119 2418 incidit
1172 2355 1244 2418 in
1304 2344 1530 2417 manus
1589 2352 1955 2428 Hincmari,
2024 2351 2133 2434 qui
2196 2371 2337 2413 eam
2396 2347 2641 2432 synodo

327 2449 851 2527 communicavit,
917 2454 982 2512 et
1042 2471 1119 2513 ex
1185 2450 1404 2514 eadem
1467 2453 1918 2535 argumentum
1978 2447 2239 2532 collegit
2297 2448 2396 2509 vel
2460 2468 2642 2530 prae·

327 2550 609 2622 textum,
656 2546 1042 2612 Rothadium
1088 2548 1466 2612 renuntiare
1513 2547 1927 2629 appellationi
1978 2549 2042 2609 et
2086 2546 2277 2625 velle,
2334 2547 2406 2608 ut
2453 2565 2643 2607 causa

328 2643 524 2723 ipsius
610 2664 724 2726 per
798 2641 1020 2707 electos
1091 2643 1349 2727 judices
1424 2643 1849 2708 dirimeretur.
1973 2641 2332 2706 Rothadius
2414 2647 2641 2724 postea

328 2740 594 2803 omniuo
654 2741 948 2824 negavit,
1009 2732 1177 2805 hanc
1236 2743 1374 2825 ejus
1432 2745 1715 2805 mentem
1768 2740 1993 2812 fuisse3
2055 2737 2167 2803 sed
2228 2740 2434 2821 major
2497 2759 2639 2821 pars

326 2837 769 2919 episcoporum
834 2843 899 2902 et
957 2837 1223 2902 Carolus
1279 2838 1511 2903 Calvus
1572 2859 1686 2900 rex
1746 2836 2138 2900 sententiam
2200 2835 2373 2898 illam
2434 2834 2637 2898 Hinc-

329 2933 492 2998 mari
541 2934 818 3017 amplexi
864 2941 1035 2998 sunt.

508 3092 610 3153 34.
681 3091 888 3168 Quum
960 3091 1160 3175 igitur
1229 3098 1517 3173 tempore
1585 3089 1978 3154 auctumnali
2047 3090 2221 3153 illius
2290 3089 2447 3154 anni
2509 3091 2636 3155 862

327 3211 443 3273 per
505 3187 803 3253 Carolum
857 3186 1123 3252 Calvum
1185 3186 1382 3250 Pistis
1451 3187 1767 3251 translata
1833 3191 1999 3250 esset
2058 3187 2340 3269 synodus
2401 3189 2635 3271 episco-

323 3307 552 3369 porum
618 3285 686 3348 in
747 3285 1135 3366 suburbium
1187 3283 1465 3347 civitatis
1531 3282 2031 3359 SuessionensiS,
2105 3283 2183 3346 ad
2252 3283 2420 3348 hanc
2482 3307 2632 3367 syn-

324 3382 522 3445 odum
578 3388 680 3445 ter
654 3367 978 3446 citatus
1041 3386 1138 3445 est
1199 3379 1591 3460 RothadiuS,
1652 3380 1761 3464 qui
1822 3381 2143 3445 recusavit
2201 3375 2428 3463 synodi
2486 3382 2636 3446 sub·

324 3482 420 3542 ire
495 3465 913 3556 sententiam,
987 3479 1312 3561 pendente
1388 3497 1501 3540 sua
1566 3477 1994 3560 appellatione
2066 3477 2144 3540 ad
2212 3474 2438 3542 Sedem
2507 3479 2637 3543 Ro-

513 3748 554 3814 1)
593 3747 924 3801 Examinare
962 3763 1071 3801 non
1107 3752 1286 3812 vacat,
1325 3751 1505 3799 utrum
1543 3746 1812 3813 depositio
1850 3745 1948 3798 illa
1986 3745 2247 3800 canonica
2281 3746 2463 3801 fuerit.
2538 3747 2636 3800 Oa-

321 3828 583 3883 nonicam
621 3827 807 3880 dicunt
844 3826 983 3880 varii
1021 3832 1288 3891 auctoreS,
1327 3826 1408 3879 uti
1438 3826 1655 3880 Natalis
1694 3825 1851 3879 Alex.
1893 3825 2063 3891 (Diss.
2091 3825 2186 3879 VI.
2224 3826 2281 3880 in
2319 3843 2457 3881 saec.
2497 3827 2637 3891 ΙΧ.),

324 3908 471 3976 Pagi
508 3906 774 3974 (Breviar.
815 3906 910 3959 sub
948 3904 1216 3974 Nicolao),
1258 3904 1521 3960 Wouters
1563 3904 1731 3970 (DisS.
1771 3905 1921 3959 Tom.
1950 3904 2052 3957 III.
2089 3904 2233 3960 Dies.
2271 3906 2491 3977 XXV.);
2542 3906 2638 3959 alii

330 3993 512 4040 autem
560 3991 806 4039 auctores
855 3984 935 4036 uti
984 3982 1178 4037 Hefele
1225 3982 1303 4050 (C.
1344 3983 1409 4037 G.
1447 3984 1509 4037 B.
1549 3984 1646 4039 lv.
1686 3983 1734 4052 ξ.
1772 3985 1899 4051 468)
1945 3983 2165 4053 regulas
2202 3985 2344 4052 juris
2390 3985 2638 4039 canonici

327 4081 522 4119 revera
578 4064 817 4118 violatas
880 4077 1000 4116 esse
1054 4062 1513 4116 animadvertunt.
1597 4062 1882 4117 Caeterum
1939 4064 2073 4118 haec
2131 4064 2374 4129 quaestio
2423 4064 2478 4117 in
2536 4065 2569 4118 h

326 4144 555 4211 negot-io
593 4143 806 4197 omnino
846 4141 1166 4196 secundaria
1205 4147 1306 4195 est.

2725 998 2927 1052 Synodus

2705 1060 2933 1105 Pistensis.

2755 1236 2764 1247 “
2811 1242 2862 1317 ἒ(

2791 1334 2836 1375 W

2716 3090 2917 3142 Synodus

2672 3151 2951 3194 Suessionen·

2771 3225 2844 3257 818·

2724 4002 2736 4023 Ι
2753 3938 2924 4035 fx?
