3270 5028
1142 472 1380 527 Donatio
1418 472 1600 527 Caroli
1634 474 1840 542 Magni.
2548 475 2647 528 143

520 614 618 679 68.
699 615 798 678 Ad
870 614 1327 698 Longobardos
1396 614 1570 698 quod
1614 576 1904 692 attinet,
1984 613 2248 678 Carolus
2320 613 2405 678 M.
2483 614 2649 679 obsi·
2667 613 2733 654 ΒΘ
2709 625 2791 664 ⁸8¹¹
2766 614 2964 655 ¹¹¹¹¹¹1⁰¹¹L

338 712 593 775 dionem
644 711 878 821 Papiae
925 720 1295 793 prosecutus
1342 713 1562 775 urbem
1611 717 1678 775 et
1728 710 2125 776 Desiderium
2173 731 2389 794 regem
2433 731 2648 775 mense

338 807 539 872 Junio
612 808 768 871 anni
849 808 976 871 774
1051 808 1338 893 subegit
1425 829 1805 891 omnemque
1891 805 2199 871 ditionem
2258 807 2650 918 ‘Longobav

342 905 560 968 dorum
620 908 876 1013 sceptro
926 926 1040 968 suo
1102 904 1421 989 adjunxit.
1513 904 1917 996 Desiderium
1979 926 2192 968 secum
2252 906 2322 968 in
2377 903 2648 968 Galliam

342 1001 545 1078 duxit,
596 1001 813 1084 ibique
857 1001 924 1064 in
973 1001 1367 1065 monasterio
1413 1000 1716 1066 custodiri
1758 1003 1977 1085 jussit.
2067 999 2293 1065 Leodii
2337 1022 2480 1064 eum
2525 1003 2652 1083 pie·

340 1098 497 1161 tatis
542 1097 861 1161 exercitiis
906 1097 1235 1161 intentum
1282 1098 1514 1162 vixisse
1573 1103 1641 1162 et
1696 1103 2022 1162 mortuum
2081 1119 2245 1170 esse,
2304 1097 2386 1160 ab
2433 1103 2649 1161 aucto·

341 1194 516 1256 ribus
568 1193 803 1275 passim
862 1193 1165 1258 traditur.
1258 1193 1612 1258 Identidem
1680 1195 1937 1278 quidem
1998 1196 2066 1259 in
2137 1193 2477 1276 provinciis
2541 1215 2649 1257 seu

341 1289 676 1353 ducatibus
735 1311 900 1373 quae
960 1290 1038 1353 ad
1097 1290 1666 1375 Longobardorum
1724 1313 1994 1376 regnum
2056 1290 2509 1374 pertinuerant
2564 1311 2648 1353 se·

341 1385 616 1450 ditiones
660 1392 888 1450 contra
933 1386 1146 1451 Caroli
1190 1388 1692 1453 dominationem
1751 1392 2012 1453 exortae
2059 1391 2240 1465 sunt,
2297 1385 2408 1450 sed
2459 1408 2650 1450 manu

343 1483 497 1547 forti
556 1483 689 1566 ipse
752 1483 1000 1547 easdem
1062 1484 1383 1567 repressit.
1478 1484 1679 1549 Anno
1738 1489 1954 1549 autem
2016 1484 2134 1547 781
2203 1484 2403 1547 filium
2465 1505 2647 1546 suum

341 1579 640 1661 Pipinum
708 1580 1044 1644 constituit
1104 1601 1318 1663 regem
1382 1580 1612 1645 Italiae
1678 1602 1787 1645 seu
1857 1580 2375 1665 Longobardiae3
2443 1580 2647 1662 ipsum

342 1670 417 1738 et'
444 1668 877 1758 *L‘udovieum,
935 1677 1209 1739 alterum
1254 1676 1454 1741 filium
1503 1700 1540 1740 a
1586 1676 1816 1741 Carolo
1856 1676 2139 1741 creatum
2188 1697 2405 1760 regem
2449 1674 2668 1758 Aqu-‚

342 1766 601 1849 tansafe,
640 1768 1022 1853 *Hadrianus
1085 1772 1262 1856 Papa
1325 1771 1569 1836 Romae
1634 1795 1814 1837 sacro
1879 1774 2018 1838 oleo
2080 1772 2292 1838 unxit.
2403 1771 2654 1835 Pariter

342 1857 817 1951 iffprovinciis
879 1868 1184 1933 Pontifici
1256 1870 1558 1953 subjectis
1626 1870 1859 1952 passim
1932 1873 2143 1933 motus
2215 1867 2647 1933 vehementio-

341 1987 442 2029 res
507 1964 767 2028 excitati
829 1968 1012 2039 sunt,
1076 1964 1182 2027 sed
1243 1966 1616 2048 plerumque
1678 1965 1952 2029 feliciter
2008 1965 2241 2046 sedati,
2304 1964 2396 2027 ita
2454 1970 2527 2028 ut
2574 1987 2650 2028 ex

342 2063 454 2125 illa
509 2066 726 2125 aetate
780 2060 1129 2124 dominium
1190 2063 1542 2144 temporale
1603 2061 1965 2137 pontificis,
2024 2062 2141 2127 etsi
2199 2061 2377 2125 varia
2431 2068 2648 2126 exten-

344 2159 542 2238 sione,
587 2157 968 2222 substiterit.

520 2256 623 2318 69.
706 2255 1015 2319 Auctores
1092 2255 1292 2338 aliqui
1363 2253 1867 2331 contenderunt,
1948 2253 2282 2337 Pipinum
2324 2261 2390 2320 et
2455 2255 2647 2321 Caro·

342 2353 473 2415 lum
536 2351 622 2415 M.
685 2356 994 2434 tanquam
1048 2351 1362 2443 patricios
1409 2350 1850 2416 Romanorum
1922 2372 2218 2433 supremo
2284 2352 2648 2463 principatu

337 2450 407 2512 in
475 2448 787 2512 ditionem
855 2449 1247 2532 pontificiam
1318 2448 1554 2531 potitos
1622 2447 1849 2533 fuisse3
1920 2447 2058 2523 sed,
2129 2449 2226 2512 uti
2291 2450 2427 2534 J‘am
2494 2447 2646 2512 dixi·

341 2568 509 2622 mus,
568 2546 937 2611 nullatenus
986 2569 1059 2610 ea
1106 2547 1232 2610 fuit
1276 2545 1653 2630 patriciatus
1707 2549 1971 2616 natura;
2030 2547 2224 2628 atque
2276 2569 2416 2610 cum
2463 2546 2649 2610 factis

340 2642 656 2705 historicis
723 2643 848 2706 ista
916 2644 1244 2706 sententia
1308 2647 1575 2726 pugnat.
1708 2640 1985 2705 Romani
2063 2643 2235 2705 enim
2305 2642 2652 2707 Pontifices

339 2740 602 2803 omnino
640 2745 715 2804 ut
772 2740 1093 2826 principes
1151 2739 1661 2822 independentes
1705 2759 1790 2814 ,ac
1836 2738 2116 2822 supremi
2163 2739 2475 2824 agebant,
2530 2739 2654 2822 ipsi

342 2858 484 2899 cum
543 2833 1021 2920 LongobardiS,
1088 2834 1345 2899 Graecis
1407 2839 1472 2898 et
1536 2834 1802 2898 Francis
1867 2834 2132 2918 negotia
2193 2836 2449 2917 publica
2513 2856 2652 2918 per-

342 2932 745 3008 tractabant,
816 2932 935 3015 ipsi
999 2934 1065 2996 in
1134 2932 1382 2996 ditione
1445 2953 1560 2994 sua
1617 2930 1867 3014 judices
1938 2944 2003 2994 et
2065 2932 2485 3013 magistratus
2550 2931 2649 2993 in-

339 3029 697 3092 stituebant
767 3051 839 3092 ac
905 3029 1337 3111 deponebant,
1420 3049 1792 3110 summaque
1868 3031 2191 3110 potestate
2266 3028 2648 3112 legislativa,

332 3116 673 3209 judiciaria
748 3133 813 3188 et
889 3126 1221 3189 executiva
1295 3124 1752 3208 fungebantur.
1875 3123 2316 3189 Conveniebat
2392 3122 2645 3207 quidem

341 3222 538 3285 etiam
606 3221 888 3304 patriciis
958 3220 1274 3305 quaedam
1338 3219 1811 3303 jurisdictionis
1880 3224 2195 3303 potestas,
2263 3221 2372 3285 sed
2438 3223 2646 3284 extra-

339 3316 665 3382 ordinaria
733 3341 807 3382 ea
875 3322 1018 3381 erat
1083 3322 1281 3399 atque
1354 3339 1392 3380 a
1458 3315 1777 3381 Pontifice
1852 3316 2250 3399 dependens,
2325 3320 2647 3401 quatenus

340 3415 574 3498 passim
633 3415 837 3497 ipsum
894 3413 1313 3498 protectionis
1368 3420 1435 3477 et
1492 3413 1886 3478 defensionis
1942 3414 2219 3479 officium
2281 3414 2410 3478 tale
2456 3412 2643 3497 juris·

340 3511 638 3576 dictionis
713 3512 1084 3576 exercitium
1163 3511 1564 3594 requirebat,
1648 3510 1923 3574 maxime
2000 3510 2259 3593 quando
2335 3510 2647 3574 factiones

342 3607 778 3672 Romanorum
847 3613 1073 3672 contra
1125 3606 1474 3672 Pontifices
1541 3610 1756 3670 motus
1825 3611 1889 3670 et
1958 3606 2478 3689 perturbationes
2541 3627 2642 3670 ex·

339 3705 649 3768 citabant.
760 3703 1037 3768 Romani
1100 3704 1406 3787 primario
1471 3704 1552 3767 ad
1613 3702 1991 3768 fidelitatem
2065 3724 2217 3787 erga
2284 3702 2644 3767 Romanum

346 3800 718 3865 Pontificem
800 3801 1282 3884 obligabantur,
1358 3799 1734 3864 secundaria
1804 3799 2081 3883 quadam
2162 3800 2416 3863 ratione
2496 3819 2649 3882 erga

339 3885 705 3980 patricium,
777 3901 1100 3981 quatenus
1163 3896 1268 3961 hic
1330 3897 1761 3979 principatum
1824 3897 2071 3960 civilem
2137 3894 2473 3959 Pontificis
2537 3895 2647 3957 de-

338 3992 641 4057 fendebat
697 4015 770 4057 ac
824 3993 1225 4077 protegebat.
1320 3991 1705 4075 Plerumque
1762 3992 2011 4076 patricii
2070 4013 2421 4075 eorumque
2478 3973 2648 4055 dele-

339 4091 474 4173 gati
521 4089 784 4154 nonnisi
831 4094 1094 4173 petente
1134 4088 1449 4153 Pontifice
1494 4089 1564 4151 in
1612 4090 1891 4174 negotiis
1938 4089 2209 4172 publicis
2262 4089 2649 4162 intervenie-

341 4186 529 4260 bant;
592 4187 709 4269 ipsi
761 4185 1214 4269 providebant,
1283 4191 1351 4248 ut
1396 4185 1766 4251 donationis
1829 4190 2016 4268 pacta
2058 4185 2426 4249 executioni
2473 4207 2647 4249 man·

2685 674 2971 726 gobadorum

2699 735 2752 778 de
2753 738 2954 779 struitur

2711 1971 2763 2023 M

2696 2267 2955 2311 Patriciaust

2709 2331 2937 2374 CaroliM.
