3270 5028
1016 445 1099 499 De
1136 443 1372 498 divortio
1409 442 1653 497 Lotharii
1690 440 1857 510 regis.
2489 442 2594 493 233

280 595 537 671 ptorum
583 587 784 670 ipsius
839 607 1005 670 quae
1061 588 1435 669 supersunt,
1497 584 1742 669 colligi,
1804 605 1948 663 eum
2007 583 2289 647 tenuisse
2334 585 2592 645 senten-

279 686 440 748 tiam
473 684 550 748 de
594 682 1189 768 praedestinatione
1202 680 1527 765 ,absoluta
1552 678 2117 766 ..1·5³pt‚0b9„1113111„a„d
2158 675 2507 761 mortem.¹)
2559 685 2562 690 '

462 868 563 932 15.
617 867 658 932 J
661 890 761 931 am
819 866 896 929 de
948 884 1147 947 causa
1193 863 1507 949 Lot-thurii,
1559 860 2381 947 reqigffie'fflsfflffldimrtio
2431 885 2590 946 pau-

279 966 370 1029 cis
418 987 702 1048 agamus.
752 998 840 1008 —-
888 962 1234 1027 Lotharius
1284 964 1396 1039 ll.‚
1456 962 1748 1026 Lotharii
1805 960 2130 1045 quondam
2174 959 2589 1043 Imperatoris

282 1062 481 1138 filius,
564 1059 1028 1144 Lotharingiae
1105 1059 1683 1143 adjunctarumque
1755 1059 2095 1143 regionum
2171 1080 2319 1134 rex,
2389 1057 2588 1121 Teut-

280 1158 510 1240 bergae
582 1157 871 1240 legitimo
937 1155 1351 1221 matrimonio
1411 1157 1713 1240 junctuS‚
1791 1155 1903 1219 sed
1972 1154 2359 1231 waldradae
2428 1176 2591 1238 quae

278 1246 1046 1336 iffis‘asff‘ad'c'ffescentia
1105 1253 1175 1316 in
1238 1252 1480 1318 deliciis
1552 1253 1768 1316 fuerat
1832 1274 2047 1317 amore
2112 1252 2448 1335 abreptuS‚
2518 1272 2592 1315 eo

278 1350 621 1432 perductus
701 1354 828 1428 est,
906 1355 980 1413 ut
1050 1350 1127 1413 de
1189 1348 1560 1433 Teutberga
1635 1347 2033 1431 repudianda
2110 1352 2176 1412 et
2244 1346 2592 1410 Waldrada

274 1447 565 1511 ducenda
620 1448 786 1510 serio
845 1446 1163 1531 cogitaret
1219 1442 1303 1529 (a.
1361 1444 1535 1527 857).
1592 1481 1680 1490 —
1737 1444 1897 1509 Erat
1953 1448 2166 1508 autem
2223 1444 2591 1533 Teutberga

277 1543 551 1607 Bosonis
622 1542 872 1606 comitis
949 1542 1364 1626 Burgundiae
1433 1543 1595 1619 filia,
1672 1542 2064 1625 fratremque
2131 1540 2413 1604 habebat
2480 1563 2592 1605 no-

275 1640 450 1703 mine
525 1637 979 1728 Qe-[anL
1035 1639 1330 1704 comitem
1403 1640 1510 1722 qui
1589 1639 1781 1703 etiam
1859 1639 2057 1702 abbas
2133 1638 2368 1702 dicitur
2439 1659 2592 1718 esse,

273 1736 428 1819 quia
502 1736 692 1800 initio
767 1737 970 1800 statui
1044 1735 1322 1800 clericali
1396 1735 1687 1800 addictus
1762 1734 2086 1800 abbatiam
2164 1733 2230 1800 S.
2296 1735 2587 1799 Maur-itii

270 1838 631 1916 acceperat,
694 1854 886 1915 quam
949 1838 1170 1915 postea
1226 1832 1296 1896 in
1359 1832 1801 1897 commendam
1867 1830 2219 1912 retinuit.²)
2323 1832 2584 1897 Confin-

454 2110 494 2176 ι)
535 2109 721 2176 Qualis
757 2110 1008 2165 fueritin
1035 2111 1284 2165 custodia
1316 2111 1572 2165 detentus
1599 2109 2024 2175 Godeschalcus,
2058 2109 2338 2178 colligitur
2374 2127 2441 2165 ex
2480 2111 2590 2180 epi-

273 2190 417 2243 stola
454 2190 733 2243 Hincmari
773 2192 842 2243 ad
880 2190 1199 2259 Egilonem:
1255 2191 1361 2259 „Et
1398 2190 1444 2243 si
1484 2189 1705 2255 aliqui3‚
1754 2189 1972 2254 scribit,
2020 2205 2119 2243 vos
2157 2189 2587 2260 interrogaverit

273 2269 338 2323 de
377 2270 649 2335 custodia,
698 2270 867 2325 talem
906 2286 1025 2324 esse
1062 2269 1337 2324 veraciter
1371 2269 1452 2323 illi
1497 2269 1824 2335 respondere
1860 2268 2119 2335 potestis:
2172 2268 2443 2336 Quidquid
2477 2270 2586 2325 fra-

273 2353 393 2401 tres
430 2349 487 2401 in
525 2349 654 2412 cibo⁴
684 2355 742 2403 et
777 2355 909 2416 potu
947 2348 1177 2415 habent,
1225 2349 1328 2402 hoc
1365 2348 1415 2402 ei
1453 2347 1694 2414 quotidie
1733 2347 1850 2401 sine
1886 2347 1999 2399 ulla
2049 2346 2396 2416 negligentia
2431 2349 2586 2402 mini-

274 2432 511 2495 stratur3
549 2429 883 2483 vestimenta
918 2469 930 2481 .
971 2469 982 2481 .
1023 2469 1034 2481 .
1074 2428 1231 2497 ligna
1268 2465 1282 2480 .
1320 2472 1332 2484 .
1372 2469 1383 2480 .
1432 2427 1515 2480 illi
1554 2427 1889 2480 sufficienter
1926 2427 2142 2480 dantur.
2184 2467 2195 2479 .
2237 2469 2248 2480 .
2288 2469 2299 2480 .
2338 2428 2586 2482 Lavacra

273 2505 356 2560 illi
395 2524 503 2561 non
541 2508 911 2576 denegantur;
962 2509 1059 2562 sed
1096 2513 1384 2576 postquam
1431 2507 1487 2561 in
1536 2507 1763 2561 eandem
1798 2506 2133 2561 mansionem
2172 2506 2430 2574 intravit,
2475 2525 2584 2564 non

271 2588 444 2640 solum
483 2603 675 2655 corpus
712 2587 900 2643 lavare
937 2586 1140 2653 noluit,
1176 2604 1366 2642 verum
1405 2603 1504 2641 nec
1541 2602 1760 2652 manus,
1798 2602 1897 2640 nec
1932 2585 2173 2641 facicm.“
2251 2588 2354 2654 Ap.
2392 2587 2582 2656 Migne

268 2667 330 2720 P.
369 2667 430 2719 L.
470 2667 532 2719 T.
574 2668 691 2720 126.
730 2668 828 2721 col.
865 2670 950 2720 70.
987 2677 1056 2704 -·-
1081 2666 1146 2719 V.
1187 2667 1409 2734 Sprotte
1445 2667 1480 2720 l.
1520 2683 1563 2719 c.
1605 2682 1657 2732 p.
1696 2668 1778 2719 93.

449 2745 492 2812 2)
543 2746 705 2799 Haud
754 2747 948 2811 claret,
1007 2754 1192 2801 utrum
1241 2746 1549 2799 Hucbertus
1605 2744 1881 2798 ordinibus
1930 2745 2230 2812 maj0ribus
2280 2745 2583 2815 insignitus

267 2824 452 2889 fuerit,
491 2842 555 2878 ac
592 2826 747 2879 varia
793 2831 920 2880 sunt
965 2827 1069 2880 hac
1116 2827 1183 2879 de
1218 2841 1277 2879 re
1316 2828 1596 2878 auctorum
1637 2822 1863 2891 judicia.
1949 2823 2031 2877 De
2078 2824 2196 2892 ejus
2245 2825 2365 2879 vita
2414 2826 2584 2879 disso-

268 2904 389 2958 luta
425 2921 488 2957 ac
525 2904 857 2958 facinoribus
904 2904 1097 2973 agitur
1142 2906 1199 2957 in
1245 2903 1478 2971 epistola
1514 2902 1804 2957 Benedicti
1843 2903 1946 2955 ΠΙ.
1994 2919 2041 2955 a.
2081 2906 2184 2956 856
2222 2904 2313 2958 vel
2361 2907 2464 2957 857
2514 2907 2583 2958 ad

264 2983 554 3051 episcopos
594 2983 808 3038 Galliae
864 2984 1010 3037 data.
1094 2984 1161 3037 In
1210 2984 1398 3037 eadem
1449 2983 1674 3036 dicitur:
1737 2980 1975 3049 „Quibus
2023 2981 2395 3049 (facinorosis)
2439 2983 2583 3036 Huc-

264 3062 483 3116 bertum
530 3062 787 3117 clericum
827 3063 1095 3129 quondam
1133 3062 1363 3116 Bosonis
1398 3061 1567 3114 filium
1613 3060 1885 3115 relatione
1929 3060 2160 3114 similem
2206 3061 2580 3130 cognovimus,

263 3141 517 3207 Qualiter
565 3142 694 3196 olim
749 3158 1026 3196 sacrorum
1078 3140 1189 3194 fuit
1240 3141 1564 3207 conjunctus
1611 3156 1834 3194 numero
1881 3139 2202 3193 clericorum
2248 3156 2281 3193 a
2320 3140 2467 3206 Dec,
2517 3148 2582 3195 ut

265 3220 323 3273 in
375 3220 578 3274 divinis
633 3220 973 3275 celebrandis
1027 3219 1305 3287 mysteriis
1358 3235 1505 3273 more
1562 3218 2016 3273 subdiaconorum
2073 3234 2261 3273 sacras
2315 3220 2580 3275 lectiones

267 3302 634 3355 conscendens
671 3301 954 3354 ambonem
992 3298 1208 3366 populis
1245 3298 1554 3352 nuntiaret:
1601 3314 1745 3351 nunc
1787 3303 1970 3352 autem
2009 3297 2175 3364 (quod
2215 3299 2579 3366 lacrymantes
2609 3307 2635 3418 ι

266 3378 578 3444 referimus)
646 3379 954 3447 iniquorum
1022 3377 1674 3445 sceleratissimorumque
1735 3376 2010 3431 hominum
2072 3379 2578 3434 conversationibus

263 3458 508 3513 sociatus
546 3458 817 3513 infaustae
846 3458 997 3512 vitae
1038 3457 1273 3525 iniquus,
1312 3464 1369 3512 et
1405 3457 1596 3510 multis
1634 3456 1866 3523 piaculis
1906 3455 2330 3524 criminibusque
2368 3458 2578 3525 plenus,

263 3539 336 3591 ad
383 3538 839 3605 periclitationem
891 3553 1049 3607 suae,
1101 3553 1204 3603 quo
1251 3553 1358 3591 non
1408 3535 1698 3601 debuerat,
1753 3535 1991 3601 animae,
2048 3536 2232 3602 iniquo
2281 3537 2577 3592 certamine

262 3616 474 3683 tendit,
514 3624 569 3672 et
608 3623 832 3671 cruenta
864 3616 1161 3684 tyrannide
1199 3613 1566 3683 perseverat.“
1644 3614 1861 3669 Citatur
1896 3630 2055 3681 porro
2094 3631 2127 3668 a
2162 3614 2429 3670 Pontifice
2468 3617 2577 3671 Ro·

261 3712 407 3749 mam
445 3696 543 3750 sub
579 3712 754 3764 poena
792 3694 1383 3750 excommunicationis.
1459 3693 1523 3746 V.
1574 3692 1864 3760 epistolam
1912 3710 1997 3761 ap.
2036 3693 2330 3747 Baronium
2378 3696 2446 3748 ad
2490 3712 2574 3749 an.

260 3777 382 3827 856.
421 3792 472 3829 n.
512 3778 594 3828 24.
645 3806 711 3812 ψ
763 3775 848 3828 Ex
884 3775 1033 3829 hisce
1085 3774 1272 3842 colligi
1322 3788 1483 3842 posse
1522 3772 1768 3835 videtur,
1816 3772 2154 3827 Hucbertum
2192 3772 2576 3828 subdiaconum

258 3854 459 3917 fuisse,
508 3855 591 3909 uti
643 3854 811 3909 etiam
860 3853 946 3907 Ill.
997 3852 1192 3907 Hefele
1241 3852 1527 3907 existimat
1579 3851 1634 3905 C.
1690 3851 1753 3905 G.
1802 3852 1899 3905 IV.
1944 3850 1993 3921 ξ.
2045 3855 2164 3905 463.
2254 3853 2358 3907 Sed
2408 3854 2578 3907 verba

258 3932 342 3985 ita
377 3931 622 4003 intelligi
668 3949 878 4001 quoque
927 3938 1183 3999 possunt,
1238 3937 1301 3985 ut
1346 3931 1656 3985 Hucbertus
1705 3928 1876 3983 fuerit
1920 3935 2134 3984 tantum
2183 3929 2241 3984 in
2291 3931 2574 3986 ordinibus

260 4012 583 4076 minoribuS‚
636 4014 743 4068 etsi
782 4028 938 4066 sacra
974 4012 1167 4074 lecti0‚
1214 4026 1349 4078 quae
1398 4010 1711 4077 plerumque
1748 4025 1780 4062 a
1818 4009 2161 4064 subdiaconis
2208 4011 2400 4079 peragi
2441 4012 2575 4065 sole-

259 4092 374 4155 bat,
412 4091 518 4159 ipsi
554 4092 778 4146 honoris
817 4090 1003 4160 gratia
1039 4091 1441 4145 concederetur.
1500 4088 1743 4142 Clericus
1781 4088 1949 4142 etiam
1988 4089 2055 4142 ab
2092 4089 2395 4144 Hincmaro
2433 4090 2576 4144 Rhe·

256 4171 432 4224 mensi
470 4171 529 4224 in
565 4171 885 4242 Annalibus
910 4170 1250 4225 Bertiniauis
1290 4169 1359 4223 ad
1394 4186 1442 4222 a.
1482 4172 1585 4222 862
1623 4172 1683 4221 et
1720 4169 1827 4220 864
1865 4167 2083 4222 dicitur.

2669 872 2865 915 Lotharii

2696 946 2842 976 causa.
