3270 5028
613 434 685 485 ss
1139 429 1289 486 xlv.
1326 431 1410 486 De
1447 388 1601 485 civ'ffi
1635 432 1703 486 R.
1740 432 2025 488 Pontifiois
2062 433 2387 501 principatu.

554 565 558 568 ⁴
612 576 782 649 tum,
836 571 1007 655 quod
1061 572 1350 637 efflictim
1406 579 1473 638 et
1535 574 1904 639 enixissime
1961 596 2104 638 eum
2160 575 2620 659 interpellabat
2676 573 2741 640 S.
2787 579 2924 640 Au·

612 667 918 752 gustinus
988 670 1112 752 (ep.
1178 668 1365 752 209),
1443 693 1526 734 ne
1602 670 1967 737 Antonium
2031 670 2481 736 Fussalensem
2556 672 2921 755 episcopum

613 764 917 830 ecclesiae
977 769 1044 829 et
1098 766 1233 830 sedi
1291 788 1444 831 suae
1499 768 1761 832 restitui
1806 769 2069 852 juberet
2133 791 2209 832 ea
2270 769 2335 833 vi
2397 775 2462 833 et
2527 773 2925 834 armatorum

611 861 889 926 militum
950 865 1236 942 caterva,
1302 885 1432 947 qua
1484 865 1861 928 restitutum
1924 864 2107 931 illum
2168 866 2248 929 iri
2307 865 2479 930 fama
2524 867 2922 949 vulgaverat,

612 958 743 1022 late
791 979 1014 1041 sparso
1071 980 1144 1023 eo
1196 961 1333 1045 jam
1387 963 1651 1026 terrore.
1754 959 2023 1025 Judicia
2076 960 2239 1041 illis,
2297 964 2357 1026 et
2398 958 2701 1042 publicas
2742 962 2922 1042 pote-

613 1058 837 1134 states,
894 1058 955 1120 et
998 1054 1321 1120 militares
1363 1055 1675 1139 impetus,
1732 1060 2045 1139 tanquam
2093 1062 2472 1124 executuros
2518 1056 2930 1140 Apostolicae

613 1148 802 1216 Sedis
844 1151 1232 1217 sententiam
1285 1152 1735 1219 comminatur.
1840 1156 2195 1238 Augustini
2239 1154 2550 1239 precibus·
2587 1161 2654 1220 et
2700 1155 2924 1238 aequi-

613 1253 750 1314 tate
793 1271 1018 1314 causae
1063 1250 1253 1315 facile
1303 1250 1645 1315 credideris
1693 1252 2052 1317 emollitum
2098 1252 2299 1317 fuisse
2347 1244 2812 1329 coelestinum,
2857 1255 2925 1315 et

613 1347 938 1431 fragorem
979 1346 1236 1411 illorum
1285 1368 1608 1411 armorum
1656 1348 2057 1432 dissipatum.

791 1443 854 1506 9.
929 1441 1139 1518 Quum
1208 1443 1535 1508 mediante
1610 1445 1860 1509 saeculo
1935 1445 2167 1528 quinto
2244 1444 2654 1510 occidentalis
2719 1443 2961 1529 Impe-‚

546 1624 549 1631 Ι
616 1540 694 1604 rii
740 1540 935 1606 robur
993 1540 1419 1624 decresceret,
1483 1543 1550 1604 et
1606 1540 2026 1606 barbarorum
2087 1542 2368 1650 agmina·
2408 1562 2680 1624 regnum
2739 1541 2924 1605 inva-

538 1648 547 1717 1
617 1642 874 1717 derent,
933 1638 1183 1722 ipsique
1244 1637 1388 1701 urbi
1452 1636 1787 1702 Romanae
1846 1638 2287 1716 imminerent,
2351 1637 2420 1700 in
2474 1638 2737 1702 summis
2796 1637 2932 1701 illis

534 1726 541 1795 f
615 1737 917 1822 periculis
992 1734 1368 1818 praesertim
1430 1733 1713 1799 Romani
1770 1734 2114 1800 Pontifices
2183 1756 2299 1799 suo
2358 1734 2639 1803 subsidio
2701 1735 2930 1799 adfue-

615 1838 774 1898 runt
806 1831 1136 1896 Romanis.
1211 1830 1287 1895 Id
1334 1831 1610 1895 maxime
1658 1833 1875 1914 patuit
1916 1835 2203 1916 tempore
2232 1831 2301 1898 S.
2334 1831 2594 1896 Leonis.
2670 1832 2936 1909 Quanta

615 1930 685 1995 in
734 1930 892 1994 urbe
938 1930 1077 2014 ejus
1120 1928 1318 1993 fuerit
1373 1927 1751 2007 auctoritaS,
1815 1933 1881 1994 et
1936 1931 2337 2012 praesentiae
2390 1931 2527 2013 ejus
2581 1929 2934 1994 necessitas

311 2033 472 2137 {⁴3¹2ss
511 2033 571 2074 M·
616 2027 809 2092 simul
862 2029 1058 2109 atque
1104 2026 1423 2103 solamen,
1490 2025 1756 2109 colliges
1812 2048 1889 2090 ex
1935 2026 2041 2104 iis,
2104 2049 2268 2110 quae
2312 2028 2537 2092 scribit
2596 2026 2675 2090 ad
2719 2024 2924 2091 Theo-

618 2123 867 2188 dosium
930 2121 1045 2200 IL,
1109 2121 1480 2206 significans
1550 2143 1684 2185 non
1746 2143 1926 2205 posse
1993 2144 2070 2195 se,
2125 2125 2436 2207 proficisci
2503 2128 2571 2188 et
2632 2143 2926 2206 praeesse
2975 2120 2988 2147 ’

617 2219 878 2303 Synodo
926 2219 1370 2307 oecumenicae
1425 2221 1584 2282 tunc
1638 2216 1880 2300 Ephesi
1936 2223 2320 2285 convocatae
2375 2224 2570 2304 (quae
2616 2221 2687 2285 in
2732 2220 2934 2284 latro·

617 2318 856 2382 oinium
923 2315 1393 2399 degeneravit),
1462 2314 1630 2398 quod
1700 2314 1923 2380 abesse
1990 2315 2198 2381 Roma
2266 2319 2474 2400 ipsum
2545 2340 2679 2382 non
2746 2322 2928 2400 pate-

588 2417 797 2479 ‘retur
844 2412 1040 2478 Urbis
1084 2412 1276 2476 salus.
1373 2409 1556 2490 Quod
1600 2409 1820 2493 pietas
1872 2412 2039 2495 ejus,
2101 2413 2348 2491 scribit,
2409 2412 2606 2479 etiam
2650 2433 2751 2478 me
2795 2431 2924 2476 cre-

618 2510 788 2577 didit
860 2511 1168 2577 interesse
1235 2507 1455 2573 debere
1531 2507 1840 2589 Concilio,
1921 2507 2180 2574 etiamsi
2247 2509 2595 2576 secundum
2663 2506 2934 2591 aliquod

620 2608 990 2692 eaeiqeretur
1034 2605 1413 2688 exemplum,
1459 2626 1638 2672 nunc
1683 2610 1900 2671 tamen
1939 2627 2351 2689 nequaquam
2388 2611 2604 2690 posset
2648 2604 2932 2689 impleri,

625 2706 783 2789 quia
851 2726 1074 2771 rerum
1124 2701 1570 2787 praesentium
1635 2702 1838 2768 nimis
1904 2702 2158 2769 incerta
2219 2703 2528 2784 conditio,
2604 2724 2645 2769 a
2705 2706 2935 2769 tantae

623 2802 810 2870 urbis
865 2800 1133 2886 populis
1199 2820 1298 2865 me
1358 2799 1574 2865 abesse
1634 2820 1769 2865 non
1831 2799 2099 2878 sineret,
2167 2805 2228 2865 et
2286 2801 2359 2866 in
2421 2800 2934 2884 desperationem

625 2900 976 2983 quamdam
1021 2897 1233 2964 animi
1278 2896 1825 2964 tumultuantium
1881 2896 2324 2977 mitterentur,
2376 2897 2436 2961 si
2487 2918 2609 2980 per
2653 2895 2928 2963 occasio-

623 3018 772 3063 nem
839 3016 1074 3063 causae
1149 2992 1609 3059 ecclesiasticae
1684 2992 1938 3058 viderer
2003 2994 2302 3077 patriam
2368 2998 2429 3059 et
2493 2992 2937 3076 Apostolicam

628 3094 852 3160 Sedem
910 3092 1068 3158 velle
1126 3088 1487 3175 deserere.²)
1593 3090 1680 3155 Et
1737 3093 1806 3155 in
1865 3092 1992 3156 alia
2052 3093 2321 3176 epistola
2381 3093 2623 3176 pariter
2681 3091 2929 3156 scribit:

580 3234 590 3241 -
631 3190 792 3258 Gum
856 3187 1231 3272 temporalis
1291 3185 1640 3253 necessitas
1707 3208 1805 3252 me
1867 3208 2001 3253 non
2060 3187 2370 3270 patiatur
2432 3188 2718 3253 deserere
2781 3185 2934 3252 civi-

629 3285 899 3368 tatem.²)
991 3286 1196 3351 Nemo
1242 3307 1430 3369 porro
1477 3288 1574 3350 est
1618 3287 1729 3369 qui
1775 3286 2045 3368 nesciat,
2088 3309 2201 3370 per
2247 3283 2313 3351 S.
2355 3286 2642 3352 Leonem
2688 3285 2928 3351 factum

464 3330 617 3560 †l
630 3408 767 3450 esse
816 3384 900 3467 (a.
937 3382 1117 3467 452),
1164 3387 1238 3446 ut
1282 3382 1497 3447 Attila
1535 3379 1923 3446 Hunnorum
1971 3401 2082 3448 rex
2113 3382 2274 3447 Urbi
2319 3386 2630 3467 parceret,
2678 3387 2745 3448 et
2788 3403 2929 3448 cum

556 3511 561 3516 ’
631 3483 827 3566 copiis
882 3481 1014 3547 suis
1063 3479 1405 3544 recederet.
1500 3478 1777 3543 Romani
1827 3480 2205 3545 Pontificem
2266 3481 2801 3565 periculosissima
2855 3476 2935 3542 ad

629 3602 849 3692 regem
914 3579 1425 3643 honestaverunt
1492 3576 1854 3686 legatione,
1934 3599 2076 3640 cum
2150 3576 2395 3643 duobus
2466 3578 2607 3642 aliis
2676 3577 2933 3660 amplis·

632 3679 812 3743 simis
883 3680 948 3741 et
1019 3672 1441 3740 ornatissimis
1504 3672 1678 3738 viris.
1787 3673 1893 3737 Ad
1953 3674 2571 3738 truculentissimum
2638 3674 2936 3739 videlicet

630 3797 860 3859 regem
894 3779 970 3838 ut
1010 3793 1226 3855 pacem
1276 3772 1600 3853 peterent,
1655 3791 1801 3834 cum
1840 3770 1978 3834 viro
2026 3770 2342 3835 consulari
2386 3769 2639 3836 Avieno
2687 3773 2754 3835 et
2798 3769 2940 3832 viro

633 3870 1053 3956 praefectorio
1101 3866 1391 3952 Trigetio
1431 3866 1755 3949 profectus
1803 3871 1901 3931 est
1944 3866 2345 3931 beatissimus
2374 3867 2550 3951 Papa
2581 3865 2716 3932 Leo
2764 3865 2935 3930 auxi·

632 3969 721 4033 lio
775 3965 899 4031 Dei
958 3965 1190 4046 fretuS,
1248 3985 1439 4047 quem
1500 3963 1689 4028 sciret
1746 3985 2082 4047 nunquam
2141 3963 2389 4045 piorum
2452 3963 2775 4029 laboribus
2835 3962 2943 4025 de·

813 4173 857 4241 ¹)
892 4171 1070 4241 Epist.
1111 4173 1191 4225 13.
2035 4169 2078 4237 2)
2114 4170 2290 4238 Epist.
2331 4174 2412 4225 17.
