3270 5028
662 440 728 491 12
1390 439 1472 492 De
1508 439 1723 492 haeresi
1759 438 2236 491 Iconoclastarum.

660 599 805 644 cum
861 577 1156 642 omnibus
1210 578 1484 662 reychiS,
1549 598 1714 660 quae
1763 578 1923 661 jure
1970 598 2045 642 ac
2100 576 2420 643 divinitus
2473 577 2552 642 ab
2596 576 2761 659 ipsis
2806 598 2965 658 pro-

658 674 987 757 mulqatae
1052 678 1236 754 sumt,
1303 674 1478 740 inter
1536 695 1701 756 quas
1766 674 2162 754 continetur,
2236 673 2351 754 „i‘n
2415 672 2798 756 quibusdam
2862 693 2963 738 ve—

658 770 1052 836 nerabilium
1129 770 1497 854 *imayinum
1563 771 1851 853 picturis
1922 771 2156 854 Agnus
2232 769 2436 854 diyito
2500 768 2968 835 Praecursoris

659 871 972 933 exaratus
1016 866 1436 933 ostenditur.“
1481 867 1666 953 (Can.
1717 869 1919 934 Trull.
1973 868 2103 952 82.)
2194 868 2560 932 Hadrianus
2609 868 2967 931 assertione

662 965 1047 1030 Graecorum
1104 966 1402 1048 deceptus
1464 967 1861 1030 existimasse
1918 966 2201 1048 videtur,
2265 965 2517 1029 eosdem
2576 964 2799 1029 Patres
2854 964 2964 1046 qui

659 1062 1006 1125 adfuerunt
1075 1061 1362 1125 Concilio
1413 1063 1524 1127 VI.
1597 1062 1789 1126 etiam
1859 1083 2137 1127 canones
2194 1062 2629 1144 disciplinares
2697 1059 2966 1124 edidisse

657 1159 830 1240 illos,
893 1160 1002 1242 qui
1070 1160 1139 1222 in
1201 1159 1511 1222 Trullana
1577 1161 1822 1242 synodo
1885 1159 2037 1223 editi
2108 1164 2274 1224 sunt.
2367 1157 2489 1223 Sed
2559 1158 2967 1222 restrictione

657 1255 770 1318 illa
813 1256 1117 1339 generali
1149 1275 1313 1337 quae
1357 1254 1516 1337 jure
1571 1273 1647 1319 ac
1696 1253 2017 1320 divinitus
2064 1255 2521 1337 promulyatae
2565 1257 2747 1332 sunt,
2806 1254 2963 1317 satis

657 1352 1109 1434 providebatur
1157 1350 1337 1416 Sedis
1382 1353 1791 1434 Apostolicae
1837 1353 2228 1428 auctoritati,
2282 1359 2357 1416 ut
2405 1353 2746 1416 discrimen
2793 1351 2969 1414 inter

658 1449 864 1513 varios
923 1470 1202 1513 canones
1259 1449 1399 1512 fieri
1453 1455 1685 1532 posset.
1780 1449 2135 1513 Concilium
2183 1471 2420 1513 oecum.
2454 1449 2641 1524 VII„
2702 1471 2779 1512 ex
2836 1448 2968 1530 epi-

656 1546 859 1628 scopis
908 1545 1329 1610 orientalibus
1377 1552 1703 1620 constans,
1750 1546 2126 1629 approbavit
2164 1545 2421 1630 quidem
2468 1567 2743 1610 canones
2776 1543 2958 1606 Trul-

658 1642 860 1717 lanOS,
909 1641 1162 1708 eosdem
1202 1647 1425 1705 sextae
1457 1639 1715 1722 Synodo
1762 1642 2143 1717 attribuenS,
2191 1643 2259 1706 in
2298 1665 2415 1706 suo
2448 1664 2693 1707 canone
2727 1641 2964 1724 primm

658 1737 771 1800 sed
813 1737 1006 1800 etiam
1053 1737 1242 1820 hujus
1291 1737 1558 1802 Concilii
1607 1760 1884 1803 canones
1930 1761 1967 1802 a
2010 1736 2171 1803 Sede
2219 1740 2586 1822 Apostolica
2631 1759 2759 1801 non
2809 1741 2970 1801 sunt

657 1830 1094 1912 confirmati.¹)

349 2007 493 2050 Series
520 2009 612 2049 Ra.
838 1992 938 2056 13.
1007 1991 1047 2056 J
1054 2013 1156 2054 am
1225 1991 1502 2056 breviter
1567 1996 1913 2076 tangamus
1982 2015 2054 2056 ea
2120 2015 2284 2076 quae
2354 1988 2753 2058 Occidentem
2818 1990 2966 2053 atti·

346 2070 617 2111 P⁰¹¹¹²ffi⁰¹¹¹¹¹‘
656 2091 847 2165 nent,
920 2092 994 2150 ut
1048 2087 1254 2171 qualis
1311 2088 1509 2151 fuerit
1568 2110 1779 2151 rerum
1842 2090 2411 2152 ecclesiasticarum
2472 2092 2677 2157 status
2734 2086 2965 2149 melius

657 2184 1094 2267 perspiciatur.
1206 2181 1383 2247 Obiit
1443 2181 1508 2246 S.
1565 2182 1822 2266 Ayatho
1888 2183 2061 2268 Papa
2125 2186 2225 2249 die
2292 2187 2393 2249 10.
2454 2185 2748 2250 ,Ianuarii
2814 2183 2964 2259 682,

658 2286 724 2344 et
787 2282 857 2344 in
931 2281 1066 2364 ejus
1133 2280 1340 2344 locum
1406 2281 1711 2345 suffectus
1774 2282 1900 2345 fuit
1968 2279 2034 2345 S.
2093 2280 2226 2345 Leo
2274 2280 2373 2345 II.
2438 2281 2719 2355 Siculus,
2792 2281 2968 2343 vitae

657 2377 1003 2442 sanctitate
1050 2377 1288 2454 clarus,
1342 2399 1664 2441 sacrarum
1709 2377 2183 2461 Scripturarum
2230 2379 2674 2462 peritissimUS,
2739 2398 2967 2461 graece

660 2480 724 2538 et
778 2473 980 2538 latine
1041 2473 1282 2538 doctus,
1380 2472 1486 2538 Ab
1545 2495 1618 2538 eo
1670 2474 2115 2539 confirmatum
2179 2475 2305 2540 fuit
2358 2474 2715 2540 Concilium
2776 2494 2963 2538 oecu-

655 2572 976 2635 menicum
1037 2575 1306 2634 sextum.
1399 2569 1590 2633 Brevi
1650 2571 2031 2654 pontificatu
2086 2572 2344 2636 functus
2406 2574 2482 2636 ad
2542 2573 2786 2636 coelum
2846 2571 2964 2633 mi-

656 2668 869 2752 gravit
925 2667 1024 2731 die
1078 2669 1140 2731 3.
1186 2667 1345 2731 Julii
1392 2689 1446 2731 a.
1494 2667 1639 2731 683.
1699 2703 1776 2712 —
1842 2665 2161 2732 Successit
2207 2670 2263 2732 ei
2311 2665 2375 2731 S.
2422 2665 2816 2731 Benedictus
2862 2663 2963 2734 II.

657 2764 1019 2842 Romanus,
1085 2765 1186 2828 die
1249 2765 1355 2827 26.
1415 2763 1598 2828 Junii
1664 2764 1821 2837 684,
1886 2766 1998 2847 qui
2058 2766 2304 2848 pariter
2364 2766 2740 2829 brevissimo
2800 2769 2960 2828 tem·

655 2882 806 2944 pore
880 2861 1230 2925 Ecclesiam
1297 2860 1704 2944 gubernavit.
1820 2859 2001 2925 Obiit
2065 2862 2234 2925 enim
2302 2862 2403 2926 die
2471 2863 2529 2925 5.
2589 2860 2746 2944 Maji
2804 2860 2963 2923 anni

658 2959 804 3022 685.
898 2957 1318 3041 Vigilantiam
1361 2979 1540 3019 suam
1598 2958 1979 3040 pastoralem
2029 2959 2338 3040 ostendit,
2396 2980 2594 3042 quum
2651 2958 2965 3040 reciperet

655 3055 736 3118 ab
802 3055 1110 3138 episcopis
1174 3054 1480 3137 Hispanis
1540 3053 1831 3117 libellum
1895 3055 2276 3138 inscriptum
2341 3052 2543 3119 Ia‘ber
2602 3051 3006 3135 responsio-'

654 3149 762 3215 nis
812 3148 962 3229 fidei
1020 3154 1281 3214 nostrae
1332 3172 1444 3213 seu
1494 3147 1839 3231 Apoloqia,
1893 3172 2081 3233 quem
2145 3152 2403 3216 nomine
2468 3172 2686 3214 eorum
2732 3148 2794 3214 S.
2840 3149 2880 3214 J
2889 3173 2958 3211 u-

652 3248 866 3311 lianus
897 3247 1422 3330 Archiepiscopus
1461 3246 1812 3311 Toletanus
1859 3248 2338 3332 conscripserat,
2385 3251 2461 3311 ut
2504 3248 2964 3330 profiterentur

654 3342 842 3406 fidem
907 3345 1298 3408 conformem
1365 3343 1649 3407 Concilio
1718 3345 2120 3408 oecumenico
2191 3350 2392 3408 sexto.
2506 3344 2718 3419 Quum
2787 3342 2959 3405 enim

548 3458 551 3462 ·
655 3440 1009 3504 offenderet
1077 3439 1379 3503 Pontifex
1447 3440 1517 3502 in
1586 3461 1659 3503 eo
1728 3441 2168 3522 expressiones
2239 3440 2544 3524 quasdam
2608 3440 2959 3523 ambiguaS,

657 3533 780 3618 (uti
828 3535 1031 3599 illam:
1093 3533 1395 3599 volumtas
1437 3533 1670 3617 yenuit
1722 3534 2177 3616 voluntatem),
2239 3538 2617 3619 postulavit,
2681 3541 2756 3599 ut
2804 3535 2961 3598 istas

653 3631 1117 3696 modificarent.
1209 3629 1481 3715 Hispani
1531 3631 1787 3716 quidem
1835 3633 2141 3714 episcopi,
2200 3654 2397 3715 quum
2443 3656 2617 3697 anno
2665 3634 2790 3697 688
2837 3633 2957 3695 ite-

653 3752 797 3793 rum
844 3728 1053 3793 Toleti
1099 3728 1414 3811 synodum
1465 3729 1809 3805 haberent,
1866 3728 2421 3793 observationibus
2472 3730 2801 3795 Pontificis
2848 3729 2963 3793 ali-

655 3826 1033 3909 quantisper
1078 3825 1305 3889 offensi
1353 3828 1534 3902 sunt,
1577 3829 1642 3888 et
1688 3824 2041 3889 orthodoxa
2086 3829 2302 3888 mente
2348 3848 2413 3890 se
2458 3827 2571 3890 illa
2614 3826 2957 3909 scripsisse,

654 3922 1012 4004 similiaque
1062 3921 1226 4004 apud
1273 3927 1527 3985 sanctos
1585 3922 1809 3985 Patres
1858 3943 2211 3998 occurrere,
2275 3923 2717 3986 ostenderunt.
2825 3920 2960 3985 No-

834 4166 874 4231 1)
912 4167 1052 4220 vide
1091 4166 1156 4219 de
1195 4165 1280 4218 his
1318 4165 1511 4220 Hefele
1551 4167 1605 4219 c.
1647 4168 1727 4232 G„
1767 4167 1828 4218 B.
1869 4167 1970 4219 ΠΙ.
2010 4165 2057 4234 g.
2098 4168 2216 4218 329.
