3270 5028
924 455 1008 508 De
1046 469 1210 508 causa
1246 453 1529 507 Hincmari
1566 454 1959 508 Laudunensi&
2500 458 2613 508 255

293 595 444 659 dum
512 618 747 661 morem
813 601 1292 661 retractaretur.
1404 595 1685 660 Proinde
1754 596 1949 660 etiam
2011 596 2129 661 hac
2192 597 2262 660 in
2335 618 2401 659 re
2469 618 2603 660 non

294 694 483 757 cessit
539 694 847 776 episcopis
896 692 1174 769 Galliae,
1239 695 1344 776 qui
1400 694 1595 757 alium
1656 691 1909 756 modum
1971 693 2288 757 examinis
2335 692 2401 756 in
2460 714 2608 776 pro·

297 789 506 854 vincia
572 788 957 853 instituendi
1026 791 1526 872 postulaverant.
1639 789 1868 854 Vetuit
1935 794 2269 872 praeterea
2331 789 2607 853 Hadria-

296 904 438 961 nuS,
487 907 571 949 ne
619 907 953 970 quousque
999 907 1191 951 causa
1237 889 1408 950 esset
1453 885 1641 950 finita
1692 887 1852 950 alius
1899 887 2229 970 episcopus
2282 886 2350 949 in
2412 887 2605 950 eccle-

292 983 388 1046 sia
433 981 849 1047 Laudunensi
906 983 1333 1047 ordinaretur.
1427 981 1697 1065 Scripsit
1743 981 2111 1047 Hadrianus
2168 984 2419 1048 litteras
2463 988 2606 1046 tum

293 1079 371 1143 ad
431 1079 852 1144 Hincmarum
911 1083 1049 1143 tum
1111 1079 1191 1143 ad
1250 1078 1546 1144 Carolum
1606 1078 1874 1143 Calvum
1933 1100 2181 1163 regern;
2238 1079 2350 1144 sed
2407 1080 2608 1143 Hinc·

293 1198 506 1240 marus
552 1198 770 1240 amara
820 1182 1036 1240 mente
1084 1176 1443 1259 respondit,
1500 1181 1699 1258 atque
1745 1175 2036 1239 acerbius
2096 1176 2285 1239 etiam
2336 1175 2608 1240 Carolus

293 1270 526 1347 Calvus
588 1273 881 1356 epistola,
942 1294 1132 1356 quam
1198 1271 1620 1337 Hincmarum
1684 1272 2113 1336 Rhemensem
2177 1274 2610 1355 composuisse

292 1370 706 1434 conveniunt.
821 1368 1345 1438 Contenderunt‚
1425 1391 1676 1433 causam
1756 1369 2087 1434 Hincmari
2156 1368 2613 1433 Laudunensis

289 1467 636 1531 secundum
703 1487 982 1530 canones
1041 1469 1412 1544 tractatam,
1484 1466 1804 1550 hujusque
1869 1468 2124 1549 culpam
2192 1466 2602 1530 manifestam

291 1585 458 1647 esse3
507 1562 773 1627 Carolus
819 1563 887 1626 in
927 1562 1162 1626 litteris
1209 1562 1337 1625 suis
1388 1562 1582 1625 etiam
1631 1568 2022 1646 conquestus
2071 1567 2200 1640 est,
2250 1562 2419 1646 quod
2466 1563 2610 1645 ipse

289 1663 357 1723 in
421 1659 751 1724 Pontificis
818 1659 1113 1742 epistola,
1178 1680 1370 1741 quam
1436 1680 1474 1721 a
1533 1659 1845 1723 malevolo
1909 1661 2125 1742 aliquo
2192 1660 2603 1743 compositam

290 1758 509 1840 fingit,
568 1757 757 1840 plane
798 1757 1041 1840 injuste
1098 1758 1443 1831 tractetur,
1503 1777 1702 1839 quum
1747 1755 2261 1838 praedecessores
2317 1755 2514 1839 ipsius
2563 1777 2601 1818 a

288 1853 600 1919 Romanis
667 1852 1087 1917 Pontificibus
1159 1873 1406 1934 semper
1464 1851 1785 1915 amicitiae
1849 1853 2035 1936 signa
2099 1854 2423 1935 praeclara
2486 1854 2599 1916 ob-

286 1947 687 2034 tinuerint.¹)
763 1949 1131 2013 Hadrianus
1163 1948 1533 2012 oeconomia
1565 1948 1865 2031 prudenti
1911 1950 2037 2013 alia
2069 1950 2339 2033 epistola
2381 1970 2600 2033 regem

287 2069 680 2131 compescere
734 2045 1015 2121 studuit,
1071 2065 1378 2128 suamque
1430 2045 1497 2108 in
1555 2045 1762 2128 ipsum
1825 2045 2337 2110 benevolentiam
2396 2050 2597 2109 testa-

288 2153 394 2210 tus
435 2141 636 2227 est32)
684 2144 859 2207 brevi
906 2147 1052 2226 post
1094 2146 1309 2205 autem
1361 2140 1661 2205 Pontifex
1710 2142 1890 2206 obiit.

2670 1656 2677 1686 l

466 2304 571 2367 42.
638 2302 911 2366 Interim
975 2321 1119 2389 nef·
1157 2298 1506 2364 Hincmaro
1576 2299 1993 2364 Laudunensi
2055 2300 2387 2383 permissio
2449 2299 2600 2364 data
2669 2310 2894 2352 Hincmari

288 2407 385 2466 est
445 2402 712 2479 Romam
774 2395 1253 2481 proficiscendi,
1320 2417 1439 2460 nec
1496 2395 1843 2460 adversarii
1908 2403 2352 2480 procuratores
2415 2397 2598 2460 mise·
2638 2374 2774 2415 Lm·
2808 2375 2928 2416 ma*

286 2502 461 2588 runt.
582 2496 720 2561 Imo
797 2494 1062 2559 Carolus
1146 2514 1256 2557 rex
1335 2491 1757 2557 Hincmarum
1834 2492 2158 2558 custodiae
2236 2474 2627 2562 mandavitss

288 2617 486 2678 quum
549 2615 699 2657 vero
768 2595 985 2676 partes
1062 2590 1133 2653 in
1207 2590 1424 2672 aliqua
1489 2591 1939 2675 conjuratione
2003 2591 2135 2674 ipse
2203 2613 2594 2674 supponere-

285 2698 395 2756 tur
463 2690 804 2764 habuisse,
887 2687 1408 2781 ορρζίξᾙᾳᾳρςῃέεξ
1458 2688 1965 2776 Ifuiss,.,9.11b³÷¹⁵1¹s·
2081 2687 2389 2751 Attamen
2460 2710 2593 2751 non

284 2788 425 2852 ausi
488 2790 644 2851 sunt
704 2786 969 2850 Carolus
1031 2789 1097 2848 et
1158 2783 1434 2866 episcopi
1499 2783 1745 2848 Galliae
1809 2785 2004 2848 alium
2068 2785 2205 2847 loco
2263 2783 2594 2848 Hincmari

283 2884 676 2949 substituere
724 2882 1022 2946 ecclesiae
1072 2878 1515 2944 Laudunensis
1574 2882 1972 2964 episcopum,
2029 2885 2376 2964 antequam
2429 2903 2595 2943 sum·

285 3004 428 3045 mus
502 2979 831 3044 Pontifex·
881 2977 1269 3043 sententiam
1343 2976 1572 3059 synodi
1646 2977 2060 3041 Duziacensis
2133 2977 2598 3046 confirmasset.

282 3078 465 3142 Haec
525 3076 926 3141 confirmatio
986 3074 1238 3138 demum
1302 3078 1573 3143 obtenta
1633 3080 1729 3138 est
1791 3097 1826 3138 a
1874 3074 2129 3138 Joanne
2176 3071 2368 3141 VIII..
2422 3096 2601 3136 anno

287 3176 447 3250 876,
514 3196 712 3258 quum
774 3171 1039 3237 Carolus
1097 3194 1211 3254 pro
1284 3195 1520 3239 corona
1583 3171 1899 3254 imperiali
1968 3170 2238 3233 Romam
2298 3170 2591 3233 venisset.

283 3271 471 3336 Tunc
528 3270 832 3334 ecclesiae
880 3268 1294 3334 Laudunensi
1361 3270 1691 3353 episcopus
1748 3267 1988 3330 electus
2056 3268 2121 3330 et
2184 3269 2601 3329 consecratus

285 3373 381 3431 est
430 3366 833 3452 Hedenulfus
888 3365 1244 3452 presbyter.
1348 3367 1557 3442 Quum
1604 3385 1753 3429 vero
1812 3385 1987 3427 anno
2046 3363 2170 3426 878
2229 3368 2373 3444 post
2433 3384 2596 3424 mor·

282 3469 413 3527 tem
462 3451 670 3527 Caroli
712 3462 891 3526 Calvi
931 3462 1218 3527 Joannes
1257 3464 1436 3527 VIII.
1484 3466 1547 3525 in
1599 3461 1876 3526 Galliam
1922 3460 2206 3524 venisset
2250 3458 2594 3541 synodum-

284 3583 408 3646 que
475 3559 693 3624 Trecis
764 3559 1143 3635 celebraret,
1226 3561 1488 3624 accessit
1552 3559 1941 3622 Hincmarus
2004 3553 2453 3619 Laudunensis
2529 3559 2593 3618 et

283 3657 523 3722 obtulit
569 3654 850 3720 libellum
895 3653 1378 3721 reclamationis
1423 3661 1649 3721 contra
1698 3655 2116 3718 Hincmarum
2162 3653 2595 3717 Rhemensem

282 3773 554 3837 suosque
617 3739 1036 3817 adversarios.
1144 3754 1243 3817 Ea
1300 3754 1632 3817 occasione
1694 3751 1946 3835 quidem
2009 3772 2197 3814 causa
2259 3747 2591 3812 Hincmari

272 3850 554 3934 junioris
603 3849 773 3913 haud
818 3849 1054 3913 iterum
1095 3851 1163 3913 in
1204 3849 1513 3934 judicium
1562 3853 1815 3925 vocata,
1879 3869 1952 3909 ex
2013 3847 2222 3930 gratia
2268 3850 2484 3909 autem
2532 3844 2596 3906 ei

462 4111 503 4180 ¹)
540 4110 607 4164 V.
645 4109 931 4164 Hincmari
966 4109 1101 4177 Opp.
1140 4115 1181 4163 t.
1224 4110 1297 4162 Π.
1334 4126 1385 4176 p.
1424 4112 1543 4162 689.
1585 4110 1704 4160 701.

457 4189 501 4258 ¹)
537 4190 604 4243 V.
640 4188 825 4242 Labbe
851 4188 1007 4242 VIII.
1048 4191 1167 4241 936.
