<?xml version="1.0" encoding="UTF-8"?>
<!DOCTYPE html PUBLIC "-//W3C//DTD XHTML 1.0 Transitional//EN"
    "http://www.w3.org/TR/xhtml1/DTD/xhtml1-transitional.dtd">
<html xmlns="http://www.w3.org/1999/xhtml" xml:lang="en" lang="en">
 <head>
  <title>
</title>
<meta http-equiv="Content-Type" content="text/html;charset=utf-8" />
  <meta name='ocr-system' content='tesseract 3.04.00' />
  <meta name='ocr-capabilities' content='ocr_page ocr_carea ocr_par ocr_line ocrx_word'/>
</head>
<body>
  <div class='ocr_page' id='page_1' title='image "./dissertationess04junggoog_0131.png"; bbox 0 0 3270 5028; ppageno 0'>
   <div class='ocr_carea' id='block_1_1' title="bbox 884 462 2634 533">
    <p class='ocr_par' dir='ltr' id='par_1_1' title="bbox 884 462 2634 533">
     <span class='ocr_line' id='line_1_1' title="bbox 884 462 2634 533; baseline -0.005 -13"><span class='ocrx_word' id='word_1_1' title='bbox 884 465 1138 520; x_wconf 82' lang='lat' dir='ltr'><strong>Elevatio</strong></span> <span class='ocrx_word' id='word_1_2' title='bbox 1178 463 1362 533; x_wconf 85' lang='lat' dir='ltr'><strong>Pipiui</strong></span> <span class='ocrx_word' id='word_1_3' title='bbox 1398 464 1456 517; x_wconf 89' lang='lat' dir='ltr'><strong>in</strong></span> <span class='ocrx_word' id='word_1_4' title='bbox 1492 478 1681 531; x_wconf 85' lang='lat' dir='ltr'><strong>regem</strong></span> <span class='ocrx_word' id='word_1_5' title='bbox 1716 462 2064 515; x_wconf 82' lang='lat' dir='ltr'><strong>Francorum.</strong></span> <span class='ocrx_word' id='word_1_6' title='bbox 2534 462 2634 512; x_wconf 77' lang='lat'><strong>125</strong></span> 
     </span>
    </p>
   </div>
   <div class='ocr_carea' id='block_1_2' title="bbox 321 601 2631 788">
    <p class='ocr_par' dir='ltr' id='par_1_2' title="bbox 321 601 2631 787">
     <span class='ocr_line' id='line_1_2' title="bbox 322 601 2631 691; baseline -0.003 -19"><span class='ocrx_word' id='word_1_7' title='bbox 322 608 665 691; x_wconf 86' lang='lat' dir='ltr'><strong>Burgundi</strong></span> <span class='ocrx_word' id='word_1_8' title='bbox 712 612 778 671; x_wconf 91' lang='lat' dir='ltr'><strong>et</strong></span> <span class='ocrx_word' id='word_1_9' title='bbox 824 607 1085 685; x_wconf 83' lang='lat' dir='ltr'><strong>Bavari‚</strong></span> <span class='ocrx_word' id='word_1_10' title='bbox 1146 606 1256 689; x_wconf 90' lang='lat' dir='ltr'><strong>qui</strong></span> <span class='ocrx_word' id='word_1_11' title='bbox 1303 627 1437 669; x_wconf 92' lang='lat' dir='ltr'><strong>non</strong></span> <span class='ocrx_word' id='word_1_12' title='bbox 1483 604 1608 668; x_wconf 88' lang='lat' dir='ltr'><strong>nisi</strong></span> <span class='ocrx_word' id='word_1_13' title='bbox 1659 625 1801 668; x_wconf 89' lang='lat' dir='ltr'><strong>cum</strong></span> <span class='ocrx_word' id='word_1_14' title='bbox 1853 623 2089 686; x_wconf 83' lang='lat' dir='ltr'><strong>magna</strong></span> <span class='ocrx_word' id='word_1_15' title='bbox 2134 601 2516 666; x_wconf 62' lang='lat' dir='ltr'><strong>difficultate</strong></span> <span class='ocrx_word' id='word_1_16' title='bbox 2562 601 2631 664; x_wconf 90' lang='lat' dir='ltr'><strong>in</strong></span> 
     </span>
     <span class='ocr_line' id='line_1_3' title="bbox 321 698 2204 788; baseline -0.004 -20"><span class='ocrx_word' id='word_1_17' title='bbox 321 727 437 769; x_wconf 87' lang='lat' dir='ltr'><strong>sua</strong></span> <span class='ocrx_word' id='word_1_18' title='bbox 485 727 523 768; x_wconf 91' lang='lat' dir='ltr'><strong>a</strong></span> <span class='ocrx_word' id='word_1_19' title='bbox 569 701 959 768; x_wconf 83' lang='lat' dir='ltr'><strong>Francorum</strong></span> <span class='ocrx_word' id='word_1_20' title='bbox 1007 703 1267 787; x_wconf 85' lang='lat' dir='ltr'><strong>regibus</strong></span> <span class='ocrx_word' id='word_1_21' title='bbox 1314 700 1745 784; x_wconf 89' lang='lat' dir='ltr'><strong>dependentia</strong></span> <span class='ocrx_word' id='word_1_22' title='bbox 1790 698 2204 788; x_wconf 80' lang='lat' dir='ltr'><strong>tenebantur.</strong></span> 
     </span>
    </p>
   </div>
   <div class='ocr_carea' id='block_1_3' title="bbox 311 854 2949 3065">
    <p class='ocr_par' dir='ltr' id='par_1_3' title="bbox 311 854 2949 3065">
     <span class='ocr_line' id='line_1_4' title="bbox 501 854 2949 944; baseline -0.003 -20"><span class='ocrx_word' id='word_1_23' title='bbox 501 862 604 925; x_wconf 85' lang='lat'><strong>50.</strong></span> <span class='ocrx_word' id='word_1_24' title='bbox 668 859 1036 944; x_wconf 77' lang='lat' dir='ltr'><strong>Stephanus</strong></span> <span class='ocrx_word' id='word_1_25' title='bbox 1100 859 1408 925; x_wconf 77' lang='lat' dir='ltr'><strong>Pontifex</strong></span> <span class='ocrx_word' id='word_1_26' title='bbox 1473 857 1803 922; x_wconf 85' lang='lat' dir='ltr'>laboribus</span> <span class='ocrx_word' id='word_1_27' title='bbox 1869 861 1935 921; x_wconf 89' lang='lat' dir='ltr'><strong>et</strong></span> <span class='ocrx_word' id='word_1_28' title='bbox 2002 856 2326 919; x_wconf 87' lang='lat' dir='ltr'><strong>aerumnis</strong></span> <span class='ocrx_word' id='word_1_29' title='bbox 2389 854 2632 919; x_wconf 86' lang='lat' dir='ltr'><strong>fractus</strong></span> <span class='ocrx_word' id='word_1_30' title='bbox 2677 875 2837 917; x_wconf 76' lang='lat' dir='ltr'><strong>unctio</strong></span> <span class='ocrx_word' id='word_1_31' title='bbox 2868 877 2949 917; x_wconf 98' lang='lat' dir='ltr'><strong>Pi</strong></span> 
     </span>
     <span class='ocr_line' id='line_1_5' title="bbox 321 941 2856 1039; baseline -0.004 -16"><span class='ocrx_word' id='word_1_32' title='bbox 321 960 390 1023; x_wconf 89' lang='lat' dir='ltr'><strong>in</strong></span> <span class='ocrx_word' id='word_1_33' title='bbox 425 957 712 1023; x_wconf 86' lang='lat' dir='ltr'><strong>Abbatia</strong></span> <span class='ocrx_word' id='word_1_34' title='bbox 742 955 804 1022; x_wconf 91' lang='lat' dir='ltr'><strong>S.</strong></span> <span class='ocrx_word' id='word_1_35' title='bbox 836 955 1131 1039; x_wconf 83' lang='lat' dir='ltr'><strong>Dionysii</strong></span> <span class='ocrx_word' id='word_1_36' title='bbox 1179 956 1534 1038; x_wconf 86' lang='lat' dir='ltr'><strong>periculosa</strong></span> <span class='ocrx_word' id='word_1_37' title='bbox 1580 953 1957 1018; x_wconf 80' lang='lat' dir='ltr'><strong>infirmitate</strong></span> <span class='ocrx_word' id='word_1_38' title='bbox 2005 951 2269 1016; x_wconf 87' lang='lat' dir='ltr'><strong>affectus</strong></span> <span class='ocrx_word' id='word_1_39' title='bbox 2302 952 2633 1036; x_wconf 87' lang='lat' dir='ltr'><strong>aliquanto</strong></span> <span class='ocrx_word' id='word_1_40' title='bbox 2750 941 2856 981; x_wconf 53' lang='grc' dir='ltr'><strong>ΡΨ]</strong></span> 
     </span>
     <span class='ocr_line' id='line_1_6' title="bbox 320 1047 2631 1138; baseline -0.003 -18"><span class='ocrx_word' id='word_1_41' title='bbox 320 1059 610 1138; x_wconf 90' lang='lat' dir='ltr'><strong>tempore</strong></span> <span class='ocrx_word' id='word_1_42' title='bbox 657 1054 978 1117; x_wconf 78' lang='lat' dir='ltr'><strong>decubuit.</strong></span> <span class='ocrx_word' id='word_1_43' title='bbox 1073 1050 1200 1116; x_wconf 86' lang='lat' dir='ltr'><strong>Sed</strong></span> <span class='ocrx_word' id='word_1_44' title='bbox 1258 1052 1474 1116; x_wconf 86' lang='lat' dir='ltr'><strong>divina</strong></span> <span class='ocrx_word' id='word_1_45' title='bbox 1521 1071 1638 1133; x_wconf 92' lang='lat' dir='ltr'><strong>ope</strong></span> <span class='ocrx_word' id='word_1_46' title='bbox 1698 1048 2054 1125; x_wconf 86' lang='lat' dir='ltr'><strong>convaluit,</strong></span> <span class='ocrx_word' id='word_1_47' title='bbox 2112 1069 2183 1111; x_wconf 88' lang='lat' dir='ltr'><strong>ac</strong></span> <span class='ocrx_word' id='word_1_48' title='bbox 2232 1047 2486 1111; x_wconf 89' lang='lat' dir='ltr'><strong>demum</strong></span> <span class='ocrx_word' id='word_1_49' title='bbox 2531 1048 2631 1112; x_wconf 92' lang='lat' dir='ltr'><strong>die</strong></span> 
     </span>
     <span class='ocr_line' id='line_1_7' title="bbox 323 1144 2628 1237; baseline -0.004 -21"><span class='ocrx_word' id='word_1_50' title='bbox 323 1150 661 1216; x_wconf 89' lang='lat' dir='ltr'><strong>Dominica</strong></span> <span class='ocrx_word' id='word_1_51' title='bbox 707 1153 934 1214; x_wconf 85' lang='lat' dir='ltr'><strong>octava</strong></span> <span class='ocrx_word' id='word_1_52' title='bbox 973 1153 1120 1232; x_wconf 89' lang='lat' dir='ltr'><strong>post</strong></span> <span class='ocrx_word' id='word_1_53' title='bbox 1161 1147 1611 1213; x_wconf 87' lang='lat' dir='ltr'><strong>Pentecostem</strong></span> <span class='ocrx_word' id='word_1_54' title='bbox 1664 1146 1797 1224; x_wconf 83' lang='lat'><strong>(28.</strong></span> <span class='ocrx_word' id='word_1_55' title='bbox 1830 1144 2012 1225; x_wconf 85' lang='lat' dir='ltr'><strong>Julii)</strong></span> <span class='ocrx_word' id='word_1_56' title='bbox 2062 1145 2137 1208; x_wconf 91' lang='lat' dir='ltr'>P</span> <span class='ocrx_word' id='word_1_57' title='bbox 2092 1166 2365 1237; x_wconf 58' lang='lat' dir='ltr'><strong>,2¹99AE</strong></span> <span class='ocrx_word' id='word_1_58' title='bbox 2405 1165 2628 1231; x_wconf 82' lang='lat' dir='ltr'><strong>regem</strong></span> 
     </span>
     <span class='ocr_line' id='line_1_8' title="bbox 322 1241 2634 1336; baseline -0.003 -24"><span class='ocrx_word' id='word_1_59' title='bbox 322 1250 592 1333; x_wconf 89' lang='lat' dir='ltr'><strong>ejusque</strong></span> <span class='ocrx_word' id='word_1_60' title='bbox 661 1247 824 1310; x_wconf 91' lang='lat' dir='ltr'><strong>filios</strong></span> <span class='ocrx_word' id='word_1_61' title='bbox 848 1245 1201 1336; x_wconf 84' lang='lat' dir='ltr'><strong>Carolum</strong></span> <span class='ocrx_word' id='word_1_62' title='bbox 1258 1249 1322 1309; x_wconf 81' lang='lat' dir='ltr'><strong>et</strong></span> <span class='ocrx_word' id='word_1_63' title='bbox 1389 1243 1927 1309; x_wconf 84' lang='lat' dir='ltr'><strong>Carolomaunum</strong></span> <span class='ocrx_word' id='word_1_64' title='bbox 1983 1263 2136 1327; x_wconf 87' lang='lat' dir='ltr'><strong>cum</strong></span> <span class='ocrx_word' id='word_1_65' title='bbox 2209 1263 2405 1305; x_wconf 85' lang='lat' dir='ltr'><strong>uxore</strong></span> <span class='ocrx_word' id='word_1_66' title='bbox 2479 1241 2634 1321; x_wconf 79' lang='lat' dir='ltr'><strong>Ber·</strong></span> 
     </span>
     <span class='ocr_line' id='line_1_9' title="bbox 322 1338 2631 1435; baseline -0.002 -27"><span class='ocrx_word' id='word_1_67' title='bbox 322 1344 506 1408; x_wconf 88' lang='lat' dir='ltr'><strong>trada</strong></span> <span class='ocrx_word' id='word_1_68' title='bbox 550 1344 767 1419; x_wconf 80' lang='lat' dir='ltr'><strong>unxit,</strong></span> <span class='ocrx_word' id='word_1_69' title='bbox 827 1348 1020 1426; x_wconf 89' lang='lat' dir='ltr'><strong>atque</strong></span> <span class='ocrx_word' id='word_1_70' title='bbox 1077 1343 1169 1407; x_wconf 85' lang='lat' dir='ltr'><strong>ita</strong></span> <span class='ocrx_word' id='word_1_71' title='bbox 1215 1342 1588 1406; x_wconf 89' lang='lat' dir='ltr'><strong>solemniter</strong></span> <span class='ocrx_word' id='word_1_72' title='bbox 1644 1361 1859 1435; x_wconf 85' lang='lat' dir='ltr'><strong>eorum</strong></span> <span class='ocrx_word' id='word_1_73' title='bbox 1915 1359 2186 1422; x_wconf 86' lang='lat' dir='ltr'><strong>regnum</strong></span> <span class='ocrx_word' id='word_1_74' title='bbox 2244 1338 2519 1403; x_wconf 76' lang='lat' dir='ltr'><strong>sancivit</strong></span> <span class='ocrx_word' id='word_1_75' title='bbox 2566 1348 2631 1404; x_wconf 84' lang='lat' dir='ltr'><strong>et</strong></span> 
     </span>
     <span class='ocr_line' id='line_1_10' title="bbox 321 1424 2632 1522; baseline -0.001 -18"><span class='ocrx_word' id='word_1_76' title='bbox 321 1424 628 1518; x_wconf 82' lang='lat' dir='ltr'><strong>firmavit</strong></span> <span class='ocrx_word' id='word_1_77' title='bbox 699 1440 1018 1522; x_wconf 88' lang='lat' dir='ltr'><strong>simulque</strong></span> <span class='ocrx_word' id='word_1_78' title='bbox 1089 1437 1369 1502; x_wconf 82' lang='lat' dir='ltr'><strong>Francos</strong></span> <span class='ocrx_word' id='word_1_79' title='bbox 1432 1437 1626 1521; x_wconf 86' lang='lat' dir='ltr'><strong>jussit</strong></span> <span class='ocrx_word' id='word_1_80' title='bbox 1695 1457 2054 1519; x_wconf 58' lang='lat' dir='ltr'><strong>DQ</strong></span> <span class='ocrx_word' id='word_1_81' title='bbox 2087 1456 2175 1517; x_wconf 81' lang='lat' dir='ltr'><strong>ex</strong></span> <span class='ocrx_word' id='word_1_82' title='bbox 2243 1435 2368 1509; x_wconf 79' lang='lat' dir='ltr'><strong>alia</strong></span> <span class='ocrx_word' id='word_1_83' title='bbox 2431 1437 2632 1521; x_wconf 87' lang='lat' dir='ltr'><strong>stirpe</strong></span> 
     </span>
     <span class='ocr_line' id='line_1_11' title="bbox 321 1510 2629 1620; baseline -0.002 -19"><span class='ocrx_word' id='word_1_84' title='bbox 321 1558 501 1620; x_wconf 87' lang='lat' dir='ltr'><strong>reges</strong></span> <span class='ocrx_word' id='word_1_85' title='bbox 561 1537 685 1600; x_wconf 89' lang='lat' dir='ltr'><strong>sibi</strong></span> <span class='ocrx_word' id='word_1_86' title='bbox 746 1556 1085 1600; x_wconf 84' lang='lat' dir='ltr'><strong>assumere.</strong></span> <span class='ocrx_word' id='word_1_87' title='bbox 1183 1535 1277 1598; x_wconf 90' lang='lat' dir='ltr'><strong>Ea</strong></span> <span class='ocrx_word' id='word_1_88' title='bbox 1338 1535 1592 1599; x_wconf 89' lang='lat' dir='ltr'><strong>ratione</strong></span> <span class='ocrx_word' id='word_1_89' title='bbox 1651 1534 1719 1596; x_wconf 88' lang='lat' dir='ltr'><strong>in</strong></span> <span class='ocrx_word' id='word_1_90' title='bbox 1775 1531 1965 1595; x_wconf 87' lang='lat' dir='ltr'><strong>variis</strong></span> <span class='ocrx_word' id='word_1_91' title='bbox 2025 1510 2389 1595; x_wconf 79' lang='lat' dir='ltr'><strong>Annalibus</strong></span> <span class='ocrx_word' id='word_1_92' title='bbox 2430 1532 2629 1597; x_wconf 88' lang='lat' dir='ltr'><strong>Fran·</strong></span> 
     </span>
     <span class='ocr_line' id='line_1_12' title="bbox 323 1627 2631 1716; baseline -0.002 -18"><span class='ocrx_word' id='word_1_93' title='bbox 323 1656 543 1698; x_wconf 89' lang='lat' dir='ltr'><strong>corum</strong></span> <span class='ocrx_word' id='word_1_94' title='bbox 604 1632 917 1716; x_wconf 87' lang='lat' dir='ltr'><strong>ejusmodi</strong></span> <span class='ocrx_word' id='word_1_95' title='bbox 973 1632 1193 1695; x_wconf 85' lang='lat' dir='ltr'><strong>unctio</strong></span> <span class='ocrx_word' id='word_1_96' title='bbox 1257 1636 1323 1694; x_wconf 91' lang='lat' dir='ltr'><strong>et</strong></span> <span class='ocrx_word' id='word_1_97' title='bbox 1383 1629 1712 1694; x_wconf 90' lang='lat' dir='ltr'><strong>coronatio</strong></span> <span class='ocrx_word' id='word_1_98' title='bbox 1773 1627 2073 1691; x_wconf 89' lang='lat' dir='ltr'><strong>refertur.</strong></span> <span class='ocrx_word' id='word_1_99' title='bbox 2164 1627 2267 1691; x_wconf 81' lang='lat' dir='ltr'><strong>Ita</strong></span> <span class='ocrx_word' id='word_1_100' title='bbox 2324 1629 2394 1691; x_wconf 90' lang='lat' dir='ltr'><strong>in</strong></span> <span class='ocrx_word' id='word_1_101' title='bbox 2443 1629 2631 1693; x_wconf 86' lang='lat' dir='ltr'><strong>Codi-</strong></span> 
     </span>
     <span class='ocr_line' id='line_1_13' title="bbox 321 1723 2631 1810; baseline -0.002 -16"><span class='ocrx_word' id='word_1_102' title='bbox 321 1731 501 1794; x_wconf 88' lang='lat' dir='ltr'><strong>cibus</strong></span> <span class='ocrx_word' id='word_1_103' title='bbox 561 1729 859 1792; x_wconf 82' lang='lat' dir='ltr'><strong>ecclesiae</strong></span> <span class='ocrx_word' id='word_1_104' title='bbox 916 1726 1305 1792; x_wconf 87' lang='lat' dir='ltr'><strong>Senonensis</strong></span> <span class='ocrx_word' id='word_1_105' title='bbox 1361 1731 1425 1790; x_wconf 87' lang='lat' dir='ltr'><strong>et</strong></span> <span class='ocrx_word' id='word_1_106' title='bbox 1489 1724 1550 1788; x_wconf 86' lang='lat' dir='ltr'><strong>S.</strong></span> <span class='ocrx_word' id='word_1_107' title='bbox 1613 1723 1919 1787; x_wconf 85' lang='lat' dir='ltr'><strong>Germani</strong></span> <span class='ocrx_word' id='word_1_108' title='bbox 1982 1724 2310 1788; x_wconf 88' lang='lat' dir='ltr'><strong>Pratensis</strong></span> <span class='ocrx_word' id='word_1_109' title='bbox 2369 1727 2631 1810; x_wconf 86' lang='lat' dir='ltr'><strong>legitur:</strong></span> 
     </span>
     <span class='ocr_line' id='line_1_14' title="bbox 321 1818 2630 1906; baseline -0 -19"><span class='ocrx_word' id='word_1_110' title='bbox 321 1824 563 1906; x_wconf 75' lang='lat' dir='ltr'><strong>Reqem</strong></span> <span class='ocrx_word' id='word_1_111' title='bbox 612 1823 929 1905; x_wconf 78' lang='lat' dir='ltr'><strong>Pipinum</strong></span> <span class='ocrx_word' id='word_1_112' title='bbox 986 1827 1046 1888; x_wconf 93' lang='lat' dir='ltr'><strong>et</strong></span> <span class='ocrx_word' id='word_1_113' title='bbox 1109 1821 1270 1887; x_wconf 83' lang='lat' dir='ltr'><strong>duos</strong></span> <span class='ocrx_word' id='word_1_114' title='bbox 1322 1819 1493 1902; x_wconf 78' lang='lat' dir='ltr'><strong>filios</strong></span> <span class='ocrx_word' id='word_1_115' title='bbox 1549 1820 1691 1902; x_wconf 82' lang='lat' dir='ltr'><strong>ejus</strong></span> <span class='ocrx_word' id='word_1_116' title='bbox 1742 1818 2048 1885; x_wconf 83' lang='lat' dir='ltr'><strong>Carolum</strong></span> <span class='ocrx_word' id='word_1_117' title='bbox 2105 1824 2165 1884; x_wconf 91' lang='lat' dir='ltr'><strong>et</strong></span> <span class='ocrx_word' id='word_1_118' title='bbox 2215 1818 2630 1886; x_wconf 82' lang='lat' dir='ltr'><strong>Caroloman-</strong></span> 
     </span>
     <span class='ocr_line' id='line_1_15' title="bbox 323 1914 2634 2001; baseline -0.001 -17"><span class='ocrx_word' id='word_1_119' title='bbox 323 1941 513 2000; x_wconf 90' lang='lat' dir='ltr'><strong>num,</strong></span> <span class='ocrx_word' id='word_1_120' title='bbox 590 1920 700 1984; x_wconf 83' lang='lat' dir='ltr'><strong>sed</strong></span> <span class='ocrx_word' id='word_1_121' title='bbox 745 1924 805 1984; x_wconf 80' lang='lat' dir='ltr'><strong>et</strong></span> <span class='ocrx_word' id='word_1_122' title='bbox 861 1918 1262 1984; x_wconf 83' lang='lat' dir='ltr'><strong>Bertradam</strong></span> <span class='ocrx_word' id='word_1_123' title='bbox 1332 1918 1662 2000; x_wconf 74' lang='lat' dir='ltr'><strong>conjuqem</strong></span> <span class='ocrx_word' id='word_1_124' title='bbox 1728 1915 1937 1996; x_wconf 81' lang='lat' dir='ltr'><strong>ipsius</strong></span> <span class='ocrx_word' id='word_1_125' title='bbox 1991 1914 2223 1998; x_wconf 74' lang='lat' dir='ltr'><strong>inclyti</strong></span> <span class='ocrx_word' id='word_1_126' title='bbox 2285 1918 2459 2001; x_wconf 72' lang='lat' dir='ltr'><strong>reyis</strong></span> <span class='ocrx_word' id='word_1_127' title='bbox 2521 1917 2634 1982; x_wconf 88' lang='lat' dir='ltr'><strong>Pi-</strong></span> 
     </span>
     <span class='ocr_line' id='line_1_16' title="bbox 311 2011 2636 2100; baseline -0.001 -19"><span class='ocrx_word' id='word_1_128' title='bbox 311 2016 468 2100; x_wconf 78' lang='lat' dir='ltr'><strong>pini</strong></span> <span class='ocrx_word' id='word_1_129' title='bbox 531 2016 832 2082; x_wconf 84' lang='lat' dir='ltr'><strong>indutam</strong></span> <span class='ocrx_word' id='word_1_130' title='bbox 896 2014 1261 2097; x_wconf 74' lang='lat' dir='ltr'><strong>cycladibus</strong></span> <span class='ocrx_word' id='word_1_131' title='bbox 1320 2012 1523 2097; x_wconf 72' lang='lat' dir='ltr'><strong>reqiis</strong></span> <span class='ocrx_word' id='word_1_132' title='bbox 1578 2012 1807 2096; x_wconf 74' lang='lat' dir='ltr'><strong>qratia</strong></span> <span class='ocrx_word' id='word_1_133' title='bbox 1877 2011 2278 2095; x_wconf 78' lang='lat' dir='ltr'><strong>septiformis</strong></span> <span class='ocrx_word' id='word_1_134' title='bbox 2337 2013 2636 2097; x_wconf 79' lang='lat' dir='ltr'><strong>Spiritus</strong></span> 
     </span>
     <span class='ocr_line' id='line_1_17' title="bbox 325 2108 2637 2196; baseline -0.001 -18"><span class='ocrx_word' id='word_1_135' title='bbox 325 2111 583 2193; x_wconf 77' lang='lat' dir='ltr'><strong>Sancti,</strong></span> <span class='ocrx_word' id='word_1_136' title='bbox 658 2113 732 2177; x_wconf 91' lang='lat' dir='ltr'><strong>in</strong></span> <span class='ocrx_word' id='word_1_137' title='bbox 794 2112 926 2177; x_wconf 92' lang='lat' dir='ltr'><strong>Dei</strong></span> <span class='ocrx_word' id='word_1_138' title='bbox 987 2112 1249 2178; x_wconf 90' lang='lat' dir='ltr'><strong>nomine</strong></span> <span class='ocrx_word' id='word_1_139' title='bbox 1313 2109 1711 2196; x_wconf 80' lang='lat' dir='ltr'><strong>(Stephanus</strong></span> <span class='ocrx_word' id='word_1_140' title='bbox 1774 2108 1875 2190; x_wconf 92' lang='lat' dir='ltr'><strong>P.)</strong></span> <span class='ocrx_word' id='word_1_141' title='bbox 1941 2109 2378 2193; x_wconf 72' lang='lat' dir='ltr'><strong>consiynavit,</strong></span> <span class='ocrx_word' id='word_1_142' title='bbox 2440 2116 2637 2193; x_wconf 77' lang='lat' dir='ltr'><strong>atque</strong></span> 
     </span>
     <span class='ocr_line' id='line_1_18' title="bbox 323 2205 2630 2291; baseline -0.001 -17"><span class='ocrx_word' id='word_1_143' title='bbox 323 2208 737 2274; x_wconf 76' lang='lat' dir='ltr'><strong>Francorum</strong></span> <span class='ocrx_word' id='word_1_144' title='bbox 760 2230 1061 2291; x_wconf 78' lang='lat' dir='ltr'><strong>proceres</strong></span> <span class='ocrx_word' id='word_1_145' title='bbox 1092 2206 1442 2290; x_wconf 76' lang='lat' dir='ltr'><strong>apostolica</strong></span> <span class='ocrx_word' id='word_1_146' title='bbox 1476 2205 1906 2271; x_wconf 84' lang='lat' dir='ltr'><strong>benedictione</strong></span> <span class='ocrx_word' id='word_1_147' title='bbox 1937 2205 2370 2287; x_wconf 72' lang='lat' dir='ltr'><strong>sanctificam,</strong></span> <span class='ocrx_word' id='word_1_148' title='bbox 2414 2212 2630 2272; x_wconf 91' lang='lat' dir='ltr'><strong>aucto·</strong></span> 
     </span>
     <span class='ocr_line' id='line_1_19' title="bbox 322 2300 2630 2388; baseline -0 -18"><span class='ocrx_word' id='word_1_149' title='bbox 322 2305 522 2370; x_wconf 81' lang='lat' dir='ltr'><strong>ritate</strong></span> <span class='ocrx_word' id='word_1_150' title='bbox 566 2306 647 2370; x_wconf 88' lang='lat' dir='ltr'><strong>B.</strong></span> <span class='ocrx_word' id='word_1_151' title='bbox 697 2305 882 2370; x_wconf 88' lang='lat' dir='ltr'><strong>Petri</strong></span> <span class='ocrx_word' id='word_1_152' title='bbox 940 2304 1065 2369; x_wconf 81' lang='lat' dir='ltr'><strong>sibi</strong></span> <span class='ocrx_word' id='word_1_153' title='bbox 1118 2325 1159 2369; x_wconf 87' lang='lat' dir='ltr'><strong>a</strong></span> <span class='ocrx_word' id='word_1_154' title='bbox 1205 2304 1494 2368; x_wconf 90' lang='lat' dir='ltr'><strong>Domino</strong></span> <span class='ocrx_word' id='word_1_155' title='bbox 1543 2302 1703 2367; x_wconf 83' lang='lat' dir='ltr'><strong>Jesu</strong></span> <span class='ocrx_word' id='word_1_156' title='bbox 1754 2300 2020 2367; x_wconf 81' lang='lat' dir='ltr'><strong>Christo</strong></span> <span class='ocrx_word' id='word_1_157' title='bbox 2084 2303 2332 2368; x_wconf 85' lang='lat' dir='ltr'><strong>tradita</strong></span> <span class='ocrx_word' id='word_1_158' title='bbox 2390 2303 2630 2388; x_wconf 71' lang='lat' dir='ltr'><strong>obliya·</strong></span> 
     </span>
     <span class='ocr_line' id='line_1_20' title="bbox 323 2398 2632 2483; baseline -0 -17"><span class='ocrx_word' id='word_1_159' title='bbox 323 2403 422 2466; x_wconf 84' lang='lat' dir='ltr'><strong>vit</strong></span> <span class='ocrx_word' id='word_1_160' title='bbox 466 2407 528 2466; x_wconf 89' lang='lat' dir='ltr'><strong>et</strong></span> <span class='ocrx_word' id='word_1_161' title='bbox 572 2403 924 2467; x_wconf 81' lang='lat' dir='ltr'><strong>obtestatus</strong></span> <span class='ocrx_word' id='word_1_162' title='bbox 970 2400 1093 2481; x_wconf 72' lang='lat' dir='ltr'><strong>est‘,</strong></span> <span class='ocrx_word' id='word_1_163' title='bbox 1152 2405 1228 2466; x_wconf 90' lang='lat' dir='ltr'><strong>ut</strong></span> <span class='ocrx_word' id='word_1_164' title='bbox 1282 2420 1623 2481; x_wconf 79' lang='lat' dir='ltr'><strong>nunquam</strong></span> <span class='ocrx_word' id='word_1_165' title='bbox 1675 2398 1752 2462; x_wconf 83' lang='lat' dir='ltr'><strong>de</strong></span> <span class='ocrx_word' id='word_1_166' title='bbox 1806 2398 2016 2464; x_wconf 82' lang='lat' dir='ltr'><strong>altera</strong></span> <span class='ocrx_word' id='word_1_167' title='bbox 2071 2398 2274 2483; x_wconf 76' lang='lat' dir='ltr'><strong>stirpe</strong></span> <span class='ocrx_word' id='word_1_168' title='bbox 2321 2421 2446 2483; x_wconf 78' lang='lat' dir='ltr'><strong>per</strong></span> <span class='ocrx_word' id='word_1_169' title='bbox 2491 2421 2632 2465; x_wconf 83' lang='lat' dir='ltr'><strong>suc·</strong></span> 
     </span>
     <span class='ocr_line' id='line_1_21' title="bbox 324 2495 2630 2582; baseline -0.001 -18"><span class='ocrx_word' id='word_1_170' title='bbox 324 2497 679 2566; x_wconf 73' lang='lat' dir='ltr'><strong>cedentium</strong></span> <span class='ocrx_word' id='word_1_171' title='bbox 724 2503 1082 2582; x_wconf 77' lang='lat' dir='ltr'><strong>temporum</strong></span> <span class='ocrx_word' id='word_1_172' title='bbox 1127 2496 1459 2563; x_wconf 84' lang='lat' dir='ltr'><strong>curricula</strong></span> <span class='ocrx_word' id='word_1_173' title='bbox 1504 2495 1637 2577; x_wconf 81' lang='lat' dir='ltr'><strong>ipsi</strong></span> <span class='ocrx_word' id='word_1_174' title='bbox 1676 2495 1773 2560; x_wconf 83' lang='lat' dir='ltr'><strong>vel</strong></span> <span class='ocrx_word' id='word_1_175' title='bbox 1818 2496 2055 2579; x_wconf 77' lang='lat' dir='ltr'><strong>quique</strong></span> <span class='ocrx_word' id='word_1_176' title='bbox 2095 2518 2175 2562; x_wconf 80' lang='lat' dir='ltr'><strong>ex</strong></span> <span class='ocrx_word' id='word_1_177' title='bbox 2217 2518 2438 2564; x_wconf 89' lang='lat' dir='ltr'><strong>eorum</strong></span> <span class='ocrx_word' id='word_1_178' title='bbox 2471 2519 2630 2581; x_wconf 80' lang='lat' dir='ltr'><strong>pro-</strong></span> 
     </span>
     <span class='ocr_line' id='line_1_22' title="bbox 321 2593 2633 2679; baseline -0 -18"><span class='ocrx_word' id='word_1_179' title='bbox 321 2596 508 2679; x_wconf 72' lang='lat' dir='ltr'><strong>qenie</strong></span> <span class='ocrx_word' id='word_1_180' title='bbox 554 2596 683 2661; x_wconf 88' lang='lat' dir='ltr'><strong>orti</strong></span> <span class='ocrx_word' id='word_1_181' title='bbox 715 2616 925 2679; x_wconf 70' lang='lat' dir='ltr'><strong>reqem</strong></span> <span class='ocrx_word' id='word_1_182' title='bbox 968 2615 1164 2677; x_wconf 75' lang='lat' dir='ltr'><strong>super</strong></span> <span class='ocrx_word' id='word_1_183' title='bbox 1201 2614 1267 2658; x_wconf 85' lang='lat' dir='ltr'><strong>se</strong></span> <span class='ocrx_word' id='word_1_184' title='bbox 1303 2597 1737 2676; x_wconf 75' lang='lat' dir='ltr'><strong>praesumant</strong></span> <span class='ocrx_word' id='word_1_185' title='bbox 1784 2593 2187 2675; x_wconf 78' lang='lat' dir='ltr'><strong>aliquomodo</strong></span> <span class='ocrx_word' id='word_1_186' title='bbox 2227 2595 2633 2675; x_wconf 81' lang='lat' dir='ltr'><strong>constituere,</strong></span> 
     </span>
     <span class='ocr_line' id='line_1_23' title="bbox 324 2689 2632 2774; baseline 0 -17"><span class='ocrx_word' id='word_1_187' title='bbox 324 2692 459 2757; x_wconf 84' lang='lat' dir='ltr'><strong>nisi</strong></span> <span class='ocrx_word' id='word_1_188' title='bbox 504 2693 580 2757; x_wconf 87' lang='lat' dir='ltr'><strong>de</strong></span> <span class='ocrx_word' id='word_1_189' title='bbox 624 2714 847 2758; x_wconf 92' lang='lat' dir='ltr'><strong>eorum</strong></span> <span class='ocrx_word' id='word_1_190' title='bbox 881 2689 1266 2774; x_wconf 71' lang='lat' dir='ltr'><strong>propayine,</strong></span> <span class='ocrx_word' id='word_1_191' title='bbox 1319 2711 1475 2771; x_wconf 81' lang='lat' dir='ltr'><strong>quos</strong></span> <span class='ocrx_word' id='word_1_192' title='bbox 1521 2693 1582 2755; x_wconf 90' lang='lat' dir='ltr'><strong>et</strong></span> <span class='ocrx_word' id='word_1_193' title='bbox 1624 2689 1853 2754; x_wconf 84' lang='lat' dir='ltr'><strong>divina</strong></span> <span class='ocrx_word' id='word_1_194' title='bbox 1888 2690 2306 2771; x_wconf 76' lang='lat' dir='ltr'><strong>providentia</strong></span> <span class='ocrx_word' id='word_1_195' title='bbox 2352 2691 2440 2756; x_wconf 84' lang='lat' dir='ltr'><strong>ad</strong></span> <span class='ocrx_word' id='word_1_196' title='bbox 2481 2712 2632 2758; x_wconf 81' lang='lat' dir='ltr'><strong>san·</strong></span> 
     </span>
     <span class='ocr_line' id='line_1_24' title="bbox 327 2785 2631 2872; baseline 0.001 -20"><span class='ocrx_word' id='word_1_197' title='bbox 327 2788 681 2855; x_wconf 70' lang='lat' dir='ltr'><strong>ctis-simam</strong></span> <span class='ocrx_word' id='word_1_198' title='bbox 740 2787 1156 2872; x_wconf 76' lang='lat' dir='ltr'><strong>apostolicam</strong></span> <span class='ocrx_word' id='word_1_199' title='bbox 1220 2786 1443 2851; x_wconf 79' lang='lat' dir='ltr'><strong>Sedem</strong></span> <span class='ocrx_word' id='word_1_200' title='bbox 1507 2786 1816 2851; x_wconf 84' lang='lat' dir='ltr'><strong>tuendam</strong></span> <span class='ocrx_word' id='word_1_201' title='bbox 1876 2785 2106 2868; x_wconf 71' lang='lat' dir='ltr'><strong>eliyere</strong></span> <span class='ocrx_word' id='word_1_202' title='bbox 2166 2792 2227 2851; x_wconf 89' lang='lat' dir='ltr'><strong>et</strong></span> <span class='ocrx_word' id='word_1_203' title='bbox 2279 2809 2404 2869; x_wconf 82' lang='lat' dir='ltr'><strong>per</strong></span> <span class='ocrx_word' id='word_1_204' title='bbox 2467 2810 2631 2866; x_wconf 87' lang='lat' dir='ltr'><strong>eum,</strong></span> 
     </span>
     <span class='ocr_line' id='line_1_25' title="bbox 325 2882 2632 2965; baseline 0 -16"><span class='ocrx_word' id='word_1_205' title='bbox 325 2885 616 2950; x_wconf 82' lang='lat' dir='ltr'><strong>videlicet</strong></span> <span class='ocrx_word' id='word_1_206' title='bbox 660 2885 983 2951; x_wconf 89' lang='lat' dir='ltr'><strong>vicarium</strong></span> <span class='ocrx_word' id='word_1_207' title='bbox 1030 2884 1094 2949; x_wconf 76' lang='lat' dir='ltr'><strong>S.</strong></span> <span class='ocrx_word' id='word_1_208' title='bbox 1136 2883 1340 2962; x_wconf 88' lang='lat' dir='ltr'><strong>Petri,</strong></span> <span class='ocrx_word' id='word_1_209' title='bbox 1388 2884 1519 2948; x_wconf 90' lang='lat' dir='ltr'><strong>imo</strong></span> <span class='ocrx_word' id='word_1_210' title='bbox 1566 2882 1845 2947; x_wconf 80' lang='lat' dir='ltr'><strong>Domini</strong></span> <span class='ocrx_word' id='word_1_211' title='bbox 1891 2884 2102 2948; x_wconf 81' lang='lat' dir='ltr'><strong>nostri</strong></span> <span class='ocrx_word' id='word_1_212' title='bbox 2147 2884 2308 2950; x_wconf 81' lang='lat' dir='ltr'><strong>Jesu</strong></span> <span class='ocrx_word' id='word_1_213' title='bbox 2358 2883 2632 2965; x_wconf 81' lang='lat' dir='ltr'><strong>Christi,</strong></span> 
     </span>
     <span class='ocr_line' id='line_1_26' title="bbox 325 2979 2630 3065; baseline 0.001 -20"><span class='ocrx_word' id='word_1_214' title='bbox 325 2981 400 3046; x_wconf 90' lang='lat' dir='ltr'><strong>in</strong></span> <span class='ocrx_word' id='word_1_215' title='bbox 435 2987 819 3064; x_wconf 82' lang='lat' dir='ltr'><strong>potestatem</strong></span> <span class='ocrx_word' id='word_1_216' title='bbox 862 2981 1110 3065; x_wconf 74' lang='lat' dir='ltr'><strong>reyiam</strong></span> <span class='ocrx_word' id='word_1_217' title='bbox 1156 2981 1430 3063; x_wconf 71' lang='lat' dir='ltr'><strong>diynata</strong></span> <span class='ocrx_word' id='word_1_218' title='bbox 1476 2985 1570 3045; x_wconf 81' lang='lat' dir='ltr'><strong>est</strong></span> <span class='ocrx_word' id='word_1_219' title='bbox 1612 2979 1966 3045; x_wconf 83' lang='lat' dir='ltr'><strong>sublimare</strong></span> <span class='ocrx_word' id='word_1_220' title='bbox 2020 2986 2081 3045; x_wconf 89' lang='lat' dir='ltr'><strong>et</strong></span> <span class='ocrx_word' id='word_1_221' title='bbox 2135 2981 2438 3047; x_wconf 85' lang='lat' dir='ltr'><strong>unctione</strong></span> <span class='ocrx_word' id='word_1_222' title='bbox 2481 3003 2630 3047; x_wconf 82' lang='lat' dir='ltr'><strong>san-</strong></span> 
     </span>
    </p>
   </div>
   <div class='ocr_carea' id='block_1_4' title="bbox 328 3077 1108 3158">
    <p class='ocr_par' dir='ltr' id='par_1_4' title="bbox 328 3077 1108 3158">
     <span class='ocr_line' id='line_1_27' title="bbox 328 3077 1108 3158; baseline 0.003 -17"><span class='ocrx_word' id='word_1_223' title='bbox 328 3078 618 3144; x_wconf 82' lang='lat' dir='ltr'><strong>ctissima</strong></span> <span class='ocrx_word' id='word_1_224' title='bbox 667 3099 1053 3144; x_wconf 85' lang='lat' dir='ltr'><strong>consecrare.</strong></span> <span class='ocrx_word' id='word_1_225' title='bbox 1062 3077 1108 3158; x_wconf 87' lang='grc'><strong>1)</strong></span> 
     </span>
    </p>
   </div>
   <div class='ocr_carea' id='block_1_5' title="bbox 669 1328 845 1341">
    <p class='ocr_par' dir='ltr' id='par_1_5' title="bbox 669 1328 845 1341">
     <span class='ocr_line' id='line_1_28' title="bbox 669 1328 845 1341; baseline 0 3687"><span class='ocrx_word' id='word_1_226' title='bbox 669 1328 845 1341; x_wconf 95' lang='lat' dir='ltr'><strong> </strong></span> 
     </span>
    </p>
   </div>
   <div class='ocr_carea' id='block_1_6' title="bbox 340 1420 589 1437">
    <p class='ocr_par' dir='ltr' id='par_1_6' title="bbox 340 1420 589 1437">
     <span class='ocr_line' id='line_1_29' title="bbox 340 1420 589 1437; baseline 0 3591"><span class='ocrx_word' id='word_1_227' title='bbox 340 1420 589 1437; x_wconf 95' lang='lat' dir='ltr'><strong> </strong></span> 
     </span>
    </p>
   </div>
   <div class='ocr_carea' id='block_1_7' title="bbox 327 3242 2980 3503">
    <p class='ocr_par' dir='ltr' id='par_1_7' title="bbox 327 3242 2980 3503">
     <span class='ocr_line' id='line_1_30' title="bbox 506 3242 2980 3328; baseline 0 -21"><span class='ocrx_word' id='word_1_228' title='bbox 506 3245 609 3308; x_wconf 88' lang='grc'><strong>51.</strong></span> <span class='ocrx_word' id='word_1_229' title='bbox 672 3244 767 3307; x_wconf 87' lang='lat' dir='ltr'><strong>Ea</strong></span> <span class='ocrx_word' id='word_1_230' title='bbox 829 3245 1161 3309; x_wconf 86' lang='lat' dir='ltr'><strong>occasione</strong></span> <span class='ocrx_word' id='word_1_231' title='bbox 1210 3242 1582 3326; x_wconf 86' lang='lat' dir='ltr'><strong>Stephanus</strong></span> <span class='ocrx_word' id='word_1_232' title='bbox 1619 3244 1853 3328; x_wconf 82' lang='lat' dir='ltr'><strong>Pipino</strong></span> <span class='ocrx_word' id='word_1_233' title='bbox 1917 3248 1979 3306; x_wconf 87' lang='lat' dir='ltr'><strong>et</strong></span> <span class='ocrx_word' id='word_1_234' title='bbox 2037 3242 2228 3306; x_wconf 87' lang='lat' dir='ltr'><strong>etiam</strong></span> <span class='ocrx_word' id='word_1_235' title='bbox 2289 3246 2427 3328; x_wconf 76' lang='lat' dir='ltr'><strong>eJus</strong></span> <span class='ocrx_word' id='word_1_236' title='bbox 2486 3245 2633 3309; x_wconf 83' lang='lat' dir='ltr'><strong>filiis</strong></span> <span class='ocrx_word' id='word_1_237' title='bbox 2654 3256 2830 3298; x_wconf 71' lang='lat' dir='ltr'><strong>Patricii</strong></span> <span class='ocrx_word' id='word_1_238' title='bbox 2864 3257 2980 3297; x_wconf 33' lang='lat' dir='ltr'><strong>titum</strong></span> 
     </span>
     <span class='ocr_line' id='line_1_31' title="bbox 327 3318 2850 3428; baseline 0 -24"><span class='ocrx_word' id='word_1_239' title='bbox 327 3340 711 3428; x_wconf 79' lang='lat' dir='ltr'><strong>dignitatem</strong></span> <span class='ocrx_word' id='word_1_240' title='bbox 777 3340 1028 3426; x_wconf 85' lang='lat' dir='ltr'><strong>patricii</strong></span> <span class='ocrx_word' id='word_1_241' title='bbox 1098 3341 1531 3404; x_wconf 86' lang='lat' dir='ltr'><strong>Romanorum</strong></span> <span class='ocrx_word' id='word_1_242' title='bbox 1597 3340 1891 3404; x_wconf 85' lang='lat' dir='ltr'><strong>contulit.</strong></span> <span class='ocrx_word' id='word_1_243' title='bbox 2002 3337 2171 3403; x_wconf 90' lang='lat' dir='ltr'><strong>Sunt</strong></span> <span class='ocrx_word' id='word_1_244' title='bbox 2229 3340 2337 3424; x_wconf 91' lang='lat' dir='ltr'><strong>qui</strong></span> <span class='ocrx_word' id='word_1_245' title='bbox 2411 3343 2631 3405; x_wconf 84' lang='lat' dir='ltr'><strong>existi·</strong></span> <span class='ocrx_word' id='word_1_246' title='bbox 2766 3318 2850 3360; x_wconf 71' lang='lat'><strong>¹⁰⁸</strong></span> 
     </span>
     <span class='ocr_line' id='line_1_32' title="bbox 329 3429 2632 3503; baseline 0.001 -4"><span class='ocrx_word' id='word_1_247' title='bbox 329 3429 950 3500; x_wconf 45' lang='lat' dir='ltr'><strong>matit‘ffff&#39;a&#39;ctum</strong></span> <span class='ocrx_word' id='word_1_248' title='bbox 1023 3459 1156 3500; x_wconf 89' lang='lat' dir='ltr'><strong>esse</strong></span> <span class='ocrx_word' id='word_1_249' title='bbox 1228 3459 1264 3499; x_wconf 88' lang='lat' dir='ltr'><strong>a</strong></span> <span class='ocrx_word' id='word_1_250' title='bbox 1334 3435 1645 3500; x_wconf 86' lang='lat' dir='ltr'><strong>Pontifice</strong></span> <span class='ocrx_word' id='word_1_251' title='bbox 1715 3436 1971 3500; x_wconf 88' lang='lat' dir='ltr'><strong>nomine</strong></span> <span class='ocrx_word' id='word_1_252' title='bbox 2036 3435 2451 3501; x_wconf 88' lang='lat' dir='ltr'><strong>Constantini</strong></span> <span class='ocrx_word' id='word_1_253' title='bbox 2515 3437 2632 3503; x_wconf 89' lang='lat' dir='ltr'><strong>Co·</strong></span> 
     </span>
    </p>
   </div>
   <div class='ocr_carea' id='block_1_8' title="bbox 327 3710 2641 4239">
    <p class='ocr_par' dir='ltr' id='par_1_8' title="bbox 327 3710 2641 4239">
     <span class='ocr_line' id='line_1_33' title="bbox 512 3710 2637 3780; baseline 0.002 -17"><span class='ocrx_word' id='word_1_254' title='bbox 512 3711 552 3777; x_wconf 91' lang='lat'><strong>1)</strong></span> <span class='ocrx_word' id='word_1_255' title='bbox 605 3710 782 3763; x_wconf 87' lang='lat' dir='ltr'><strong>Mansi</strong></span> <span class='ocrx_word' id='word_1_256' title='bbox 830 3712 958 3766; x_wconf 90' lang='lat' dir='ltr'>XII.</span> <span class='ocrx_word' id='word_1_257' title='bbox 999 3713 1126 3778; x_wconf 80' lang='lat'>5573</span> <span class='ocrx_word' id='word_1_258' title='bbox 1179 3727 1263 3779; x_wconf 89' lang='lat' dir='ltr'><strong>ap.</strong></span> <span class='ocrx_word' id='word_1_259' title='bbox 1303 3711 1515 3765; x_wconf 86' lang='lat' dir='ltr'><strong>Uhrich</strong></span> <span class='ocrx_word' id='word_1_260' title='bbox 1564 3712 1598 3764; x_wconf 91' lang='lat' dir='ltr'><strong>l.</strong></span> <span class='ocrx_word' id='word_1_261' title='bbox 1652 3728 1695 3766; x_wconf 90' lang='lat' dir='ltr'><strong>c.</strong></span> <span class='ocrx_word' id='word_1_262' title='bbox 1741 3728 1791 3777; x_wconf 88' lang='lat' dir='ltr'><strong>p.</strong></span> <span class='ocrx_word' id='word_1_263' title='bbox 1833 3714 1915 3765; x_wconf 85' lang='lat'><strong>73.</strong></span> <span class='ocrx_word' id='word_1_264' title='bbox 1964 3743 2030 3749; x_wconf 86' lang='lat'><strong>—-</strong></span> <span class='ocrx_word' id='word_1_265' title='bbox 2080 3712 2323 3767; x_wconf 86' lang='lat' dir='ltr'><strong>Martens</strong></span> <span class='ocrx_word' id='word_1_266' title='bbox 2370 3712 2428 3767; x_wconf 91' lang='lat' dir='ltr'><strong>in</strong></span> <span class='ocrx_word' id='word_1_267' title='bbox 2478 3728 2637 3780; x_wconf 88' lang='lat' dir='ltr'><strong>opere</strong></span> 
     </span>
     <span class='ocr_line' id='line_1_34' title="bbox 330 3790 2637 3859; baseline 0.001 -15"><span class='ocrx_word' id='word_1_268' title='bbox 330 3790 537 3846; x_wconf 86' lang='lat' dir='ltr'><strong>recenti</strong></span> <span class='ocrx_word' id='word_1_269' title='bbox 590 3790 763 3843; x_wconf 87' lang='lat' dir='ltr'><strong>citato</strong></span> <span class='ocrx_word' id='word_1_270' title='bbox 812 3792 1096 3844; x_wconf 85' lang='lat' dir='ltr'><strong>ostendere</strong></span> <span class='ocrx_word' id='word_1_271' title='bbox 1145 3790 1366 3855; x_wconf 89' lang='lat' dir='ltr'><strong>nititur,</strong></span> <span class='ocrx_word' id='word_1_272' title='bbox 1409 3790 1524 3858; x_wconf 86' lang='lat' dir='ltr'><strong>J&#39;am</strong></span> <span class='ocrx_word' id='word_1_273' title='bbox 1575 3806 1760 3844; x_wconf 87' lang='lat' dir='ltr'><strong>mense</strong></span> <span class='ocrx_word' id='word_1_274' title='bbox 1805 3790 2097 3844; x_wconf 87' lang='lat' dir='ltr'><strong>Februario</strong></span> <span class='ocrx_word' id='word_1_275' title='bbox 2135 3791 2389 3859; x_wconf 86' lang='lat' dir='ltr'><strong>Pipinum</strong></span> <span class='ocrx_word' id='word_1_276' title='bbox 2439 3809 2472 3845; x_wconf 90' lang='lat' dir='ltr'><strong>a</strong></span> <span class='ocrx_word' id='word_1_277' title='bbox 2521 3791 2637 3846; x_wconf 83' lang='lat' dir='ltr'><strong>Ste-</strong></span> 
     </span>
     <span class='ocr_line' id='line_1_35' title="bbox 329 3868 2637 3937; baseline 0 -14"><span class='ocrx_word' id='word_1_278' title='bbox 329 3871 508 3937; x_wconf 88' lang='lat' dir='ltr'><strong>phano</strong></span> <span class='ocrx_word' id='word_1_279' title='bbox 545 3868 811 3922; x_wconf 86' lang='lat' dir='ltr'><strong>Pontifice</strong></span> <span class='ocrx_word' id='word_1_280' title='bbox 862 3868 919 3921; x_wconf 89' lang='lat' dir='ltr'><strong>in</strong></span> <span class='ocrx_word' id='word_1_281' title='bbox 964 3885 1153 3937; x_wconf 86' lang='lat' dir='ltr'><strong>regem</strong></span> <span class='ocrx_word' id='word_1_282' title='bbox 1188 3875 1408 3923; x_wconf 84' lang='lat' dir='ltr'><strong>unctum</strong></span> <span class='ocrx_word' id='word_1_283' title='bbox 1453 3869 1642 3922; x_wconf 84' lang='lat' dir='ltr'><strong>fuisse.</strong></span> <span class='ocrx_word' id='word_1_284' title='bbox 1714 3869 1886 3922; x_wconf 90' lang='lat' dir='ltr'><strong>Porro</strong></span> <span class='ocrx_word' id='word_1_285' title='bbox 1930 3872 2146 3922; x_wconf 87' lang='lat' dir='ltr'><strong>tantum</strong></span> <span class='ocrx_word' id='word_1_286' title='bbox 2183 3869 2482 3935; x_wconf 88' lang='lat' dir='ltr'><strong>Brennaci,</strong></span> <span class='ocrx_word' id='word_1_287' title='bbox 2528 3887 2637 3924; x_wconf 90' lang='lat' dir='ltr'><strong>non</strong></span> 
     </span>
     <span class='ocr_line' id='line_1_36' title="bbox 328 3947 2641 4015; baseline 0 -14"><span class='ocrx_word' id='word_1_288' title='bbox 328 3965 462 4002; x_wconf 85' lang='lat' dir='ltr'><strong>vero</strong></span> <span class='ocrx_word' id='word_1_289' title='bbox 499 3947 787 4012; x_wconf 84' lang='lat' dir='ltr'><strong>Carisiaci‚</strong></span> <span class='ocrx_word' id='word_1_290' title='bbox 834 3955 1161 4002; x_wconf 83' lang='lat' dir='ltr'><strong>conventum</strong></span> <span class='ocrx_word' id='word_1_291' title='bbox 1207 3948 1453 4002; x_wconf 84' lang='lat' dir='ltr'><strong>habitum</strong></span> <span class='ocrx_word' id='word_1_292' title='bbox 1501 3963 1622 4002; x_wconf 87' lang='lat' dir='ltr'><strong>esse</strong></span> <span class='ocrx_word' id='word_1_293' title='bbox 1671 3948 1942 4012; x_wconf 82' lang='lat' dir='ltr'><strong>admittit,</strong></span> <span class='ocrx_word' id='word_1_294' title='bbox 1993 3956 2157 4015; x_wconf 83' lang='lat' dir='ltr'><strong>atque</strong></span> <span class='ocrx_word' id='word_1_295' title='bbox 2201 3950 2258 4003; x_wconf 89' lang='lat' dir='ltr'><strong>in</strong></span> <span class='ocrx_word' id='word_1_296' title='bbox 2294 3949 2465 4003; x_wconf 86' lang='lat' dir='ltr'><strong>variis</strong></span> <span class='ocrx_word' id='word_1_297' title='bbox 2512 3948 2641 4003; x_wconf 86' lang='lat' dir='ltr'><strong>aliis</strong></span> 
     </span>
     <span class='ocr_line' id='line_1_37' title="bbox 331 4025 2640 4097; baseline 0 -17"><span class='ocrx_word' id='word_1_298' title='bbox 331 4044 364 4080; x_wconf 90' lang='lat' dir='ltr'><strong>a</strong></span> <span class='ocrx_word' id='word_1_299' title='bbox 401 4025 680 4081; x_wconf 87' lang='lat' dir='ltr'><strong>sententia</strong></span> <span class='ocrx_word' id='word_1_300' title='bbox 718 4026 984 4078; x_wconf 88' lang='lat' dir='ltr'><strong>communi</strong></span> <span class='ocrx_word' id='word_1_301' title='bbox 1025 4026 1277 4080; x_wconf 84' lang='lat' dir='ltr'><strong>discedit.</strong></span> <span class='ocrx_word' id='word_1_302' title='bbox 1318 4027 1406 4094; x_wconf 91' lang='lat' dir='ltr'><strong>(V.</strong></span> <span class='ocrx_word' id='word_1_303' title='bbox 1446 4026 1481 4079; x_wconf 91' lang='lat' dir='ltr'><strong>l.</strong></span> <span class='ocrx_word' id='word_1_304' title='bbox 1512 4042 1553 4079; x_wconf 93' lang='lat' dir='ltr'><strong>c.</strong></span> <span class='ocrx_word' id='word_1_305' title='bbox 1590 4045 1644 4094; x_wconf 88' lang='lat' dir='ltr'><strong>p.</strong></span> <span class='ocrx_word' id='word_1_306' title='bbox 1672 4030 1736 4079; x_wconf 76' lang='lat'><strong>21</strong></span> <span class='ocrx_word' id='word_1_307' title='bbox 1768 4026 1908 4094; x_wconf 86' lang='lat' dir='ltr'><strong>sqq.)</strong></span> <span class='ocrx_word' id='word_1_308' title='bbox 1962 4030 2309 4096; x_wconf 87' lang='lat' dir='ltr'><strong>Argumenta</strong></span> <span class='ocrx_word' id='word_1_309' title='bbox 2345 4044 2480 4083; x_wconf 84' lang='lat' dir='ltr'><strong>vero</strong></span> <span class='ocrx_word' id='word_1_310' title='bbox 2519 4029 2640 4097; x_wconf 87' lang='lat' dir='ltr'><strong>ejus</strong></span> 
     </span>
     <span class='ocr_line' id='line_1_38' title="bbox 327 4104 2640 4175; baseline 0 -16"><span class='ocrx_word' id='word_1_311' title='bbox 327 4105 442 4159; x_wconf 83' lang='lat' dir='ltr'><strong>vim</strong></span> <span class='ocrx_word' id='word_1_312' title='bbox 478 4121 587 4159; x_wconf 88' lang='lat' dir='ltr'><strong>non</strong></span> <span class='ocrx_word' id='word_1_313' title='bbox 625 4104 822 4158; x_wconf 83' lang='lat' dir='ltr'><strong>habere</strong></span> <span class='ocrx_word' id='word_1_314' title='bbox 863 4120 1169 4174; x_wconf 84' lang='lat' dir='ltr'><strong>censemus;</strong></span> <span class='ocrx_word' id='word_1_315' title='bbox 1209 4107 1370 4175; x_wconf 88' lang='lat' dir='ltr'><strong>hujus</strong></span> <span class='ocrx_word' id='word_1_316' title='bbox 1408 4114 1591 4160; x_wconf 81' lang='lat' dir='ltr'><strong>tamen</strong></span> <span class='ocrx_word' id='word_1_317' title='bbox 1629 4106 1737 4159; x_wconf 92' lang='lat' dir='ltr'><strong>loci</strong></span> <span class='ocrx_word' id='word_1_318' title='bbox 1775 4122 1884 4159; x_wconf 89' lang='lat' dir='ltr'><strong>non</strong></span> <span class='ocrx_word' id='word_1_319' title='bbox 1920 4111 2032 4170; x_wconf 82' lang='lat' dir='ltr'><strong>est,</strong></span> <span class='ocrx_word' id='word_1_320' title='bbox 2081 4107 2269 4161; x_wconf 87' lang='lat' dir='ltr'><strong>eadem</strong></span> <span class='ocrx_word' id='word_1_321' title='bbox 2307 4106 2640 4175; x_wconf 85' lang='lat' dir='ltr'><strong>singillatim</strong></span> 
     </span>
     <span class='ocr_line' id='line_1_39' title="bbox 330 4183 589 4239; baseline -0.004 -1"><span class='ocrx_word' id='word_1_322' title='bbox 330 4183 589 4239; x_wconf 84' lang='lat' dir='ltr'><strong>refutare.</strong></span> 
     </span>
    </p>
   </div>
  </div>
 </body>
</html>
