3270 5028
885 393 1134 446 Eventus
1170 401 1299 460 post
1335 391 1638 448 Concilium
1676 407 1786 445 occ.
1812 392 1966 445 VIII.
2480 397 2585 447 439

248 532 579 597 Indicant
625 540 915 617 tantum,
976 556 1121 597 eum
1166 535 1236 597 in
1281 533 1475 597 exilio
1533 538 1857 597 mortuum
1905 555 2071 611 esse,
2131 541 2329 618 atque
2374 536 2586 617 sepul-

249 633 415 692 tum
499 629 568 692 in
647 632 906 694 ecclesia
988 628 1054 695 S.
1132 630 1451 695 Jeremiae
1524 629 1598 694 ad
1674 628 2225 714 Merdosagarum;
2319 632 2586 714 ejusque

251 748 444 789 mors
511 726 814 791 accidisse
875 727 1152 790 traditur
1208 726 1308 789 die
1368 723 1438 789 6⁰
1484 725 1819 789 Februarii
1874 727 2027 790 anni
2077 729 2223 791 891.
2315 725 2587 791 Videtur
2606 726 2917 778 Ph⁰tii⁰⁸it³¹⁸·

253 826 494 885 autem
538 822 810 887 Photius
866 845 1302 908 perseverasse
1362 823 1432 886 in
1493 845 1608 886 sua
1669 823 2025 905 pertinacia
2086 828 2281 907 atqu‘e
2340 825 2407 887 in
2469 846 2586 888 suo

256 939 490 982 errore
534 919 610 983 de
661 918 941 1003 Spiritus
990 919 1211 985 Sancti
1262 921 1692 1003 processione,
1752 920 1882 984 imo
1930 919 2102 985 hunc
2148 942 2425 985 errorem
2470 943 2586 1004 pro

251 1014 515 1079 viribus
563 1037 963 1100 propagasse.
1033 1014 1377 1080 Sententia
1422 1017 1581 1079 haec
1628 1016 1815 1079 initio
1862 1018 2097 1081 saeculi
2144 1017 2369 1080 decimi
2419 1016 2588 1081 Con-

255 1112 696 1195 stantinopoli
766 1135 804 1175 a
860 1114 1083 1176 multis
1146 1113 1527 1195 tenebatur,
1597 1112 1765 1175 unde
1830 1112 2093 1197 Sergius
2163 1112 2314 1191 HL,
2395 1135 2586 1197 quem

259 1207 393 1271 hac
448 1208 525 1271 de
572 1232 640 1272 re
697 1211 1033 1274 certiorem
1085 1211 1329 1275 factum
1386 1210 1620 1273 dixeris
1677 1232 1715 1273 a
1759 1210 1988 1294 legatis
2046 1210 2175 1274 suis
2233 1233 2407 1275 anno
2457 1212 2583 1276 906

263 1306 376 1367 vel
438 1305 563 1367 907
622 1305 1183 1390 Constantinopoli
1239 1307 1741 1382 revertentibuS,
1805 1307 2129 1389 episcopos
2191 1305 2585 1371 Francorum

261 1403 526 1465 monuit
574 1404 767 1485 juxta
806 1402 1055 1468 Nicolai
1099 1404 1151 1467 Ι.
1213 1404 1603 1487 exemplum,
1670 1409 1746 1466 ut
1799 1403 1973 1466 hunc
2033 1425 2311 1467 errorem
2368 1403 2589 1467 sedulo

264 1497 523 1561 evitent
600 1504 794 1583 atque
866 1501 1264 1584 impugnent.
1386 1500 1459 1578 Id
1533 1500 1857 1583 colligitur
1928 1522 2005 1564 ex
2080 1500 2262 1564 Actis
2331 1500 2585 1564 Trosle-

254 1594 472 1676 jensis
538 1596 817 1674 concilii,
888 1598 1058 1681 quod
1114 1619 1332 1661 mense
1393 1594 1591 1661 Junio
1657 1597 1813 1660 anni
1871 1597 1997 1660 909
2050 1597 2334 1680 praeside
2395 1596 2587 1661 Heri-

263 1711 387 1754 veo
458 1692 932 1776 archiepiscopo
998 1693 1348 1757 Rhemensi
1418 1692 1710 1757 habitum
1781 1696 1897 1756 est.
2016 1692 2092 1756 In
2167 1694 2347 1758 Actis
2415 1693 2587 1758 hisce

268 1788 446 1850 enim
506 1789 772 1871 legitur:
837 1787 1011 1853 Sane
1073 1789 1230 1870 quia
1287 1787 1584 1866 innotuit
1647 1787 1712 1873 (i.
1764 1811 1816 1853 e.
1878 1795 2103 1854 notum
2156 1787 2338 1871 fecit)
2403 1788 2588 1854 nobis

268 1887 503 1947 sancta
552 1882 743 1949 Sedes
786 1886 1175 1968 Apostolica,
1223 1885 1435 1950 adhuc
1475 1905 1727 1950 errores
1774 1883 2323 1967 blasphemiasque
2367 1886 2587 1967 cujas-

273 1978 430 2043 dam
489 1980 703 2062 viyere
761 1982 996 2047 Photii
1053 1981 1127 2047 in
1180 1981 1491 2065 partibus
1549 1981 1839 2047 Orientis
1893 1982 1966 2046 in
2029 1981 2354 2064 Spiritum
2417 1981 2585 2046 San-

274 2080 469 2156 ctum,
519 2078 687 2158 quod
731 2099 864 2143 non
911 2099 951 2143 a
998 2078 1173 2144 Filio
1219 2078 1355 2143 nisi
1401 2100 1442 2143 a
1488 2078 1691 2144 Patre
1736 2082 1995 2143 tantum
2031 2078 2367 2160 procedat,
2421 2078 2583 2143 blas-

262 2171 675 2255 phemantis:
737 2174 1081 2239 hortamur
1125 2180 1408 2240 vestram
1461 2175 1979 2257 fraternitatem,
2038 2195 2178 2241 una
2222 2196 2467 2241 mecum
2512 2180 2587 2239 ut

273 2269 624 2334 secundum
670 2271 1172 2336 admonitionem
1219 2271 1496 2337 Domini
1541 2272 1882 2337 Romanae
1929 2271 2130 2351 Sedis,
2179 2272 2584 2357 sin‘qzdino-

272 2369 510 2445 strum,
549 2367 906 2449 perspectis
951 2367 1233 2433 Patrum
1280 2367 1741 2433 catholicorum
1787 2367 2149 2448 sententiis,
2205 2368 2281 2432 de
2325 2368 2587 2433 divinae

276 2460 660 2545 Scripturas
691 2464 1031 2548 pharetris
1076 2469 1303 2531 auctas
1347 2465 1772 2549 proferamus
1817 2465 2093 2549 saqittas
2127 2465 2414 2549 potentis
2434 2517 2448 2543 ‚
2502 2465 2587 2530 ad

278 2560 766 2641 confodiendam
832 2562 1105 2627 belluam
1167 2563 1444 2627 monstri
1506 2563 1933 2644 renascentis,
2006 2567 2067 2628 et
2130 2563 2584 2628 conterendum

277 2661 482 2738 caput
514 2658 853 2723 novissimi
898 2658 1289 2742 serpentis.1)

455 2833 599 2897 135.
664 2833 935 2898 Saeculo
991 2835 1234 2898 decimo
1290 2841 1508 2898 tamen
1569 2832 1798 2897 Graeci
1854 2837 2038 2916 gesta
2092 2832 2312 2897 Photii
2370 2835 2581 2917 potius
2615 2847 2888 2917 Photiiyne·

278 2931 579 3017 oblivioni
648 2930 901 2993 tradere
972 2938 1038 2994 et
1104 2931 1363 2994 silentio
1425 2936 1644 3014 tegere
1709 2929 2126 3007 studuerunt,
2195 2931 2275 2994 ob
2342 2932 2581 2995 luctam
2688 2920 2834 2950 mma·

281 3028 412 3109 ejus
482 3026 783 3089 adversus
852 3021 917 3087 S.
989 3026 1349 3110 Ignatium‚
1428 3030 1622 3108 atque
1698 3027 1817 3090 sub
1890 3027 2299 3091 anathemate
2365 3027 2581 3110 prohi-

282 3123 557 3185 buerunt
634 3142 708 3184 ea
781 3143 1276 3185 commemorare
1352 3143 1516 3205 quae
1592 3126 1821 3186 contra
1892 3127 2238 3206 utrumque
2313 3123 2583 3207 patriar-

282 3219 457 3283 cham
513 3223 698 3303 gesta
743 3218 846 3281 vel
903 3219 1143 3301 scripta
1195 3223 1401 3283 erant.
1501 3218 1658 3283 Post
1712 3219 1990 3283 medium
2045 3220 2370 3283 saeculum
2420 3218 2580 3282 deci·

283 3338 449 3379 mum
517 3316 597 3379 ad
664 3315 1139 3399 impugnandos
1204 3314 1473 3380 Latinos
1540 3315 1687 3379 dein
1752 3315 1972 3380 Photii
2042 3315 2280 3399 scripta
2348 3316 2583 3380 iterum

282 3412 634 3496 conquisita
680 3418 859 3490 sunt,
916 3434 989 3476 ac
1037 3411 1262 3476 Graeci
1319 3413 1572 3476 saeculo
1627 3412 1996 3477 duodecimo
2044 3434 2187 3476 eum
2234 3413 2406 3476 inter
2454 3412 2581 3476 Do-

285 3514 481 3574 ctores
544 3509 865 3574 Ecclesiae
927 3513 1406 3574 recensuerunt.
1517 3506 1641 3573 Sed
1699 3513 1958 3573 tantum
2023 3509 2274 3573 saeculo
2339 3509 2581 3573 decimo

285 3611 455 3670 sexto
505 3605 732 3670 Graeci
788 3606 1178 3669 schismatici
1238 3606 1623 3689 inceperunt
1682 3605 1865 3669 illum
1926 3606 2095 3669 inter
2157 3610 2413 3670 sanctos
2477 3627 2582 3671 co-

286 3703 433 3785 lere3
491 3706 684 3786 atque
731 3703 923 3766 etiam
971 3723 1145 3765 nunc
1190 3703 1525 3785 scriptores
1575 3701 1959 3766 schismatici
2006 3703 2227 3765 multis
2280 3703 2582 3767 encomiis

286 3799 594 3862 celebrare
639 3799 1096 3863 solent⁴virum
1146 3797 1338 3874 hunc,
1388 3799 1497 3882 qui
1545 3798 1892 3862 foedissimi
1938 3799 2295 3863 schismatis
2343 3800 2584 3863 struxit

457 4058 500 4124 1)
542 4057 609 4111 V.
648 4057 847 4112 Concil.
896 4058 1277 4126 Troslejanum
1324 4075 1367 4111 c.
1410 4060 1503 4124 143
1552 4058 1736 4111 Labbe
1782 4059 1903 4125 IX„
1958 4061 2076 4113 561.
2124 4090 2192 4097 —
2239 4060 2347 4116 Ofr.
2398 4060 2579 4114 Natal.

292 4137 432 4192 Alex.
472 4137 527 4190 in
568 4153 706 4191 saec.
744 4138 841 4194 IX.
880 4143 938 4192 et
972 4137 1039 4190 X.
1080 4155 1122 4190 c.
1163 4137 1257 4190 IV.
1291 4142 1399 4190 art.
1441 4139 1524 4189 31.
