3270 5028
1108 435 1490 491 Controversia
1528 436 1588 490 in
1624 437 1821 492 Gallia.
2551 436 2620 488 79

489 577 593 640 92.
651 575 1009 642 Ludovicus
1066 577 1423 661 Imperator
1477 600 1550 642 ea
1604 600 1768 662 quae
1824 577 2079 642 censuit
2129 580 2489 660 opportune
2541 596 2620 640 ex
2639 573 2822 625 L0g⁸fi⁰
2865 573 2950 614 1³⁰·

310 673 493 738 Actis
553 672 684 737 illis
752 673 1000 756 excerpi
1070 695 1256 757 posse
1320 673 1399 738 ad
1462 676 1906 759 quaestionem
1975 673 2447 751 elucidandam,
2510 695 2623 757 per

306 768 658 834 Jeremiam
728 768 1166 835 Senonensem
1244 775 1310 834 et
1376 770 1610 835 Jonam
1681 770 2222 834 Aurelianensem
2300 773 2622 855 episcopos

307 865 582 930 Romam
629 866 832 947 misit,
891 869 965 930 ut
1007 865 1336 931 Romanus
1383 866 1684 932 Pontifex
1726 867 2038 951 judicium
2092 867 2310 932 ferret.
2402 871 2622 951 Atque

303 963 378 1026 in
443 963 715 1045 epistola
774 985 812 1026 a
875 961 1199 1028 Ludovico
1260 970 1327 1027 et
1367 963 1679 1028 Lothario
1739 965 1878 1047 ejus
1935 963 2067 1027 filio
2128 963 2208 1027 ad
2257 963 2622 1049 Eugenium

307 1060 525 1138 missa,
574 1059 808 1125 diserte
851 1061 1204 1125 auctoritas
1235 1058 1298 1124 S.
1329 1057 1514 1124 Sedis
1563 1059 1772 1143 quoad
1803 1059 2243 1143 magisterium
2290 1059 2621 1124 doctrinae

308 1157 807 1239 agnoscebatur,
870 1162 936 1220 et
990 1179 1134 1221 eum
1193 1162 1449 1221 tantum
1509 1156 1915 1220 asserebatur
1958 1156 2155 1219 finem
2204 1177 2341 1220 esse
2399 1177 2619 1220 eorum

307 1274 474 1336 quae
523 1256 668 1316 acta
712 1253 1002 1334 fuerant,
1055 1259 1132 1318 ut
1177 1253 1491 1317 auxilium
1544 1250 1859 1336 quoddam
1905 1256 2341 1334 praestaretur
2386 1251 2622 1316 Ponti-

307 1350 430 1413 fici.
529 1347 779 1428 Quibus
825 1348 1040 1433 (actis)
1077 1348 1406 1430 perlectis,
1461 1350 1783 1426 scribunt,
1850 1366 1926 1412 ea
1970 1351 2219 1412 vestrae
2264 1346 2621 1413 Sanctitati

306 1443 576 1526 leyenda
633 1449 826 1526 atque
881 1445 1324 1511 examinanda
1373 1465 1498 1527 per
1547 1444 1788 1528 leyatos
1847 1448 2104 1508 nostros
2148 1443 2504 1509 Jeremiam
2560 1447 2620 1508 et

305 1541 551 1609 Jonam
612 1541 935 1629 episcopos
994 1541 1248 1607 mittere
1308 1540 1699 1608 curavimus.
1804 1538 1977 1619 Quos
2036 1560 2169 1606 non
2227 1538 2301 1604 ob
2362 1540 2477 1605 hoc
2533 1541 2620 1605 ad

306 1643 559 1703 vestrae
605 1637 947 1704 Almitatis
989 1638 1437 1722 praesentiam
1483 1637 1814 1714 misimuS,
1878 1640 1956 1702 ut
1999 1636 2218 1718 aliquo
2262 1636 2438 1702 velut
2482 1658 2617 1702 ma-

299 1734 566 1818 gisterii
612 1735 823 1819 officio
860 1735 1343 1818 sumerentur,
1400 1738 1522 1799 aut
1565 1732 1831 1799 docendi
1869 1732 2095 1816 qratia
2140 1732 2371 1797 directi
2418 1738 2618 1816 puta·

305 1836 571 1912 rentur,
640 1833 799 1915 quia
867 1832 1038 1898 sicut
1083 1833 1231 1915 jam
1298 1830 1777 1896 commemorati
1842 1849 2071 1896 sumus
2129 1850 2248 1895 ‘nos
2307 1829 2621 1895 debitores

307 1929 613 2009 existere,
662 1933 738 1995 ut
781 1928 935 1994 huic
978 1928 1046 1994 S.
1096 1928 1250 1994 Sedi
1293 1928 1367 1993 in
1417 1926 1924 2009 quibuscumque
1965 1924 2244 2010 ‘neqotiis
2289 1926 2618 1992 auxilium

298 2025 483 2108 ferre
537 2025 949 2111 debeamus.1)
1002 2064 1091 2072 ——
1143 2027 1473 2104 Quaenam
1522 2025 1766 2090 Romae
1821 2025 1892 2088 in
1934 2025 2062 2089 isto
2119 2026 2383 2109 negotio
2437 2027 2621 2109 gesta

305 2124 460 2202 sint,
508 2125 867 2208 ignoratur.
949 2124 1021 2187 Id
1064 2128 1285 2188 tamen
1331 2145 1408 2188 ex
1454 2122 1792 2187 eventibus
1838 2123 2054 2200 claret,
2098 2121 2461 2206 Eugenium
2511 2121 2620 2202 IL,

307 2221 600 2304 quamvis
649 2243 887 2305 magna
943 2242 1085 2284 cum
1145 2224 1281 2285 arte
1337 2224 1476 2284 tum
1534 2220 1615 2283 ab
1673 2216 2113 2283 Orientalibus
2166 2224 2308 2283 tum
2369 2219 2448 2282 ab
2504 2217 2619 2283 Oc-

307 2317 734 2381 cidentalibus
781 2317 1266 2395 sollicitaretur,
1319 2321 1538 2381 tamen
1582 2315 1830 2399 insigni
1875 2315 2193 2397 sapientia
2238 2315 2308 2377 in
2354 2314 2615 2397 praede—

305 2434 630 2478 cessorum
687 2436 948 2478 suorum
1003 2418 1070 2478 et
1125 2412 1394 2477 Concilii
1451 2410 1724 2477 Nicaeni
1780 2411 1864 2474 H.
1933 2411 2227 2475 doctrina
2289 2410 2368 2475 de
2421 2411 2617 2475 sacris

305 2509 697 2595 imaginibus
759 2511 1143 2594 perstitisse,
1204 2511 1274 2574 in
1333 2509 1613 2573 Francos
1678 2513 1925 2587 autem,
1989 2509 2101 2592 qui
2163 2507 2242 2572 in‘
2295 2530 2408 2573 sua
2471 2529 2616 2591 per—

306 2607 662 2671 manebant
707 2608 1029 2690 opinione,
1078 2608 1444 2672 oeconomia
1489 2605 1796 2690 prudenti
1840 2627 2026 2669 usum
2074 2626 2231 2669 esse.

483 2705 587 2768 93.
656 2703 840 2768 Inter
900 2702 1120 2768 Gallos
1184 2726 1257 2768 eo
1324 2708 1610 2787 tempore
1676 2703 2099 2768 iconoclastae
2171 2703 2461 2766 imitatus
2519 2710 2618 2767 est

312 2798 649 2894 Claudias
701 2799 1132 2865 Taurinensis
1185 2798 1543 2886 episcopm,
1606 2800 1721 2883 qui
1782 2800 2196 2875 auctoritate,
2261 2821 2386 2883 qua
2448 2798 2618 2881 apud

308 2891 700 2963 LuOEV1cum
728 2881 1210 2981 Imperatorem
1255 2898 1568 2980 pollebat,
1628 2897 1862 2973 elatus,
1921 2896 2236 2979 imagines
2293 2900 2359 2958 et
2402 2915 2618 2958 cruces

308 3016 388 3058 ex
447 2995 725 3059 ecclesiis
774 3016 927 3058 suae
982 2994 1287 3058 dioecesis
1351 2995 1571 3076 abegit
1630 2998 1698 3056 et
1752 2992 1967 3076 fregit.
2088 2989 2212 3055 Sed
2272 2991 2331 3054 ei
2398 2990 2617 3054 fideles

305 3092 718 3168 restiterunt,
780 3091 1068 3175 variique
1125 3091 1245 3154 viri
1302 3090 1472 3155 docti
1534 3089 1783 3153 Galliae
1839 3090 1976 3172 ejus
2024 3108 2266 3151 errores
2324 3085 2616 3150 confuta-

304 3194 490 3265 runt,
554 3188 845 3271 quamvis
907 3195 974 3251 et
1031 3188 1150 3269 ipsi
1210 3187 1501 3251 nondum
1566 3208 1646 3249 ex
1706 3186 1961 3267 integro
2021 3205 2236 3247 veram
2290 3182 2369 3247 de
2425 3184 2619 3247 sacris

304 3286 694 3370 imaginibus
758 3284 1153 3348 sententiam
1217 3288 1738 3366 assequerentur.
1841 3280 2178 3344 Claudium
2238 3282 2434 3344 missa
2492 3278 2618 3362 epi-

307 3383 478 3448 stola
523 3382 861 3446 admonuit
917 3382 1054 3464 ejus
1112 3381 1351 3443 amicus
1398 3378 1856 3443 Theodomirus
1903 3377 2132 3453 abbas,
2188 3377 2296 3441 sed
2343 3377 2617 3450 frustra3

2655 647 2766 677 mam
2794 646 2937 676 mlssa.

2686 2702 2896 2747 Claudius

2649 2768 2945 2810 Taurinensis.

305 3479 458 3544 dein
519 3499 670 3542 vero
734 3499 879 3541 eum
948 3476 1318 3540 refutarunt
1381 3475 1723 3558 Dungalus
1784 3474 2129 3538 monachus
2190 3471 2254 3537 S.
2299 3471 2617 3554 Dionysii,
2687 3481 2688 3484 ’

306 3576 507 3642 Jonas
555 3575 886 3658 episcopus
933 3574 1448 3650 Aurelianensis,
1497 3571 1916 3660 walafridus*
1943 3568 2204 3648 Strabo,
2253 3579 2319 3633 et
2366 3575 2621 3651 praeter

702 3677 803 3690 -⁷„,-

307 3781 544 3841 marent,
601 3776 768 3829 etiam
819 3774 877 3828 in
921 3775 1081 3829 rebus
1130 3773 1461 3842 theologicis
1512 3788 1570 3827 se
1619 3772 1904 3826 admodum
1952 3770 2248 3834 excellere,
2304 3770 2388 3823 ita
2432 3774 2495 3822 ut
2529 3769 2621 3823 vel

308 3857 482 3924 ipsum
527 3854 833 3908 Romanum
877 3853 1197 3908 Pontificem
1244 3854 1467 3920 ejusque
1512 3851 1800 3919 theologos
1845 3850 2116 3904 instruere
2162 3854 2403 3916 possent.
2476 3847 2620 3901 Pon·

309 3934 485 3989 tifices
533 3938 716 3987 autem
754 3932 987 3985 Romani
1029 3932 1282 4000 prudenti
1332 3930 1702 3986 moderatione
1750 3945 1888 3998 erga
1932 3928 2101 3981 bonos
2145 3928 2293 3981 viros
2338 3928 2424 3980 usi
2473 3935 2618 3980 sunt.

307 4012 518 4067 Similia
564 4012 880 4066 acciderunt
927 4011 1144 4066 saeculo
1188 4011 1378 4075 XVII,
1435 4026 1595 4077 quum
1653 4008 1751 4061 sub
1797 4007 2075 4062 Ludovico
2121 4005 2270 4060 XIV.
2320 4004 2501 4060 Gallia
2549 4005 2619 4058 ad

307 4108 562 4161 magnam
599 4091 899 4158 potestatis
939 4090 1170 4158 gloriam
1209 4095 1266 4145 et
1302 4089 1687 4143 auctoritatem
1728 4093 1921 4141 evecta
1960 4094 2126 4141 esset.

489 4171 530 4236 ¹)
568 4171 635 4224 V.
675 4170 873 4224 Baron.
912 4170 981 4223 ad
1017 4185 1065 4222 a.
1103 4172 1206 4222 825
1243 4187 1293 4222 n.
1332 4171 1418 4224 48.
