3270 5028
664 453 733 503 38
1394 453 1476 506 De
1512 451 1729 507 haeresi
1763 453 2240 508 Iconoclastarum.

663 593 886 656 clesiae
928 592 1256 658 Romanae
1311 594 1381 656 in
1426 592 1724 658 Calabria
1773 601 1838 658 et
1899 592 2117 659 Sicilia
2167 596 2293 659 sita
2340 597 2699 681 Imperator
2755 596 2826 660 in
2886 597 2968 659 fi-

672 710 845 753 scum
913 689 1183 774 redegit.
1286 689 1629 755 Praeterea
1696 697 1834 756 tum
1889 691 2169 756 Siciliam
2241 697 2305 756 et
2356 693 2747 770 Calabriam,
2822 697 2970 758 tum

634 785 978 851 fdioeceses
1018 785 1416 869 Illyrician-as
1448 787 1739 853 Romano
1785 788 2189 872 patriarchae
2234 793 2392 853 tunc
2427 791 2765 872 tyrannice
2810 790 2968 854 sub-

663 885 895 962 traxit,
930 876 1017 949 xet
1065 883 1328 948 CPtano
1373 884 1703 962 attribuit,
1751 890 1945 969 atque
1990 886 2084 948 ita
2129 885 2419 950 futurum
2465 887 2736 951 schisma
2781 908 2964 969 prae-

662 983 934 1065 paravit.
1021 979 1395 1045 Provincias
1449 981 1619 1045 enim
1665 981 1808 1045 illas
1854 980 2285 1063 Illyricianae„
2345 1005 2504 1066 quas
2550 983 2790 1047 dudum
2825 985 2970 1068 jam

663 1077 1059 1160 patriarchae
1106 1075 1354 1142 OPtani
1402 1077 1825 1160 appetebant,
1877 1077 1997 1141 hac
2040 1078 2290 1142 ratione
2350 1101 2462 1162 per
2504 1080 2969 1163 Imperatorem

665 1175 1051 1239 haereticum
1107 1170 1662 1258 acquisiverunt,¹)
1719 1195 1836 1238 nec
1893 1178 2113 1257 postea
2169 1174 2422 1239 easdem
2478 1175 2799 1240 dimittere
2852 1198 2971 1239 vo-

664 1271 926 1335 luerunt
958 1271 1151 1335 etiam
1190 1269 1592 1354 patriarchae
1624 1269 1987 1335 orthodoxi.
2038 1306 2116 1316 —
2169 1271 2588 1335 Continuavit
2620 1271 2753 1336 Le‘o
2782 1272 2968 1336 Isau-

664 1388 771 1430 rus
832 1368 1068 1432 bellum
1133 1371 1357 1431 contra
1417 1388 1631 1431 sacras
1688 1367 2001 1451 imagines
2064 1389 2267 1452 usque
2328 1368 2406 1432 ad
2469 1374 2740 1433 mortem
2797 1389 2970 1452 quae

664 1485 720 1527 a.
773 1464 891 1527 741
945 1465 1194 1530 accidit.

379 1604 603 1648 Constant·
839 1598 942 1661 42.
1009 1596 1268 1679 Imperii
1331 1599 1397 1658 et
1459 1595 1813 1679 impietatis
1878 1595 2216 1660 haeredem
2277 1595 2506 1661 habuit
2567 1595 2699 1660 Leo
2763 1597 2970 1661 filium

335 1664 644 1720 ⁰⁰p¹⁰¹¹ymu⁸'
668 1691 1170 1758 Constantinum
1212 1691 1276 1755 V.
1325 1689 1873 1776 (Oopronymum).
1975 1693 2042 1756 Is
2088 1715 2222 1756 non
2275 1693 2489 1756 minus
2546 1715 2739 1776 quam
2786 1697 2976 1776 pater

664 1785 1252 1874 sacrms
1317 1789 1571 1874 oderat,
1638 1811 1858 1853 verum
1926 1789 2147 1872 primis
2211 1787 2473 1872 Imperii
2537 1791 2725 1853 annis
2789 1812 2974 1854 occu-

664 1890 852 1969 patus
925 1887 1049 1950 fuit
1121 1885 1499 1950 debellando
1571 1885 1962 1962 Artabasdo,
2041 1886 2152 1969 qui
2221 1908 2259 1949 a
2325 1886 2545 1951 multis
2610 1885 2975 1971 Imperator

665 1984 1008 2061 salutatuS,
1080 2004 1192 2065 per
1252 1982 1444 2046 breve
1517 1982 1797 2065 spatium
1867 1982 2173 2066 temporis
2242 1983 2436 2046 etiam
2499 1981 2974 2048 Constantino-

841 2191 886 2256 1)
939 2191 1110 2257 Quum
1160 2190 1339 2246 clerus
1390 2190 1643 2244 CPtanus
1694 2196 1885 2244 nostro
1937 2196 2178 2260 tempore
2229 2207 2381 2245 suam
2427 2193 2861 2261 jurisdictionem
2910 2194 2973 2248 in

665 2270 944 2325 dioeceses
994 2269 1256 2324 Graeciae
1305 2276 1557 2338 urgeret,
1616 2270 1707 2324 vel
1755 2269 1862 2337 ipsi
1920 2271 2256 2324 schismatici
2306 2272 2500 2326 Graeci
2558 2272 2973 2339 usurpationem

664 2350 815 2402 illam
854 2350 1091 2404 CPtanis
1130 2350 1539 2417 exprobrarunt.
1602 2349 2007 2417 „C’est·a-dire,
2045 2349 2127 2404 ait
2163 2350 2451 2418 Pitzipios,
2489 2351 2742 2421 L'Eylise
2778 2352 2970 2406 orient.

664 2430 727 2482 P.
765 2430 809 2482 I.
858 2446 908 2496 p.
952 2431 1044 2495 12,
1095 2444 1297 2482 comme
1345 2427 1828 2486 l’Archimandrite
1874 2429 2290 2498 PharmacideS,
2338 2430 2652 2498 professeur
2701 2432 2767 2485 de
2817 2431 2975 2485 theo·

665 2507 814 2577 logie
864 2513 897 2562 a
946 2507 1305 2563 l'Universite
1343 2507 1672 2573 d’Athenes,
1723 2506 1808 2561 dit
1843 2510 1957 2562 tres
1999 2507 2429 2577 juridiquement
2466 2510 2601 2564 dans
2646 2510 2701 2563 la
2738 2513 2971 2578 reponse

666 2588 796 2656 qu’il
842 2606 874 2641 a
910 2588 1048 2642 faite
1098 2606 1168 2641 au
1218 2588 1402 2655 clerge
1451 2587 1518 2642 de
1554 2586 2009 2655 Constantinople
2059 2604 2152 2641 sur
2201 2589 2258 2642 la
2304 2591 2601 2656 pretendue
2644 2589 2969 2657 juridiction

669 2669 734 2722 de
786 2684 846 2721 ce
898 2668 1080 2736 clerge
1127 2683 1219 2721 sur
1267 2666 1348 2721 les
1399 2665 1643 2720 dioceses
1694 2667 1763 2719 du
1813 2682 2071 2733 royaume
2122 2669 2187 2723 de
2233 2669 2289 2722 la
2326 2668 2520 2731 Grece,
2570 2685 2643 2722 un
2691 2684 2972 2736 empereur

666 2746 947 2813 heretique
988 2747 1282 2801 retrancha
1319 2761 1408 2799 ces
1447 2746 1691 2800 dioceses
1730 2745 1856 2798 d’un
1884 2747 2034 2814 Pape
2073 2747 2365 2801 orthodoxe
2402 2762 2539 2814 pour
2573 2748 2654 2801 les
2692 2749 2900 2802 donner
2937 2752 2970 2801 a

409 2833 423 2876 t
668 2843 742 2879 un
790 2826 1099 2896 patriarche
1148 2824 1432 2891 heretique
1483 2839 1687 2878 comme
1715 2824 1814 2888 vlui
1864 2822 2296 2893 (Pharmacides,
2344 2826 2671 2891 mammos,
2721 2826 2966 2881 Athenes

672 2903 879 2972 1850).“
945 2904 1312 2959 Recolendum
1351 2909 1466 2968 est,
1504 2903 1784 2970 Illyricum
1819 2903 1990 2958 fuisse
2028 2920 2189 2957 unam
2228 2920 2256 2959 e
2296 2909 2527 2971 quatuor
2562 2906 2778 2973 magnis
2812 2921 2967 2973 prae·

665 2984 922 3049 fecturis,
963 2984 1018 3037 in
1055 2998 1188 3052 quas
1227 2982 1620 3037 Constantinus
1660 2982 1941 3051 imperium
1983 2982 2199 3037 divisit:
2249 2983 2462 3050 Orienti,
2510 2984 2814 3052 Illyricum,
2851 2984 2966 3038 Ita-

667 3064 757 3129 lia,
796 3063 996 3118 Gallia.
1068 3064 1204 3117 Inde
1242 3080 1275 3116 a
1313 3061 1622 3115 Theodosio
1659 3060 1943 3131 Illyricum
1979 3062 2212 3129 Imperio
2260 3063 2515 3118 orientali
2552 3065 2826 3133 adiectum
2863 3070 2966 3119 est.

666 3143 958 3197 Dioeceses
1004 3141 1356 3209 Illyricianae
1413 3151 1594 3195 autem
1652 3142 1719 3194 ad
1781 3141 2208 3208 patriarchatum
2245 3143 2547 3196 Romanum
2601 3143 2967 3211 pertinebant,

667 3221 1030 3288 Vicat-iusque
1075 3222 1131 3274 in
1177 3220 1312 3288 ipsis
1359 3237 1392 3273 a
1436 3221 1680 3274 Romano
1722 3220 1989 3276 Pontifice
2035 3221 2350 3288 plerumque
2402 3221 2681 3289 episcopus
2732 3222 2968 3277 Thessa-

669 3301 962 3355 lonicensis
1009 3301 1454 3355 constituebatur.
1536 3299 1783 3354 Studium
1824 3316 1957 3354 vero
2001 3300 2431 3367 patriarcharum
2471 3301 2814 3355 CPtanorum
2852 3303 2969 3370 jam

669 3381 866 3433 dudum
905 3395 969 3433 eo
1007 3380 1294 3444 tendebat,
1332 3383 1392 3432 ut
1428 3378 1707 3447 Illyricum
1747 3395 1876 3433 suae
1906 3378 2280 3448 jurisdictioni
2318 3380 2663 3447 subjicerent.
2739 3382 2970 3435 Anoma·

667 3458 797 3511 liam
844 3473 964 3512 esse
1017 3458 1311 3525 putabant,
1368 3463 1430 3510 ut
1477 3457 1605 3511 illae
1656 3458 1968 3526 provinciae
2025 3459 2094 3511 ad
2138 3458 2431 3525 Imperium
2486 3459 2754 3514 orientale
2802 3460 2971 3527 pert-i-

637 3543 861 3609 ,nentes
904 3537 1150 3590 Romano
1202 3535 1605 3604 patriarchatui
1653 3537 1953 3591 subessent.
2000 3567 2067 3573 —
2116 3536 2375 3605 Singulae
2421 3538 2737 3604 provinciae
2785 3554 2970 3593 recen-

670 3623 858 3670 sentur
907 3616 963 3669 in
1014 3615 1248 3683 epistola
1298 3614 1509 3668 Nicolai
1545 3615 1589 3668 1.
1640 3616 1710 3668 ad
1746 3615 2066 3670 Michaelem
2114 3615 2526 3687 Imperatorem,
2574 3634 2678 3684 qua
2726 3618 2971 3686 postulat

670 3700 729 3748 ut
767 3696 986 3750 eaedem
1023 3693 1421 3761 patriarchatui
1462 3693 1705 3747 Romano
1742 3695 2123 3748 restituantur.
2203 3695 2533 3764 „Antiquum
2568 3712 2797 3760 morem,
2835 3696 2970 3751 scri·

666 3775 776 3841 bit,
825 3791 979 3841 quem
1017 3780 1205 3827 nostra
1256 3772 1488 3829 ecclesia
1533 3773 1751 3836 habuit,
1797 3773 1999 3828 vestris
2046 3774 2381 3841 temporibus
2426 3781 2734 3830 restaurare
2780 3776 2971 3846 digne·

667 3854 824 3921 mini,
884 3860 1152 3922 quatenus
1205 3853 1381 3907 vicem
1435 3868 1530 3920 per
1574 3852 1815 3920 Epirum
1869 3856 2092 3906 veterem
2140 3853 2481 3921 Epio-umque
2534 3872 2756 3920 novum,
2811 3858 2969 3923 atque

666 3933 966 4000 Illyricum,
1018 3931 1416 3996 Macedoniam,
1460 3931 1824 3997 Thessaliam,
1873 3932 2159 3998 Achaiam,
2205 3933 2443 3987 Daciam
2488 3933 2805 4003 Ripensem‚
2852 3935 2969 3988 Da-

666 4012 904 4079 ciamque
928 4012 1402 4074 Mediterraneam‚
1441 4008 1721 4076 Moesiam,
1759 4010 2128 4077 Dardaniam,
2166 4012 2497 4076 Praevalim,
2535 4014 2597 4066 B.
2625 4014 2789 4068 Petro
2830 4015 2970 4081 Apo-

655 4091 926 4150 stolorum
963 4090 1195 4158 principi
1233 4089 1610 4144 contradicere
1646 4090 1827 4143 nullus
1867 4091 2227 4158 praesumat.“
2304 4091 2369 4145 V.
2407 4091 2573 4160 Pagi,
2621 4092 2828 4147 Critica
2865 4093 2969 4145 Ba-

669 4170 806 4223 ronii
847 4170 914 4223 ad
952 4186 998 4223 a.
1039 4173 1142 4221 730
1177 4186 1228 4221 n.
1272 4171 1352 4221 11.
1943 4188 1946 4192 ’
