3270 5028
938 443 1146 498 Causae
1176 443 1540 511 principatum
1576 448 1984 512 praeparantes,
2352 429 2354 432 Α
2544 447 2614 498 97

302 586 454 651 inde
512 587 650 670 jam
713 608 846 651 non
906 586 990 649 ab
1052 585 1326 651 exarcha
1387 606 1535 650 suos
1592 586 1786 650 duces
1841 591 2250 669 receperunt,
2317 587 2428 652 sed
2489 588 2612 672 ipsi

306 684 674 768 elegerunt,
743 683 1035 766 quamvis
1092 681 1298 747 adhuc
1352 683 1473 747 sub
1524 683 1964 747 dominatione
2018 681 2281 767 Imperii
2330 706 2615 749 remane·

302 786 468 844 rent.
559 778 666 843 Ita
720 779 915 843 etiam
958 778 1234 859 Romae,
1298 800 1495 862 quum
1556 779 1833 845 exarcha
1877 778 2121 844 Paulus
2179 784 2246 845 et
2300 780 2431 845 dux
2491 781 2612 845 im·
2635 806 2646 839 s

304 875 561 959 perialis
594 874 869 940 Basilius
916 875 1184 939 insidias
1230 876 1622 940 struxissent
1668 876 1840 940 vitae
1885 874 2177 960 Gregorii
2215 876 2323 952 Π.,
2369 858 2636 942 factum:

305 960 429 1049 est,
490 976 562 1036 ut
610 970 848 1037 Basilio
906 972 1144 1056 rejecto
1199 977 1264 1036 et
1317 971 1390 1035 in
1437 972 1901 1036 monasterium
1955 971 2243 1051 detruso,
2300 974 2439 1056 jam
2492 974 2614 1038 Ro·
2639 996 2678 1101 ἢ
2746 1022 2788 1091 2(

306 1069 482 1132 mani
527 1068 647 1133 sibi
709 1068 932 1133 ducem
984 1090 1060 1132 ex
1121 1090 1193 1132 eo
1251 1072 1540 1151 tempore
1599 1069 1724 1152 ipsi
1785 1068 2118 1153 eligerent.
2214 1068 2406 1133 Brevi
2467 1077 2615 1154 post
2659 1104 2662 1115 =

305 1187 486 1242 vero,
545 1187 743 1248 quum
790 1164 1019 1229 Petrus
1075 1164 1202 1228 dux
1252 1186 1290 1227 a
1334 1163 1647 1230 Romanis
1695 1165 1936 1230 electus
1992 1171 2398 1230 accusaretur
2442 1168 2613 1250 quod
2622 1164 2656 1307 j

303 1265 528 1326 contra
572 1261 946 1325 Pontificem
994 1261 1378 1344 Imp‘eratori
1425 1261 1816 1344 scripsisset,
1876 1260 2150 1325 Romani
2195 1262 2391 1325 etiam
2442 1262 2613 1326 hunc

302 1358 526 1423 ducem
571 1358 1004 1423 exturbarunt
1049 1379 1082 1422 e
1124 1378 1393 1422 munere
1442 1355 1638 1442 suo.¹)

479 1471 586 1536 20.
648 1471 1120 1556 LuitpranduS,
1184 1472 1334 1535 inde
1393 1473 1478 1536 ab
1537 1494 1592 1536 a.
1656 1471 1782 1536 712
1845 1472 2415 1557 Longobardorum
2478 1494 2609 1551 rex,
2631 1473 2934 1526 Luitpranduss

302 1570 412 1653 qui
483 1569 819 1633 consilium
882 1573 1138 1652 ceperat
1205 1571 1412 1633 totam
1474 1567 1736 1634 Italiam
1804 1570 1960 1634 sibi·
1995 1568 2406 1653 subJ‘iciendi,
2483 1569 2613 1633 illis
2745 1548 2836 1578 Μ’

303 1666 611 1746 motibus,
680 1667 778 1729 uti
841 1667 980 1750 jam
1052 1665 1475 1748 praecedente
1546 1665 2016 1732 Dissertatione
2082 1660 2387 1744 diximus,
2456 1687 2613 1729 usus

303 1767 427 1846 est,
494 1767 571 1827 ut
632 1762 1044 1827 exarchatum
1108 1761 1591 1846 aggrederetur,
1668 1769 1863 1847 atque
1923 1787 1978 1828 a.
2012 1754 2169 1826 ‘727
2234 1762 2609 1827 Ravennam

302 1859 557 1943 aliaque
622 1859 853 1943 oppida
916 1858 1331 1943 expugnavit.
1443 1857 1633 1923 Brevi
1697 1864 1844 1944 post
1912 1865 2160 1940 tamen,
2230 1881 2428 1943 quum
2492 1856 2614 1923 Ve-

300 1956 440 2020 neti
496 1954 789 2041 Gregorii
835 1955 917 2019 H.
971 1954 1232 2019 hortatu
1287 1955 1731 2038 imperialibus
1794 1955 2032 2020 auxilio
2086 1956 2444 2032 venissent,
2498 1977 2609 2019 rex

299 2051 616 2117 Ravenna
670 2054 912 2137 ejectus
970 2055 1087 2116 est.
1176 2051 1269 2115 At
1327 2073 1520 2134 quum
1581 2053 1714 2117 Leo
1773 2052 2032 2125 Isaurus
2089 2051 2327 2116 bellum
2387 2056 2613 2116 contra

300 2171 514 2214 sacras
575 2149 890 2233 imagines
951 2149 1390 2225 continuaret,
1455 2150 1861 2231 perturbatio
1917 2149 1984 2212 in
2043 2147 2233 2213 Italia
2290 2170 2422 2212 non
2483 2168 2609 2211 ces·

300 2247 496 2324 savit,
556 2245 666 2309 sed
713 2246 910 2310 etiam
957 2250 1150 2309 aucta
1196 2249 1314 2309 est.
1407 2243 1632 2326 Iqitnr
1676 2243 2071 2310 dissensione
2113 2243 2296 2325 facta
2339 2242 2411 2308 in
2450 2262 2610 2325 par·

302 2340 476 2405 tibus
530 2341 918 2420 Ravennae,
975 2342 1068 2406 ita
1126 2341 1195 2405 in
1242 2342 1400 2406 Vita
1458 2340 1751 2426 Gregorii
1798 2342 1879 2406 Π.
1900 2390 1915 2416 ,
1974 2339 2095 2405 alii
2148 2339 2612 2405 consentientes

299 2436 624 2521 impietati
678 2436 1140 2520 Imperatoris,
1195 2437 1316 2502 alii
1370 2458 1515 2503 cum
1560 2436 1877 2519 Pontifioe
1933 2441 1995 2501 et
2030 2435 2343 2518 fidelibus
2396 2456 2462 2500 se
2519 2439 2610 2500 te-

300 2540 552 2615 nentes,
609 2535 792 2600 intra
838 2555 941 2599 eos
986 2534 1390 2601 contentione
1434 2539 1635 2615 mota,
1697 2534 1987 2600 Paulum
2040 2534 2396 2616 patricium
2452 2532 2608 2598 occi·

299 2630 610 2711 demate)
718 2632 1133 2716 Longobardi
1199 2655 1456 2718 quoque
1516 2632 2069 2698 continuaverunt
2129 2632 2438 2697 infestare
2497 2653 2609 2696 va-

299 2730 425 2794 rias
469 2729 702 2795 Italiae
744 2730 1072 2814 regiones,
1137 2734 1201 2794 et
1240 2731 1379 2814 jam
1424 2730 1732 2806 vidimus,
1792 2750 1867 2793 eo
1913 2733 2198 2812 tempore
2247 2731 2442 2794 etiam
2491 2727 2611 2793 Su·

298 2827 497 2890 trium
570 2827 652 2890 ab
729 2827 819 2891 eis
896 2832 1183 2910 captum,
1260 2826 1369 2891 sed
1445 2829 1593 2910 post
1668 2826 1917 2908 aliquot
1989 2847 2240 2890 menses
2313 2826 2610 2890 Romano

301 2922 603 2987 Pontifici
666 2923 748 2987 ab
814 2924 970 3007 ipsis
1039 2943 1412 2988 concessum
1477 2918 1756 3001 fuisse.⁸)
1865 2922 2023 2987 Post
2088 2926 2354 2986 mortem
2425 2921 2609 2985 Pauli

479 3149 520 3215 ¹)
557 3148 625 3204 V.
663 3148 951 3204 Anastasii
987 3148 1174 3201 Vitam
1211 3146 1459 3214 Gregorii
1498 3147 1572 3200 H.

481 3228 525 3293 ²)
563 3228 837 3282 Auctores
875 3226 1061 3294 aliqui,
1099 3226 1178 3279 uti
1216 3225 1471 3290 Kellner,
1510 3224 1887 3290 (Rohrbacher
1922 3223 1991 3277 K.
2032 3225 2094 3277 G.
2132 3225 2196 3278 B.
2234 3224 2331 3278 XI.
2374 3224 2424 3279 S.
2467 3226 2607 3293 141),

299 3313 543 3373 censent,
579 3310 709 3374 post
735 3312 965 3360 mortem
989 3305 1148 3359 Pauli
1184 3304 1403 3358 exarchi
1433 3304 1756 3358 Ravennam
1784 3319 1817 3356 a
1841 3302 2180 3369 Luitprando
2220 3310 2436 3372 captam
2474 3321 2607 3371 esse,

298 3388 394 3442 sed
449 3385 691 3454 plerique
744 3389 1001 3439 auctores
1053 3384 1302 3449 tradunt,
1361 3383 1643 3437 civitatem
1693 3383 1831 3436 hanc
1878 3387 2095 3449 captam
2144 3397 2176 3434 a
2217 3382 2608 3451 Longobardis,

296 3466 504 3533 hosque
541 3479 666 3518 mox
703 3463 909 3532 eiectos
949 3478 1085 3528 esse,
1122 3462 1296 3515 Paulo
1335 3462 1510 3515 adhuc
1547 3462 1799 3515 exarch0.
1872 3461 1939 3515 V.
1976 3461 2172 3526 Balari,
2220 3460 2403 3516 Storia
2440 3463 2608 3517 d’Ita-

298 3544 393 3610 lia,
431 3544 583 3597 Tom.
622 3543 696 3595 ΙΙ.
734 3542 794 3595 L.
833 3539 990 3596 ΧΠΙ.
1028 3559 1082 3595 n.
1120 3541 1188 3594 X.

475 3620 518 3687 ³)
556 3621 717 3674 Haud
759 3638 792 3673 a
827 3620 1166 3688 Luitprando
1205 3635 1340 3687 rege
1377 3635 1441 3673 ac
1478 3619 1859 3687 Longobardis
1896 3620 2097 3675 Italiae
2136 3620 2462 3687 superioris,
2513 3623 2608 3675 sed

298 3717 332 3755 a
367 3699 747 3768 Longobardis
801 3699 1107 3768 Spoletanis
1161 3698 1392 3765 (mediae
1448 3698 1683 3765 Italiae)
1740 3698 1978 3753 Sutrium
2033 3706 2252 3767 captum
2303 3708 2360 3754 et
2414 3705 2607 3768 postea

298 3778 569 3847 Gregorio
605 3778 679 3831 II.
719 3793 1030 3832 concessum
1068 3794 1216 3845 esse,
1263 3777 1652 3832 animadvertit
1689 3777 1923 3833 Kellner
1956 3778 1993 3832 l.
2033 3794 2077 3831 c.
2129 3778 2234 3833 Sed
2268 3778 2607 3845 Luitprando

294 3858 353 3911 id
391 3856 709 3912 adscribunt
754 3857 1071 3926 gravissimi
1118 3863 1396 3922 auctores,
1445 3856 1532 3910 uti
1566 3856 1742 3911 Balan
1780 3858 1841 3925 (l.
1881 3874 1926 3911 c.
1965 3875 2016 3911 n.
2042 3857 2173 3922 VII)
2219 3864 2277 3911 et
2311 3857 2607 3926 Brunengo

297 3936 543 4006 (Origini
588 3954 640 4004 p.
691 3935 811 4004 50),
861 3945 1025 4003 atque
1077 3937 1134 3991 in
1180 3935 1306 3992 Vita
1350 3934 1603 4005 Gregorii
1648 3936 1729 3990 II.
1778 3937 2009 3991 dicitur:
2068 3936 2305 4005 „Eodem
2360 3940 2606 4004 tempore

292 4032 393 4085 per
436 4015 534 4069 XI.
581 4016 945 4070 Indictionem
990 4016 1134 4082 (inde
1180 4032 1213 4069 a
1249 4015 1567 4084 Septembre
1613 4031 1663 4068 a.
1703 4019 1805 4069 727
1851 4017 1922 4069 ad
1967 4015 2334 4083 Septembrem
2381 4031 2428 4068 a.
2477 4016 2603 4082 728)

295 4095 421 4150 dolo
469 4110 502 4148 a
547 4093 923 4163 Longobardis
970 4110 1257 4162 pervasum
1305 4101 1391 4149 est
1440 4093 1724 4149 Sutriense
1776 4094 2085 4160 castellum,
2149 4094 2292 4161 quod
2349 4109 2445 4160 per
2503 4095 2606 4146 140

295 4173 391 4241 (al.
426 4172 520 4240 40)
559 4173 676 4227 dies
714 4174 782 4228 ab
820 4174 1024 4229 eisdem
1059 4173 1436 4242 Longobardis
1481 4188 1784 4242 possessum
1823 4181 1924 4228 est.
1998 4173 2104 4228 Sed
2139 4172 2425 4227 Pontificis
2471 4173 2605 4225 mul-

349 4269 614 4323 Jungmann,
649 4271 1008 4313 Dissertationes.
1061 4270 1183 4312 Tom.
1214 4270 1302 4313 111.
2363 4263 2392 4311 7
