3270 5028
1087 418 1345 487 Gregorii
1380 418 1454 472 H.
1493 420 1559 472 R.
1598 420 1659 473 P.
1699 427 1878 489 gesta.
2569 428 2637 480 35

332 553 711 621 Pontificem
770 559 1160 641 interficere,
1223 579 1290 622 eo
1349 560 1517 642 quod
1572 581 1832 626 censum
1882 560 1958 627 in
2005 562 2351 645 provincia
2396 574 2684 664 ponere(

320 651 797 734 praepediebat.
893 653 971 719 Id
1031 660 1248 720 tamen
1315 657 1409 720 ita
1468 657 1665 722 refert
1729 659 2151 739 Anastasius,
2214 666 2287 726 ut
2342 662 2641 727 accidisse

329 748 649 829 videatur,
740 755 1088 836 antequam
1164 752 1445 816 edictum
1518 754 1596 818 de
1670 755 2030 821 evertendis
2104 757 2493 843 imaginibus
2570 761 2642 824 in

330 843 592 910 Italiam
652 848 936 912 delatum
995 852 1181 915 esset.
1272 849 1633 932 Imperator
1697 851 1865 916 forte
1929 853 2190 918 tributis
2253 855 2515 939 injustis
2579 862 2644 920 et

331 963 536 1026 aequo
625 945 975 1029 majoribus
1050 944 1248 1010 Italos
1329 968 1619 1028 premere
1703 946 2151 1033 conabatur,¹)
2240 955 2304 1014 et
2377 973 2641 1017 censum

331 1040 643 1122 ejusmodi
698 1042 1010 1125 injustum
1059 1040 1409 1127 Gregorius
1455 1043 1806 1126 impedivit.
1898 1043 2125 1110 Potuit
2178 1051 2403 1111 tamen
2449 1049 2644 1113 etiam

332 1137 716 1202 Anastasius
795 1138 1108 1222 quaedam
1177 1139 1596 1216 confundere,
1674 1141 1769 1204 ita
1840 1146 1915 1204 ut
1985 1163 2208 1207 revera
2274 1143 2338 1206 id
2408 1145 2644 1209 accide-

330 1233 420 1297 rit
488 1238 632 1298 orta
681 1236 820 1319 jam
888 1238 1113 1300 contra
1180 1236 1494 1320 imagines
1562 1237 1755 1301 lucta.
1866 1236 2104 1301 Utrum
2170 1261 2317 1303 vero
2388 1240 2507 1304 hac
2576 1242 2641 1304 in

330 1351 398 1393 re
459 1331 884 1396 intervenerit
936 1331 1283 1416 Gregorius
1341 1355 1458 1415 pro
1518 1355 1591 1398 eo
1653 1337 1911 1398 tantum
1971 1333 2250 1413 influxu,
2312 1358 2501 1420 quem
2566 1338 2643 1401 de

330 1427 503 1491 facto
569 1428 640 1490 in
708 1450 808 1493 res
875 1429 1258 1512 temporales
1325 1430 1690 1511 provinciae
1760 1429 2093 1494 Romanae
2164 1431 2480 1510 habebat,
2557 1457 2643 1498 au

329 1545 481 1588 vero
528 1524 911 1589 auctoritate
970 1547 1224 1609 quoque
1270 1547 1568 1608 suprema
1623 1548 1752 1611 qua
1797 1548 2081 1591 summus
2125 1526 2435 1594 Pontifex
2485 1536 2644 1605 erat,

329 1622 425 1685 ita
500 1627 575 1685 ut
642 1622 922 1687 solveret
986 1621 1276 1686 subditos
1354 1643 1394 1685 a
1455 1622 1794 1705 pendendo
1868 1623 2064 1706 impio
2129 1623 2450 1690 Ecclesiae
2509 1649 2648 1710 per-

329 1719 607 1783 secutori
655 1719 932 1797 tributo,
990 1719 1089 1782 vel
1137 1723 1214 1782 ut
1258 1719 1570 1783 tributum
1617 1725 1949 1802 tamquam
2001 1720 2315 1805 injustum
2363 1744 2498 1786 non
2546 1746 2645 1791 ex·

331 1815 675 1879 hibendum
725 1836 867 1880 esse
910 1815 1287 1898 declararet,
1335 1815 1495 1879 satis
1540 1837 1674 1879 non
1721 1815 1950 1899 liquet.
1995 1853 2080 1861 ——
2132 1815 2448 1883 Omnibus
2496 1841 2642 1884 con·
2658 1822 2883 1906 Sentssssfia
2897 1835 2968 1865 ¹¹0·

331 1911 629 1976 sideratis
679 1912 1017 1976 fatendum
1064 1915 1193 1990 est,
1253 1933 1329 1975 ex
1377 1911 1776 1976 documentis
1823 1934 1987 1997 quae
2041 1914 2226 1977 nobis
2285 1920 2643 1998 suppetunt
2659 1883 2968 1987 ganstffiiefer'

331 2029 464 2073 non
533 2008 745 2071 dirimi
814 2009 1237 2092 peremptorie
1306 2008 1782 2092 quaestionem,
1852 2012 2069 2073 utrum
2136 2009 2484 2095 Gregorius
2549 2013 2640 2077 ΙΙ.

331 2103 677 2189 aliquando
735 2104 937 2169 Italos
994 2105 1396 2170 Romanosve
1452 2105 1535 2169 ob
1592 2104 1989 2187 impietatem
2046 2109 2111 2169 et
2167 2109 2641 2189 persecutiones

334 2201 570 2267 Leonis
632 2202 865 2285 Isauri,
928 2201 1009 2266 ab
1063 2201 1426 2265 obedientia
1489 2206 1555 2265 et
1615 2201 1881 2269 tributis
1938 2203 1995 2266 ei
2055 2204 2458 2286 praestandis
2523 2206 2643 2269 sol-

329 2299 517 2363 verit.
610 2296 737 2362 Sed
790 2298 1090 2381 negantis
1146 2299 1509 2362 sententiae
1566 2299 1848 2363 firmiora
1903 2303 2065 2365 sunt
2123 2306 2507 2384 argumenta
2563 2325 2638 2366 ex

328 2395 601 2459 historia
643 2391 928 2479 petita.²)

507 2546 610 2608 39.
670 2544 921 2608 Habuit
983 2542 1048 2609 S.
1106 2543 1471 2636 Gregorius
1500 2544 1583 2608 ΙΙ.
1645 2546 1715 2609 in
1778 2567 1969 2628 causa
2025 2568 2350 2611 sacrarum
2412 2548 2635 2633 imagi·
2657 2564 2857 2617 synodus
2882 2567 2967 2608 Ro·

331 2663 484 2705 num
545 2643 736 2705 etiam
800 2640 1041 2705 Romae
1102 2643 1450 2724 synodum,
1526 2642 1708 2726 cujus
1775 2645 1919 2706 acta
1988 2642 2245 2725 quidem
2304 2644 2637 2727 deperdita
2744 2638 2883 2668 mana·

328 2743 503 2803 sunt.
618 2737 742 2803 Sed
811 2739 1202 2803 mentionem
1275 2738 1413 2821 ejus
1481 2739 1639 2803 facit
1708 2735 2076 2804 Hadrianus
2143 2739 2194 2802 Ι.
2274 2738 2352 2806 R.
2426 2740 2498 2804 P.
2568 2743 2635 2807 in

507 2972 549 3041 ¹)
590 2974 796 3026 Durum
833 2988 898 3027 ea
933 2972 990 3026 in
1025 2988 1083 3027 re
1109 2972 1505 3039 Imperatorem
1538 2973 1729 3039 fuisse,
1767 2974 2061 3028 ostendunt
2090 2989 2228 3041 quae
2255 2974 2390 3028 fecit
2427 2982 2638 3042 postea,

330 3040 493 3119 quuin
528 3052 767 3119 perierat
816 3051 1012 3105 classis
1051 3067 1211 3117 quam
1253 3051 1505 3115 miserat,
1552 3059 1616 3106 ut
1663 3060 1887 3120 cogeret
1932 3051 2107 3106 Italos
2155 3054 2224 3106 ad
2271 3054 2639 3108 obedientiam
2711 3105 2714 3108 ,

328 3132 712 3198 praestandam
750 3130 947 3185 edictis
985 3137 1176 3186 contra
1212 3130 1482 3199 imagines
1518 3130 1833 3199 propositis.
1898 3129 2101 3190 Scribit
2135 3131 2500 3199 Theophanes
2540 3134 2638 3187 sub

329 3225 471 3264 anno
516 3210 663 3263 XVI.
714 3210 938 3264 Leonis:
991 3211 1090 3264 Eae
1133 3226 1234 3277 quo
1279 3209 1342 3263 in
1395 3209 1641 3278 furorem
1689 3212 1839 3263 actus
1886 3208 1998 3263 Dei
2055 3208 2143 3263 ille
2191 3209 2358 3263 hostis
2406 3210 2639 3265 Arabico

327 3305 487 3343 sensu
521 3288 781 3353 imbutuS,
829 3288 1076 3343 auctiora
1109 3288 1308 3343 Siculis
1359 3305 1420 3341 ac
1475 3287 1725 3343 Calabris
1757 3287 1977 3356 populis
2013 3292 2176 3357 parte
2222 3288 2386 3342 tertia
2431 3289 2638 3344 tributa

326 3386 391 3446 w}
425 3367 1177 3514 szngulsshcsswgvirggmeistxgpitga
1190 3370 1773 3511 Jgffjuffieophaffis
1832 3445 2098 3501 advertit:
2160 3445 2397 3515 „Queste
2454 3448 2639 3515 parole

329 3541 460 3581 sono
498 3531 647 3580 sotto
684 3525 866 3580 l’anno
904 3525 1110 3580 decimo
1149 3531 1303 3578 terzo
1342 3524 1398 3577 di
1436 3524 1645 3587 Leone,
1693 3524 1880 3591 quindi
1918 3530 2066 3579 sotto
2102 3525 2144 3578 il
2181 3527 2309 3592 730,
2361 3526 2512 3580 ossia
2548 3527 2639 3580 dal

327 3608 397 3661 25
434 3606 622 3659 Marzo
661 3606 763 3657 729
809 3604 862 3658 al
907 3604 977 3658 25
1013 3605 1202 3657 Marzo
1247 3605 1367 3656 730.
1450 3603 1589 3659 Esse
1638 3620 1745 3658 non
1792 3605 2003 3659 devono
2048 3605 2332 3671 prendersi
2380 3606 2489 3658 alla
2533 3605 2638 3660 let-

329 3692 474 3752 tera;
526 3699 614 3736 ma
648 3683 739 3738 nel
788 3682 1101 3750 significato
1152 3683 1250 3737 che
1295 3697 1396 3749 per
1444 3697 1610 3737 causa
1655 3682 1800 3737 della
1846 3682 2219 3737 controversia
2268 3683 2405 3737 sulle
2456 3684 2639 3737 imma-

328 3763 475 3833 gini,
522 3762 695 3816 Roma
732 3778 761 3817 e
798 3761 1007 3816 l‘Italia
1042 3760 1234 3815 furono
1272 3761 1502 3828 perdute
1546 3777 1645 3829 per
1677 3761 1930 3829 l’Impero
1970 3762 2019 3815 d’
2033 3761 2272 3816 Oriente.
2347 3762 2452 3816 Del
2487 3768 2635 3816 resto

328 3843 421 3898 nel
470 3845 572 3895 729
627 3840 887 3897 comincio
941 3840 997 3894 la
1050 3840 1447 3907 indipendenza
1502 3840 1588 3894 col
1641 3839 1961 3895 rallentarsi
2020 3840 2108 3893 dei
2159 3839 2389 3908 legami3
2447 3856 2533 3893 ma
2590 3840 2638 3894 si

329 3921 507 3990 compi
543 3919 688 3976 forse
726 3921 842 3975 solo
881 3920 1018 3988 dopo
1064 3919 1105 3972 il
1146 3918 1294 3972 730.“
1370 3918 1432 3972 L.
1473 3936 1516 3973 c.
1554 3935 1604 3986 p.
1645 3922 1713 3973 83
1749 3923 1881 3973 nota
1923 3921 1968 3971 1.
2017 3949 2085 3955 —-
2132 3918 2276 3972 Huic
2328 3920 2637 3973 sententiae

326 4000 550 4069 pronius
578 3999 991 4068 adstipulamur,
1029 4014 1094 4053 ea
1128 4003 1314 4052 tamen
1342 3998 1704 4065 restrictione,
1744 3999 1887 4066 quod
1914 4014 2023 4052 non
2060 3997 2167 4051 nisi
2197 3998 2473 4066 paulatim
2512 3999 2635 4052 sub·

328 4080 676 4148 sequentibus
732 4079 890 4134 annis
957 4078 1172 4146 plenior
1238 4077 1438 4132 solutio
1492 4077 1692 4133 Italiae
1757 4078 1822 4131 ab
1878 4077 2115 4145 Imperio
2173 4076 2417 4132 Orientis
2481 4076 2637 4131 nobis

329 4161 587 4215 videatur
622 4159 902 4213 accidisse.

2361 4241 2426 4297 3*
