3270 5028
865 496 948 551 De
985 495 1382 550 Decretalibus
1401 495 1983 550 Pseudo-IsidorianiS.
2475 500 2578 552 311

267 657 484 721 regem
549 659 667 701 nec
734 639 1060 721 episcopos
1121 638 1284 702 velle
1347 659 1691 723 agnoscere
1757 639 2321 721 metropolitanum
2379 640 2580 705 Turo-

267 755 566 812 nensem,
630 735 923 818 quamvis
977 734 1240 799 indubie
1293 735 1688 818 legitimum,
1751 734 1827 797 ad
1890 756 2161 817 eumque
2207 757 2433 800 causas
2478 736 2578 800 de·

266 830 468 908 ferre,
524 830 822 913 prudenti
879 832 1247 896 oeconomia
1296 831 1602 896 Pontifex
1665 853 1800 895 non
1854 832 2101 895 insistit
2157 832 2355 917 rigori
2392 834 2578 917 juriS,

261 927 610 991 secundum
655 927 824 1011 quod
869 926 1263 992 tenebantur
1309 932 1380 991 ut
1427 928 1994 1010 metropolitanum
2042 929 2401 1011 episcopum
2444 928 2575 992 Tu-

264 1045 601 1088 ronensem
647 1024 953 1106 revereri3
1013 1024 1121 1088 sed
1167 1047 1282 1108 pro
1330 1046 1621 1107 suprema
1665 1047 1780 1087 sua
1834 1024 2218 1088 auctoritate
2265 1025 2573 1091 directum

263 1141 589 1184 recursum
637 1120 713 1183 ad
763 1118 988 1185 Sedem
1039 1121 1476 1203 Apostolicam
1524 1121 1603 1184 iis
1651 1120 1967 1204 designat.

447 1269 589 1332 107.
652 1268 824 1333 Hinc
879 1270 1238 1333 luculenter
1285 1269 1568 1353 colligeS,
1629 1290 1707 1332 ex
1758 1291 1832 1332 ea
1879 1270 2146 1352 epistola
2200 1271 2575 1334 nullatenus

261 1366 519 1443 inferri,
582 1364 918 1431 Nicolaum
966 1366 1188 1475 primis
1244 1366 1654 1449 pontificatus
1703 1366 1890 1430 annis
1948 1366 2218 1434 sollicite
2264 1368 2574 1432 institisse

262 1484 526 1527 normae
585 1462 836 1527 cuidam
903 1462 1251 1546 praecisae,
1307 1484 1468 1546 quae
1530 1462 1918 1546 supponitur
1979 1445 2357 1548 disciplinae
2408 1464 2575 1528 anti·

255 1581 425 1642 quae
472 1560 698 1635 fuisse,
762 1580 835 1623 ac
880 1559 1028 1623 dein
1075 1559 1357 1622 animum
1416 1563 1718 1623 mutasse.
1814 1559 2146 1624 Immerito
2203 1565 2420 1624 autem
2465 1583 2573 1626 ur·

257 1660 500 1740 gentur
546 1656 658 1719 illa
705 1656 899 1720 verba
932 1654 1212 1719 Nicolai:
1261 1654 1441 1719 Haec
1481 1658 1574 1718 est
1619 1653 1724 1718 lex
1753 1653 2080 1719 Ecclesiae
2125 1655 2360 1720 matris
2405 1660 2573 1737 tuae,

262 1774 336 1817 ac
380 1753 433 1816 si
494 1753 607 1817 illa
668 1753 953 1836 apprime
1018 1756 1388 1835 spectarent
1442 1753 1700 1816 modum
1751 1753 1979 1837 judicii
2040 1775 2154 1836 per
2215 1755 2574 1837 metropoli-

256 1856 490 1913 tanum
557 1872 632 1913 ac
699 1849 1028 1914 duodecim
1097 1850 1437 1932 episcopos.
1564 1848 1938 1913 Generatim
2010 1850 2180 1913 enim
2252 1848 2573 1927 NicolauS,

254 1946 485 2010 ibidem
556 1946 886 2029 applicans
948 1949 1198 2010 textum
1269 1944 1790 2023 proverbiorum,
1859 1947 1999 2011 istis
2065 1948 2274 2011 verbis
2344 1949 2573 2024 utitur,

259 2048 333 2106 ut
380 2044 646 2106 denotet
692 2063 857 2126 quae
902 2041 1052 2105 dein
1100 2040 1427 2107 Salomoni
1475 2042 1745 2106 mandat
1790 2047 1856 2106 et
1900 2044 2324 2119 commendat,
2377 2049 2574 2128 utque

260 2139 340 2202 iis
390 2141 697 2222 majorem
744 2140 1042 2203 conciliet
1086 2139 1554 2203 auctoritatem.

440 2284 582 2347 108
660 2283 809 2347 Jam
887 2282 1257 2346 examinare
1334 2283 1665 2358 convenit,
1740 2285 1957 2346 utrum
2016 2280 2411 2346 Hadrianus
2474 2281 2570 2346 II.
2590 2284 2907 2329 Hadnanule

258 2378 509 2446 Nicolai
561 2379 610 2444 Ι.
676 2400 1023 2455 successor,
1090 2379 1540 2443 auctoritatem
1604 2378 1791 2443 Sedis
1837 2378 2243 2461 Apostolicae
2303 2402 2380 2441 ex
2444 2379 2570 2443 De·
2629 2347 2859 2451 Αῃῗζῗιξω

255 2477 600 2543 cretalibus
673 2475 968 2541 Pseudo·
985 2474 1360 2541 Isidorianis
1435 2474 1855 2540 vindicaverit
1930 2478 1996 2539 et
2067 2475 2568 2558 amplificaverit.

258 2575 404 2659 Ipse
453 2578 628 2639 certo
684 2575 880 2639 semel
927 2573 995 2636 in
1050 2572 1182 2637 suis
1228 2572 1512 2656 epistolis
1553 2576 1804 2637 textum
1862 2573 2102 2657 allegat
2156 2595 2233 2636 ex
2300 2573 2570 2655 epistola

260 2672 523 2748 Anteri,
589 2693 755 2755 quae
816 2670 888 2733 in
952 2668 1343 2735 Collectione
1407 2670 1632 2734 Isidori
1686 2670 2051 2747 invenitur,
2115 2668 2286 2732 haud
2350 2683 2568 2733 tamen

255 2773 450 2852 urget
515 2768 966 2832 auctoritatem
1031 2765 1211 2831 Sedis
1276 2765 1706 2853 Apostolicae.
1819 2765 2198 2850 Obsequens
2267 2767 2570 2849 petitioni

258 2865 624 2948 praesulum
693 2863 939 2928 Galliae
1003 2863 1325 2940 concedit,
1391 2872 1465 2927 ut
1527 2864 1848 2927 Actardus
1914 2864 2242 2946 episcopus
2307 2861 2569 2926 Nanne-

225 2962 459 3049 dtensis
517 2961 951 3024 transferatur
1015 2960 1093 3024 ad
1158 2959 1769 3043 archiepiscopatum
1832 2959 2304 3036 Turonensem,
2367 2980 2568 3042 eaque

253 3058 585 3124 occasione
647 3057 832 3140 plura
879 3057 1098 3133 affert,
1161 3060 1238 3121 ut
1283 3055 1613 3130 ostendat,
1680 3057 1764 3119 ob
1822 3056 2045 3140 gravia
2104 3056 2343 3119 motiva
2396 3056 2567 3138 ejus—

255 3154 424 3220 modi
491 3154 979 3227 translationeS,
1056 3174 1219 3236 quae
1278 3152 1638 3237 generatim
1705 3152 1774 3214 in
1842 3152 2185 3216 Occidente
2249 3151 2566 3235 improba-

258 3253 526 3335 bantur,
606 3250 742 3314 fieri
806 3271 1007 3332 posse.
1112 3247 1350 3312 Scribit
1413 3249 1609 3333 igitur
1680 3249 1854 3312 inter
1923 3248 2078 3311 alia:
2155 3246 2331 3311 Nam
2398 3246 2566 3311 sicut

250 3346 542 3430 synodus
587 3341 1052 3428 (Duziacensis)
1100 3342 1558 3426 expostulavit,
1604 3342 1788 3425 plebs
1834 3347 1895 3407 et
1949 3343 2314 3408 Turonicus
2360 3342 2566 3409 clerus

251 3465 401 3509 eum
467 3441 863 3507 concorditer
920 3439 1135 3522 eleyit,
1203 3461 1320 3522 per
1384 3443 1646 3504 nostrae
1709 3439 2094 3523 apostolicae
2153 3439 2565 3506 auctoritatis

251 3541 576 3606 decretum
640 3537 1095 3604 constituimus
1150 3535 1547 3602 cardinalem
1602 3537 2173 3619 metropolitanum
2230 3541 2289 3601 et
2353 3536 2563 3602 archi-

250 3636 618 3718 episcopum
704 3634 1066 3701 Turonicae
1142 3630 1442 3699 ecclesiae*
1511 3637 1704 3714 atque
1769 3633 2185 3716 provinciae:
2256 3634 2563 3716 quoniam

251 3732 501 3798 dicente
532 3733 780 3799 Antero
816 3752 1000 3815 papa
1043 3731 1118 3797 in
1164 3729 1435 3814 epistola
1480 3749 1629 3809 sua,·
1676 3730 2065 3812 quibusdam
2111 3751 2256 3799 eum
2302 3730 2378 3795 de
2424 3752 2562 3796 mu·

251 3829 498 3894 tatione
565 3829 1007 3912 episcoporum
1066 3828 1141 3893 de
1200 3826 1460 3893 civitate
1525 3826 1599 3891 in
1659 3826 1984 3892 civitatem
2051 3827 2567 3893 consulentibus:

255 3924 520 4006 Scitote,
579 3946 721 4007 eam
767 3925 1092 3991 communi
1136 3924 1425 3991 utilitate
1478 3928 1672 4005 atque
1727 3924 2103 3989 necessitate
2154 3924 2302 4004 fieri
2355 3924 2561 4005 licere,

249 4022 363 4087 sed
407 4044 539 4088 non
585 4022 776 4088 libitu
822 4024 1209 4107 cujusquam
1255 4025 1374 4087 aut
1417 4019 1874 4086 dominatione.
1964 4020 2205 4087 Petrus
2263 4042 2559 4105 namque,

254 4125 520 4185 sanetus
563 4119 875 4202 mayister
926 4125 1146 4186 noster
1195 4123 1255 4184 et
1300 4116 1609 4201 princeps
1654 4114 2150 4200 Apostolorum,
2204 4118 2280 4183 de
2326 4118 2560 4183 Antio-

247 4215 399 4282 chia
448 4215 761 4282 utilitatis
806 4236 1004 4282 causa
1051 4216 1415 4282 translatus
1460 4218 1552 4278 est
1596 4214 1897 4296 Romam,
1944 4220 2021 4282 ut
2066 4214 2300 4281 ibidem
2343 4214 2561 4297 potius
