3270 5028
638 433 741 483 396
767 451 786 458 ‘
1268 428 1446 482 XVII.
1486 428 1567 482 De
1605 428 1898 481 schismate
1933 427 2220 481 Photiano.

635 570 686 636 iz
732 569 877 649 dut,
931 568 1213 653 puisque
1269 573 1423 633 cette
1482 587 1671 632 cause
1720 567 2126 649 personnelle
2182 567 2277 634 lm·
2337 566 2494 631 etait
2549 566 2828 648 deferee,
2906 584 3002 627 se

638 667 1045 745 co‘nvaincre,
1099 685 1234 747 par
1278 686 1373 729 zm
1420 684 1693 729 examen
1739 663 2110 741 sommaire,
2168 664 2244 728 de
2290 664 2354 729 la
2389 662 2687 746 parfaite
2740 660 2997 743 equite}

636 764 744 828 des
787 768 1109 828 sentences
1162 760 1575 844 pontificales.
1671 762 1848 826 Haec
1894 762 2194 846 ambigua
2250 767 2422 828 sunt.
2521 762 2709 826 Certe
2758 782 2987 823 causa

636 861 856 925 Photii
901 861 1274 925 nullatenus
1319 858 1565 942 synodo
1611 860 1704 923 ita
1751 857 2086 922 commissa
2133 863 2306 937 erat,
2351 866 2426 923 ut
2467 863 2780 942 tanquam
2831 858 2978 920 tri-

635 959 834 1021 bunal
895 958 1187 1040 superius
1255 958 1652 1020 examinaret
1713 956 2106 1019 sententiam
2177 956 2538 1031 PontificiS,
2601 976 2743 1019 cum
2799 954 2975 1036 jure

635 1055 956 1120 dissensus
1005 1054 1104 1117 vel
1159 1052 1666 1130 reformationiS,
1725 1054 1825 1115 vel
1869 1052 2374 1117 confirmationis
2433 1052 2580 1116 talis
2626 1052 2763 1115 sine
2818 1071 2973 1133 qua

633 1152 745 1214 illa
789 1150 1117 1215 sententia
1164 1149 1292 1213 vim
1339 1171 1472 1214 non
1520 1147 1869 1212 habuisset.
1950 1146 2074 1212 Sed
2123 1147 2478 1213 Concilium
2524 1150 2964 1212 convocatum

635 1250 803 1326 erat,
866 1252 937 1311 ut
984 1246 1236 1309 facilius
1296 1247 1511 1309 omnia
1572 1243 2058 1322 ordinarentur,
2123 1249 2189 1308 et
2249 1245 2575 1309 sententia
2621 1266 2659 1308 a
2699 1263 2972 1306 summo

632 1344 943 1409 Pontifice
981 1344 1120 1424 jam
1166 1343 1301 1405 lata
1347 1342 1709 1406 executioni
1765 1339 2194 1406 mandaretur.
2289 1341 2726 1406 Conveniebat
2773 1344 2970 1403 certe

532 1437 543 1451 ’
634 1440 943 1523 episcopis
991 1460 1106 1521 pro
1144 1459 1361 1502 eorum
1408 1436 1727 1521 dignitate
1775 1443 1840 1501 et
1872 1438 2101 1515 officiO,
2148 1442 2219 1502 ut
2266 1439 2462 1502 etiam
2505 1437 2969 1521 perspicerent

301 1734 445 1777 Photii
479 1735 611 1804 obsti-

388 1798 522 1839 natio.

441 1875 482 1892 ἢ

314 3382 504 3425 Theoria
539 3383 592 3425 de

315 3444 581 3495 pentarchia.

634 1559 730 1613 ea,
776 1558 942 1621 quae
986 1536 1056 1599 in
1090 1557 1278 1599 causa
1309 1534 1528 1598 Photii
1555 1532 1799 1598 Romae
1832 1541 1976 1598 acta
2018 1537 2150 1619 jam
2188 1542 2395 1611 erant,
2444 1540 2508 1598 et
2540 1534 2659 1597 hac
2690 1532 2966 1596 ratione

636 1656 902 1698 examen
951 1632 1210 1715 aliquod
1258 1653 1485 1695 causae
1529 1652 1643 1714 per
1689 1652 1935 1694 summa
1980 1632 2194 1714 capita
2237 1632 2495 1695 institui
2541 1633 2812 1714 poterat.

809 1732 914 1794 89.
978 1728 1318 1793 Caeterum
1363 1727 1634 1792 Photius
1689 1728 1961 1809 superba
1993 1728 2456 1793 obstinatione
2513 1726 2594 1791 ad
2651 1748 2726 1789 ea
2780 1745 2963 1809 quae

632 1830 859 1891 contra
904 1826 1112 1909 ipsum
1156 1824 1654 1908 proferebantur
1700 1829 1766 1888 et
1810 1845 1975 1907 quae
2008 1825 2086 1888 ab
2133 1826 2270 1908 ipso
2315 1825 2793 1909 quaerebantur
2843 1844 2960 1885 re-

630 1925 941 2007 spondere
995 1921 1341 1997 recusavit,
1395 1942 1474 1983 ac,
1522 1942 1860 2003 personam
1916 1921 2263 2004 suscipiens
2311 1923 2425 1986 viri
2479 1921 2647 2006 justi
2690 1920 2771 1983 ab
2818 1919 2961 1983 ini·

631 2020 775 2103 quis
823 2019 1128 2102 oppressi,
1174 2017 1367 2099 impie
1415 2016 1739 2081 Christum
1790 2017 2138 2081 Dominum
2184 2018 2757 2102 coramqjudicibus
2802 2017 2977 2079 imi-f

630 2118 756 2181 tari
818 2115 1165 2180 affectavit.
1259 2112 1554 2197 Episcopi
1617 2113 1899 2196 quidem,
1959 2116 2069 2198 qui
2129 2137 2166 2177 a
2226 2114 2554 2179 Methodio
2603 2114 2955 2198 Jgnatiove

630 2212 913 2278 ordinati
957 2211 1105 2276 dein
1137 2210 1372 2274 Photio
1418 2209 1862 2287 adhaeserant,
1910 2233 2147 2296 magna
2180 2233 2257 2275 ex
2289 2217 2472 2294 parte
2517 2212 2949 2293 resipuerunt,

631 2314 695 2374 et
757 2310 995 2393 rejecto
1064 2306 1326 2381 Photi0‚
1394 2304 1654 2388 Ignatio
1711 2308 1926 2390 juncti
1989 2315 2162 2373 sunt.
2269 2307 2390 2374 Sed
2453 2308 2780 2391 praesules
2845 2306 2947 2370 illi

628 2405 889 2489 plurimi
948 2426 985 2467 a
1038 2403 1271 2467 Photio
1332 2403 1470 2485 ipso
1511 2387 1844 2479 'ordinati,
1904 2407 2017 2489 qui
2075 2408 2259 2471 amici
2323 2408 2462 2489 ejus
2525 2404 2947 2488 discipulique

630 2504 834 2579 erant,
883 2499 1213 2565 constanti
1259 2499 1678 2581 perversitate
1712 2498 1927 2565 Photii
1973 2507 2187 2586 partes
2234 2502 2388 2567 tuiti
2433 2506 2606 2567 sunt.
2672 2498 2744 2565 Id
2792 2523 2942 2584 par-

629 2601 747 2663 tim
793 2597 943 2662 inde
989 2596 1307 2680 provenit,
1356 2595 1523 2680 quod
1569 2617 1790 2660 revera
1822 2597 2010 2663 homo
2056 2600 2166 2663 ille
2212 2600 2457 2664 artibus
2502 2599 2632 2663 suis
2679 2620 2784 2662 eos
2829 2598 2944 2660 fir-

630 2697 820 2759 miter
864 2694 985 2758 sibi
1032 2693 1441 2770 devinxerat,
1501 2694 1736 2774 partim
1786 2716 1863 2758 ex
1920 2718 2024 2773 eo,
2084 2697 2251 2780 quod
2310 2698 2563 2760 etiamsi
2609 2694 2941 2780 Ignatium

630 2791 1063 2875 agnovissent,
1095 2794 1325 2870 tamen,
1352 2810 1620 2853 munera
1652 2813 1766 2855 sua
1799 2796 1863 2855 et
1895 2793 2278 2877 dignitatem
2312 2794 2692 2858 amisissent.
2752 2790 2944 2855 Unde

631 2889 751 2952 viri
797 2887 1093 2971 superbia
1133 2885 1348 2950 inflati
1395 2907 1468 2950 ac
1513 2887 1715 2951 solida
1762 2889 2001 2954 virtute
2058 2894 2347 2955 carentes
2395 2891 2597 2954 satius
2642 2889 2942 2968 habuere,

631 2985 930 3049 affectare
969 2984 1339 3048 fidelitatem
1373 2983 1442 3046 in
1488 2984 2188 3066 pseudo-patriarcham
2223 2985 2546 3064 Photium,
2596 2990 2661 3050 et
2690 2986 2937 3049 firmam

628 3081 1058 3146 constantiam
1089 3081 1156 3143 in
1208 3079 1480 3143 conficta
1507 3101 1661 3143 suae
1693 3102 1918 3145 causae
1956 3082 2247 3166 justitia,
2281 3105 2472 3166 quam
2513 3083 2732 3148 cedere
2763 3081 2935 3146 Pon-

627 3178 802 3257 tifici,
851 3176 1153 3258 ConciliO,
1202 3187 1267 3240 et
1298 3175 1707 3259 Imperatori,
1754 3200 2013 3263 seseque
2058 3202 2198 3243 reos
2246 3179 2437 3243 fateri
2484 3202 2557 3243 ac
2604 3181 2938 3263 poeniten-

628 3276 788 3339 tiam
836 3276 1175 3355 suscipere.

804 3371 907 3434 90.
968 3368 1229 3447 Restat,
1292 3374 1366 3433 ut
1416 3370 1726 3455 quaedam
1789 3370 2070 3436 dicamus
2132 3372 2208 3435 de
2273 3372 2523 3437 theoria
2586 3371 2933 3455 periculosa

615 3464 1043 3548 pentarchiae
1090 3467 1375 3550 quinque
1410 3466 1959 3548 patriarchatuum
2002 3468 2072 3530 in
2108 3468 2407 3547 Ecclesia,
2457 3490 2618 3551 quae
2647 3467 2933 3531 doctrina

627 3564 864 3646 passim
910 3564 977 3626 in
1027 3564 1142 3626 hac
1172 3559 1433 3644 synodo
1479 3562 1800 3627 celebrata
1847 3568 1972 3639 est3
2021 3569 2219 3648 atque
2266 3565 2342 3628 de
2389 3565 2573 3629 modo
2621 3587 2748 3648 quo
2791 3572 2929 3644 post

627 3660 982 3724 Concilium
1058 3656 1388 3745 neyotium
1452 3657 1819 3741 Bulyariae
1884 3661 2306 3726 terminatum
2369 3661 2515 3726 fuit.
2580 3697 2666 3706 -—
2727 3662 2929 3738 Quum

626 3756 773 3820 inde
845 3778 882 3818 a
951 3760 1183 3839 quarto
1253 3757 1564 3839 quintove
1630 3757 1880 3821 saeculo
1951 3759 2236 3849 quinque
2318 3759 2792 3842 patriarchatus
2860 3757 2933 3822 de

627 3853 797 3917 facto
844 3853 911 3916 in
963 3852 1243 3918 Ecclesia
1292 3854 1678 3934 existerent,
1737 3848 2129 3933 Orientales,
2189 3856 2480 3939 quamvis
2527 3855 2747 3938 primis
2793 3875 2929 3918 sae-

628 3948 785 4012 culis
854 3954 1114 4013 tantum
1178 3953 1311 4014 tres
1381 3950 1851 4033 patriarchatus
1921 3956 2437 4030 recenserentur,
2518 3951 2930 4016 nihilominus

627 4066 863 4129 magno
906 4068 1049 4111 cum
1095 4046 1317 4111 ardore
1366 4047 1725 4113 doctrinam
1773 4048 1849 4112 de
1885 4050 2308 4133 congruitate,
2356 4049 2761 4125 necessitate,
2807 4049 2931 4113 imo

626 4142 843 4206 divina
874 4143 1279 4208 ordinatione
1326 4141 1640 4228 ejusmodi
1688 4145 2101 4227 pentarchiae
2131 4146 2397 4210 decursu
2432 4147 2735 4229 temporis
2768 4146 2928 4210 evol·
