3270 5028
894 462 977 517 De
1013 461 1393 517 Decretalibus
1429 461 2013 517 Pseudo-IsidorianiS.
2506 466 2609 516 309

301 606 623 670 sustinere
674 607 1023 689 jacturam,
1083 625 1242 687 quos
1289 625 1421 668 non
1468 608 1727 669 constat
1773 604 1971 668 fuisse
2017 625 2055 666 a
2102 604 2434 670 duodecim
2482 605 2610 688 epi-

300 703 536 785 scopiS,
598 705 940 786 praesente
1001 700 1402 783 primamque
1463 701 1858 764 sententiam
1922 701 2418 784 metropolitano
2480 702 2612 783 epi-

301 821 488 883 scopo
535 799 895 876 obtinente,
942 820 1085 862 cum
1133 798 1662 861 examinarentur
1718 798 1988 861 auditos·
2038 845 2053 862 .
2104 848 2117 861 .
2167 847 2181 860 .
2229 795 2298 861 Si
2344 797 2439 861 vis
2487 797 2615 861 Dei

303 895 764 978 omnipotentis
810 893 1323 958 benedictionem
1369 894 1726 977 percipere,
1781 895 1882 958 vel
1927 894 1979 957 si
2028 894 2343 957 veraciter
2390 901 2616 958 nostra
2658 910 2663 916 ·

302 993 603 1075 consequi
648 996 987 1075 praecepta
1033 990 1369 1067 desideraS,
1416 990 1751 1054 consilium
1789 1011 2005 1053 meum
2052 991 2282 1074 accipe,
2332 997 2397 1054 et
2444 990 2615 1073 quod

301 1089 421 1152 tibi
486 1110 598 1171 per
664 1089 828 1152 hanc
897 1089 1199 1172 paginam
1263 1086 1472 1152 indico
1538 1087 1823 1151 libenter
1888 1086 2167 1151 attende.
2265 1086 2641 1182 Hortamurx

301 1185 474 1249 enim
520 1186 790 1269 gloriam
840 1189 1043 1262 tuam,
1102 1191 1168 1248 et
1213 1206 1353 1249 cum
1401 1183 1749 1266 aequivoco
1794 1187 1910 1247 tuo
1967 1183 2446 1266 sapientissimo
2495 1181 2614 1246 Sa-

301 1283 556 1346 lomone
605 1282 1015 1347 dilectionem
1064 1286 1240 1345 tuam
1284 1280 1720 1354 admonemus,
1770 1279 2048 1344 dicente:
2107 1277 2315 1357 Audi,
2359 1277 2458 1358 fili
2504 1277 2614 1357 mi,

301 1371 715 1459 disciplinam
772 1376 994 1460 patris
1062 1375 1189 1455 tui,
1260 1380 1320 1440 et
1386 1395 1466 1441 ne
1523 1372 1821 1440 dimittas
1889 1375 2084 1457 Zeqem
2149 1373 2383 1439 matris
2446 1378 2612 1439 tuae.

303 1475 478 1539 Haec
523 1478 757 1559 quippe
803 1480 957 1539 sunt
1015 1477 1355 1557 praecepta
1403 1473 1524 1537 Dei
1585 1474 1792 1556 patris
1841 1474 1972 1551 tui,
2034 1476 2100 1537 et
2159 1475 2312 1538 haec
2368 1478 2466 1537 est
2513 1474 2614 1537 lex

303 1572 624 1636 Ecclesiae
684 1573 911 1636 matris
971 1575 1139 1635 tuae.
1247 1570 1564 1634 Videlicet
1624 1577 1700 1634 ut
1759 1591 1980 1633 omnes
2048 1571 2372 1654 episcopos
2432 1570 2616 1653 regni

303 1670 402 1734 tui
470 1668 549 1733 ad
609 1667 1078 1733 Turonensem·
1127 1666 1671 1749 archiepiscopum
1748 1667 2004 1730 mittere
2082 1689 2212 1731 non
2281 1666 2616 1732 detrectes,

305 1767 631 1849 ipsiusque
679 1765 992 1850 judicium
1048 1764 1376 1847 postulare
1437 1785 1569 1826 non
1629 1762 2012 1846 dedigneris.
2104 1763 2248 1845 Ipse
2303 1765 2475 1827 enim
2522 1770 2619 1825 est

308 1863 872 1944 metropolitanus,
931 1881 1280 1942 omnesque
1338 1860 1612 1942 episcopi
1661 1859 1846 1943 regni
1904 1860 2002 1923 tui
2049 1861 2185 1943 ejus
2233 1859 2618 1943 suffraganei

306 1963 490 2035 sunt,
549 1959 717 2023 sicut
763 1958 1267 2040 conscriptiones
1328 1955 1883 2040 praedecessorum
1944 1978 2232 2020 meorum
2291 1956 2622 2021 evidenter

308 2055 691 2133 ostendunt,
747 2056 857 2138 qui
903 2052 1414 2137 praedecessores
1461 2057 1639 2134 tuOS,
1693 2053 1843 2135 quia
1897 2051 2040 2116 illos
2087 2054 2169 2116 ab
2227 2054 2422 2136 ipsius
2467 2074 2621 2116 cura

308 2152 793 2230 subtraxerant,
853 2150 1005 2215 forti
1063 2149 1429 2213 invectione
1484 2151 1799 2231 corripere
1858 2149 2269 2214 studuerunt:
2332 2150 2622 2233 quamvis

309 2270 428 2313 nec
473 2254 695 2312 nostra
726 2249 964 2331 scripta
1006 2268 1197 2329 super
1227 2245 1349 2311 hac
1393 2267 1461 2309 re
1509 2246 1706 2309 missa
1737 2243 1953 2310 deesse
1998 2246 2354 2311 videantur.
2431 2245 2622 2310 Cum-

310 2368 434 2428 que
483 2367 691 2410 coram
755 2344 1170 2428 praesignato
1217 2342 1615 2407 Turonensis
1679 2343 1982 2406 ecclesiae
2044 2344 2336 2426 praesule
2398 2349 2463 2407 et
2519 2344 2622 2406 in-

309 2449 492 2527 tegro
539 2463 809 2505 numero
855 2441 1273 2525 collegarum,
1330 2438 1395 2502 id
1443 2444 1545 2503 est
1589 2438 1918 2503 duodecim
1975 2442 2411 2524 episcoporum
2461 2441 2622 2503 cele-

310 2541 497 2605 brato
549 2543 898 2615 conventu,
956 2539 1201 2603 fuerint
1247 2538 1436 2621 ejecti
1488 2537 1762 2621 episcopi
1820 2538 2205 2621 regulariter
2251 2538 2621 2613 examinati,

311 2637 837 2720 apparueritque,
893 2635 1061 2718 quod
1111 2634 1416 2697 canonice
1462 2633 1710 2697 fuerint
1756 2635 1973 2718 ejecti,
2021 2635 2173 2716 ipsis
2221 2634 2289 2696 in
2334 2656 2451 2698 sua
2498 2635 2620 2717 eje·

312 2735 524 2799 ctione
573 2733 1007 2812 manentibus,
1051 2731 1434 2833 quicumque
1466 2730 1536 2793 in
1582 2730 1736 2792 locis
1784 2751 2003 2793 eorum
2051 2732 2404 2797 consecrati
2452 2737 2624 2804 sunt,

312 2833 618 2913 poterunt
663 2829 889 2912 utique
931 2828 1330 2909 episcopatus
1373 2825 1620 2889 honore
1670 2826 1886 2908 potiri.
1976 2825 2212 2902 Quodsi
2260 2826 2449 2909 ejecti
2495 2826 2621 2908 epi·

313 2927 486 3009 scopi
524 2927 814 2989 insontes
853 2924 1101 2988 fuerint
1145 2921 1480 3003 declarati,
1540 2921 1640 2985 his
1687 2923 1919 2985 amotis
1966 2923 2078 3005 qui
2124 2922 2250 2985 illis
2296 2922 2627 3005 subrogati

315 3026 492 3098 sunt,
541 3023 837 3085 ecclesias
869 3041 1017 3083 suas
1057 3020 1179 3102 ipsi
1224 3019 1554 3101 recipiant.
1633 3016 1801 3081 Nam
1847 3040 1988 3081 cum
2022 3021 2451 3082 antecessores
2500 3019 2626 3081 mei

313 3119 639 3203 praesules
689 3117 1070 3201 ejectionem
1121 3136 1336 3178 eorum
1384 3115 1846 3197 episcoporum,
1892 3114 2001 3197 qui
2046 3114 2129 3177 ab
2176 3114 2452 3178 ecclesiis
2495 3114 2627 3177 suis

315 3215 565 3298 expulsi
615 3218 796 3292 sunt,
858 3234 989 3277 non
1049 3211 1455 3287 admiserint,
1519 3232 1639 3273 nec
1700 3210 2229 3293 approbaverint,
2291 3231 2410 3274 nec
2455 3210 2627 3292 ipsos

316 3313 430 3395 qui
494 3311 613 3376 eis*
650 3310 979 3393 subrogati
1042 3312 1198 3372 sunt
1263 3307 1626 3371 viventibus
1689 3307 1850 3384 illis,
1922 3306 2240 3391 legitimos
2302 3306 2627 3389 episcopos

315 3409 640 3472 dixerunt.
735 3405 907 3470 Sane
953 3404 1009 3469 si
1056 3405 1223 3469 forte
1270 3403 1348 3468 ad
1390 3403 1833 3468 Turonensem
1888 3390 2424 3486 archiepiscopum
2472 3403 2626 3466 mit-

318 3520 453 3569 tere
499 3504 895 3586 dedignariS‚
942 3501 1127 3566 stude
1172 3500 1331 3565 duos
1381 3500 1708 3584 episcopos
1755 3499 1830 3563 de
1880 3500 2188 3582 expulsis,
2237 3502 2303 3562 et
2347 3498 2504 3563 duos
2551 3501 2628 3563 de

316 3601 704 3686 subrogatis,
752 3621 884 3664 una
915 3621 1056 3663 cum
1088 3597 1330 3683 gloriae
1370 3601 1522 3661 tuae
1568 3597 1806 3680 legato,
1851 3597 1928 3660 ad
1961 3596 2371 3679 apostolicam
2419 3597 2627 3661 sedem

319 3698 501 3763 Beati
551 3698 732 3762 Petri
786 3696 1258 3772 transmittere,
1308 3694 1418 3758 ubi
1474 3694 1671 3777 digna
1729 3693 2206 3756 examinatione
2260 3693 2627 3776 praemissa,

319 3795 426 3879 qui
473 3795 747 3878 legitimi
803 3792 1079 3876 episcopi
1129 3793 1264 3855 sint
1318 3796 1654 3874 appareat,
1714 3794 1780 3853 et-
1836 3811 1985 3854 suas
2035 3788 2331 3854 ecclesias
2386 3790 2627 3872 irregu-

319 3893 540 3956 lariter
601 3913 733 3955 non
796 3891 1122 3953 amittant.
1222 3887 1401 3951 Nihil
1460 3888 1631 3950 enim
1696 3887 1867 3951 aliud
1926 3890 2022 3949 est
2081 3886 2253 3970 quod
2315 3887 2383 3950 in
2444 3909 2626 3969 prae-

320 3988 490 4051 senti
536 3987 800 4070 negotio
847 3987 1106 4069 penitus
1152 3984 1403 4049 definiri
1450 3981 1775 4066 possit.“¹)

501 4194 540 4259 ¹)
579 4193 775 4247 Labbe.
817 4193 953 4247 Coll.
992 4193 1152 4247 Cone.
1193 4194 1256 4246 T.
1283 4192 1438 4246 VIII.
1478 4193 1579 4263 col..
1620 4194 1739 4244 509.
