3270 5028
694 458 799 509 416
1371 458 1549 512 XVII.
1587 460 1671 513 De
1710 459 2003 514 schismate
2041 459 2330 515 Photiano.

696 596 985 661 vidimus.
1078 599 1181 662 Ad
1230 622 1372 664 eum
1415 600 1647 664 Basilii
1695 600 2006 684 epistolae
2053 608 2484 684 pervenerunt
2529 626 2750 668 mense
2799 603 3047 686 Aprili

696 716 751 757 a.
802 694 957 770 878,
1016 698 1211 779 atque
1256 696 1542 760 Joannes
1589 700 1770 761 ratus
1816 701 1948 775 est,
2012 703 2435 781 opportunam
2480 721 2546 763 se
2593 704 2867 764 nactum
2926 721 3046 763 oc-

694 791 1036 868 casionem,
1084 796 1159 855 ut
1205 792 1281 856 ad
1328 793 1593 877 negotia
1639 794 2065 858 ecclesiastica
2111 795 2506 878 disponenda
2552 798 2802 881 legatos
2843 796 3045 860 Con·

693 888 1181 971 stantinopolim
1241 893 1306 953 et
1360 891 1427 952 in
1475 888 1846 974 Bulgariam
1903 892 2214 956 mitteret.
2304 892 2615 957 Attamen
2670 893 2851 957 haud
2920 913 3043 955 eos

696 984 873 1049 dedit
918 985 1165 1067 legatos
1211 1007 1367 1070 quos
1422 986 1784 1070 Imperator
1838 989 2304 1070 postulaverat,
2364 989 2528 1053 forte
2573 990 2745 1074 quod
2793 989 3041 1052 minus

693 1082 910 1145 firmos
976 1088 1172 1164 atque
1228 1088 1605 1148 constantes
1667 1085 1810 1147 illos
1869 1083 2163 1161 haberet,
2227 1086 2338 1149 sed
2394 1086 2665 1150 Paulum
2718 1085 3035 1150 Anconi-

694 1183 921 1242 tanum
979 1179 1374 1261 episcopum,
1441 1185 1506 1244 et
1553 1179 1923 1263 Eugenium
1972 1180 2336 1246 Ostiensem
2390 1184 2499 1267 qui
2558 1184 2885 1267 quondam
2950 1189 3034 1245 ut

696 1275 1029 1358 presbyter
1085 1276 1311 1359 legatis
1368 1278 1448 1341 ad
1501 1274 1833 1359 Synodum
1893 1282 2183 1342 octavam
2239 1301 2447 1344 comes
2506 1280 2736 1345 fuerat.
2836 1276 3033 1357 Quia

695 1390 876 1450 vero,
939 1372 1161 1436 scribit
1221 1372 1507 1437 Joannes
1567 1373 1980 1456 Imperatori,
2042 1372 2183 1438 Deo
2240 1374 2548 1439 amabiles
2614 1374 2785 1439 viros
2852 1395 3037 1456 quos

695 1467 1085 1532 nominatim
1149 1467 1382 1532 litteris
1445 1468 1746 1551 expetitis
1811 1468 2195 1552 quibusdam
2265 1471 2682 1536 incommodis
2738 1471 3033 1555 impedi-

697 1570 794 1630 tos
861 1564 1186 1628 destinare
1255 1565 1694 1646 nequ-ivim·a8‚
1764 1565 2064 1631 misimus
2128 1567 2416 1633 Paulam
2485 1572 2546 1632 et
2611 1568 3027 1651 E'uyenium,

697 1661 1139 1728 sanctissimos
1195 1666 1256 1724 et
1314 1663 1711 1727 venerandos
1771 1663 2090 1745 episcopos
2159 1663 2540 1747 dilectosque
2601 1665 3034 1729 consiliarios

697 1764 976 1839 nostros,
1052 1780 1328 1840 Quorum
1390 1760 1573 1824 nobis
1647 1765 1706 1824 et
1757 1760 1927 1840 fides
1977 1760 2259 1843 probata
2329 1766 2388 1825 et
2453 1761 2719 1826 scientia
2792 1761 3024 1826 mani-

692 1857 865 1939 festa
930 1861 1037 1921 est.
1056 1857 1101 1936 ¹)
1223 1856 1602 1941 Imperatori
1664 1881 1769 1923 eos
1833 1860 2236 1923 commendat
2296 1861 2612 1944 petitque,
2677 1867 2751 1922 ut
2813 1861 3025 1923 etiam

698 1977 915 2020 secure
973 1979 1078 2020 eos
1139 1957 1361 2020 deduci
1420 1960 1600 2020 curet
1655 1957 1721 2020 in
1770 1955 2172 2039 Bulgariam,
2235 1961 2311 2019 ut
2356 1976 2553 2020 causa
2607 1959 2869 2020 tantum
2917 1955 3023 2018 vi-

699 2050 1055 2130 sitationis,
1129 2051 1485 2135 yloriosum
1554 2051 1836 2134 ejusdem
1903 2052 2286 2134 provinciae
2354 2053 2746 2139 (Bulgariae)
2813 2051 3023 2134 prin-

699 2147 899 2230 cipem
964 2147 1230 2227 adeant,
1304 2152 1365 2212 et
1427 2148 1501 2212 de
1577 2154 1799 2231 optata
1871 2149 2182 2213 memoria
2246 2148 2304 2213 ei
2370 2149 2850 2231 Apostolorum,
2941 2154 3025 2214 ut

700 2245 1020 2324 condecet,
1097 2245 1364 2327 expletis
1430 2244 1664 2327 officiis
1727 2245 2273 2327 persalutationes
2347 2246 2616 2311 edicant.
2723 2247 3019 2311 Pruden-

699 2348 802 2406 ter
850 2342 1150 2407 Pontifex
1215 2343 1315 2407 hic
1386 2345 1632 2407 omittit
1699 2367 2192 2409 commemorare
2258 2346 2521 2428 negotia
2585 2345 3023 2409 ecclesiastica

703 2460 866 2523 quae
928 2440 998 2503 in
1043 2437 1351 2525 Bulgaria
1409 2440 1765 2504 ordinanda
1821 2442 2052 2525 legatis
2105 2441 2347 2525 pariter
2398 2442 3019 2521 commiserat,·nec

701 2544 917 2602 tamen
995 2541 1169 2600 certe
1241 2538 1526 2621 decipere
1590 2539 1795 2602 voluit
1855 2537 2340 2621 Imperatorem.
2454 2538 2645 2602 Haud
2713 2539 3015 2603 dubitare

702 2636 874 2699 enim
933 2638 1188 2718 poterat
1244 2633 1567 2711 Joannes,
1632 2635 1710 2698 ad
1757 2633 1985 2698 Basilii
2040 2636 2342 2699 notitiam
2401 2640 2819 2719 perventuras
2875 2657 3017 2700 esse

702 2754 807 2796 eas
869 2754 1026 2814 quas
1082 2732 1271 2795 simul
1328 2732 1406 2795 ad
1463 2731 1792 2816 Ignatium
1853 2731 2049 2795 dabat
2110 2729 2439 2813 litteras.2)
2534 2731 2725 2796 Hisce
2789 2737 3013 2796 autem

698 2828 1062 2912 Ignatium,
1120 2850 1305 2911 quem
1347 2828 1552 2917 adhuc
1604 2829 1672 2891 in
1722 2829 1882 2892 vivis
1932 2850 2066 2892 esse
2124 2829 2421 2892 credebat
2465 2827 2803 2906 Pontifex,
2864 2849 3013 2911 gra·

703 2926 957 2990 vissime
999 2926 1429 3009 deusurpata
1476 2928 1544 2989 in
1589 2924 1966 3010 Bulgariam
2019 2925 2467 3008 jurisdictione
2527 2930 2748 2991 monet
2793 2930 2858 2989 et
2901 2925 3007 2988 in-

699 3028 947 3107 crepat,
1010 3022 1195 3104 eique
1250 3023 1376 3086 nisi
1439 3024 1611 3086 intra
1672 3022 1943 3105 triginta
2002 3022 2135 3085 dies
2193 3023 2472 3104 episcopi
2530 3026 2595 3086 et
2651 3022 3015 3105 presbyteri

698 3122 909 3205 graeci
958 3121 1037 3184 ab
1081 3120 1218 3202 ipso
1266 3142 1298 3182 e
1344 3118 1656 3204 Bulgaria
1703 3122 2076 3194 evocentur,
2120 3120 2600 3202 suspensionem
2648 3119 2728 3182 ab
2774 3117 3015 3182 eucha-

697 3219 903 3293 ristia,
964 3217 1111 3279 dein
1159 3216 1211 3279 si
1260 3217 1629 3281 obstinatus
1674 3221 2076 3299 permaneat,
2137 3215 2547 3298 depositionis
2597 3237 2864 3299 poenam
2916 3215 3019 3278 in·

699 3312 930 3396 dicit.⁸)
1023 3313 1263 3396 Regem
1311 3312 1738 3396 Bulgarorum
1783 3316 1848 3376 et
1903 3333 2195 3396 proceres
2251 3312 2383 3375 suis
2438 3312 2676 3375 litteris
2720 3310 3019 3375 Joannes

700 3412 942 3494 pariter
989 3410 1267 3485 monuit,
1326 3413 1401 3473 ut
1461 3409 1538 3472 ad
1589 3408 2020 3473 obedientiam
2080 3430 2231 3493 erga
2275 3409 2601 3474 ecclesiam
2647 3407 3013 3472 Romanam

702 3504 1255 3586 reverterentur,4)
1318 3506 1397 3570 ad
1455 3507 1777 3589 episcopos
1833 3529 1983 3569 vero
2038 3512 2103 3569 et
2158 3505 2567 3588 presbyteros
2625 3526 2885 3588 graecos
2939 3505 3008 3568 in

700 3604 1012 3688 Bulgaria
1067 3607 1395 3666 versantes
1459 3605 1769 3686 rescripta
1832 3603 2007 3667 dedit
2067 3601 2403 3665 admodum
2464 3623 2718 3675 severa,
2779 3601 3017 3683 quibus

703 3723 810 3764 eos
859 3700 1143 3764 censuris
1187 3700 1542 3782 implicatos
1590 3722 1727 3764 esse
1774 3699 2140 3774 denuntiat,
2183 3699 2768 3781 depositionemque
2810 3698 3005 3761 mina·

882 3882 923 3945 1)
961 3863 1190 3935 Jo'anms
1216 3882 1373 3936 vm.
1415 3898 1497 3950 ep.
1536 3885 1631 3948 sO;
1671 3882 1855 3935 nabbe
1892 3881 1990 3934 1x.
2032 3883 2115 3934 66.

880 3960 921 4030 2)
965 3961 1149 4016 Verba
1194 3978 1330 4028 quae
1367 3963 1639 4031 Bulgaros
1693 3967 1946 4028 spectant
1997 3961 2055 4012 in
2105 3959 2338 4025 epistola
2385 3958 2615 4012 Joannis
2667 3958 2735 4011 ad
2772 3959 3013 4025 Impera·

702 4047 906 4103 torem,
967 4057 998 4094 a
1054 4041 1415 4094 schismaticis
1473 4048 1727 4108 corrupta
1781 4055 1901 4094 esse
1958 4038 2268 4106 suspicatur
2322 4036 2615 4101 BaroniuS,
2682 4037 2751 4090 ad
2807 4053 2855 4091 a.
2910 4039 3017 4089 878

702 4138 844 4174 num.
883 4124 933 4185 4,
971 4125 1119 4173 nota.

886 4199 926 4266 ³)
965 4201 1066 4267 Ep.
1106 4203 1200 4266 '783
1239 4199 1553 4267 LabbeklIX.
1597 4201 1680 4251 63.
1893 4198 1937 4263 ⁴)
1974 4196 2074 4263 Ep.
2116 4199 2207 4263 753
2245 4195 2431 4249 Labbe
2467 4195 2563 4248 IX.
2603 4197 2689 4249 59.
