3270 5028
809 455 813 466 ’
874 463 955 517 De
994 462 1375 517 Decretalibus
1413 460 1992 515 Pseudo-Isidorianis
2487 463 2589 513 317

268 605 589 691 judicium
638 603 817 668 Sedis
862 601 1290 686 Apostolicae,
1337 607 1537 686 utque
1585 593 1905 679 ostendat,
1951 602 2158 684 ipsam
2206 602 2406 665 solam
2457 601 2591 665 es'se

278 701 566 767 tribunal
624 722 973 777 summum,
1042 704 1109 764 et
1162 699 1670 783 irrefragabilem
1729 699 2180 762 auctoritatem
2239 700 2296 762 ei
2358 719 2592 761 conve-

276 800 451 881 nire,
515 797 807 881 congerit
852 796 1027 860 inter
1072 797 1198 861 alia
1257 797 1449 861 etiam
1495 795 1805 879 plurimos
1872 795 2014 859 illos
2052 798 2280 864 ‚textus
2347 816 2422 858 ex
2477 794 2593 858 De-

278 895 636 960 cretalibus
684 892 1357 958 Pseudo-Isidorianis.

465 992 605 1057 114.
674 989 821 1054 Jam
890 1012 1006 1073 per
1069 1013 1136 1055 se
1212 1012 1436 1074 parum
1510 986 1855 1071 probabilis
1925 993 2192 1070 apparet
2261 989 2374 1052 illa
2448 1011 2593 1071 sup-

279 1089 544 1172 positiO,
604 1085 1002 1151 Hadrianum
1048 1086 1429 1151 Pontificem
1475 1085 1714 1168 ipsum,
1775 1106 1853 1147 ex
1900 1085 2078 1167 cujus
2125 1086 2394 1149 arbitrio
2442 1107 2594 1167 pen·

278 1185 504 1262 debat,
570 1188 644 1248 ut
689 1183 896 1247 denuo
954 1205 1142 1247 causa
1188 1181 1477 1246 Lotharii
1544 1186 1611 1244 ‘et
1668 1181 1923 1245 illorum
1983 1181 2418 1265 episcoporum
2477 1181 2597 1244 dis·

282 1285 639 1358 cuteretur,
717 1280 785 1343 in
843 1279 1089 1362 synodo
1156 1278 1455 1342 habuisse
1514 1278 1873 1343 orationem
1927 1274 2318 1361 ejusmodi.¹)
2435 1278 2596 1341 Rem

283 1380 605 1460 explicare
667 1376 1054 1440 studuerunt
1114 1374 1292 1457 inde,
1357 1375 1525 1457 quod
1587 1378 1844 1438 coactus
1904 1374 2318 1456 Imperatoris
2372 1375 2596 1438 volun-

284 1479 424 1539 tate
491 1471 795 1538 Pontifex
874 1472 937 1535 in
1014 1475 1234 1537 monte
1305 1469 1567 1535 Oassino
1645 1471 2017 1534 convenerit
2081 1492 2225 1534 cum
2294 1469 2599 1535 Lothario

282 1571 593 1653 illamque
653 1568 963 1652 synodum
1029 1568 1355 1642 habuerit,
1428 1571 1625 1650 atque
1687 1568 1780 1631 ita
1836 1568 1974 1649 ipse
2032 1567 2420 1632 allocutione
2485 1589 2603 1631 sua

284 1689 353 1731 se
411 1666 627 1750 potius
691 1666 1052 1748 oppositum
1118 1663 1472 1728 ostenderit
1528 1685 1696 1727 novo
1752 1664 1843 1727 illi
1897 1665 2197 1731 examini.
2303 1662 2427 1729 Sed
2503 1686 2602 1727 sa·

285 1764 371 1827 tis
438 1762 726 1826 violenta
795 1767 895 1824 est
961 1761 1119 1825 11333
1183 1760 1553 1843 explicatio,
1628 1782 1750 1824 nec
1816 1760 2087 1823 solidum
2157 1760 2341 1825 adest
2408 1781 2604 1844 argu-

286 1863 578 1924 mentum
669 1880 795 1941 quo
880 1858 1020 1940 ipsa
1104 1856 1581 1940 comprobetur3
1672 1861 1996 1920 caeterum
2056 1879 2179 1920 ‘res
2265 1856 2604 1921 admodum

290 1958 485 2041 plana
540 1957 638 2018 est
700 1976 775 2017 33
830 1976 1020 2037 quam
1084 1954 1527 2037 proposuimus
1591 1953 2005 2037 expositione.
2096 1952 2176 2017 In
2235 1954 2372 2037 ipsa
2417 1975 2605 2037 porro

289 2053 584 2117 oratione
650 2073 842 2134 quam
904 2051 1184 2133 plurima
1245 2053 1426 2125 sunt,
1505 2072 1671 2133 quae
1716 2051 1932 2124 ,31111111
2009 2057 2351 2126 oratorem,
2412 2072 2606 2134 quam

289 2149 707 2224 Pontificem,
772 2146 1092 2224 indicant,
1147 2153 1214 2210 et
1284 2150 1501 2209 orator
1561 2146 1682 2209 iste
1744 2146 2016 2229 passim,
2090 2148 2214 2211 etsi
2274 2147 2606 2230 indirecte,

289 2244 606 2310 Hadriani
670 2244 1045 2309 tendentiae
1106 2242 1430 2325 benignae
1499 2243 1881 2307 restituendi
1945 2244 2267 2327 episcopos
2329 2244 2607 2329 dejectos

290 2365 329 2406 a
377 2341 641 2406 Nicolao
700 2363 835 2405 sese
902 2337 1250 2423 opponit.2)
1355 2338 1490 2403 Imo
1547 2344 1769 2403 orator
1823 2341 2020 2404 etiam
2079 2339 2389 2406 indirecte
2435 2340 2607 2406 Pon-

290 2439 529 2502 tificem
597 2459 856 2522 carpere
926 2459 1060 2501 11011
1135 2439 1407 2501 veretur.
1522 2435 1925 2501 Guntharius
1988 2436 2392 2501 Coloniensis
2472 2439 2607 2521 epi-

291 2558 549 2618 scopuS,
609 2536 728 2600 etsi
792 2534 1410 2610 excommunicatus,
1477 2537 1698 2598 tamen
1755 2535 1820 2598 in
1886 2557 2004 2599 sua
2063 2534 2337 2599 dioecesi
2399 2535 2608 2599 officia

293 2633 685 2715 pontificalia
730 2627 1235 2715 usurpaverat,⁸)
1284 2630 1621 2723 Zacharias
1666 2630 2055 2715 Anagninus
2103 2653 2253 2695 vero
2301 2635 2368 2695 et
2409 2631 2608 2695 Teut-

474 2855 513 2924 l)
555 2857 645 2909 Ita
681 2855 839 2909 initio
879 2856 1143 2911 orationis
1188 2863 1379 2911 auctor
1423 2856 1583 2910 dicit:
1640 2855 1881 2925 „Humili
1925 2872 2088 2924 prece
2136 2856 2500 2923 deposcimus,
2548 2862 2610 2908 ut

294 2949 394 2990 nos
434 2934 524 3001 qui
559 2933 769 2987 minimi
812 2950 995 2988 sumus
1033 2935 1268 2988 omnium
1315 2940 1584 3000 vestrum,
1635 2933 1682 2988 si
1731 2950 1796 2988 ea
1845 2935 1988 2989 forte
2033 2935 2422 3003 protulerimus
2472 2950 2609 3002 quae

297 3012 722 3081 reprehensione
760 3012 930 3079 digna
970 3019 1122 3076 sunt,
1159 3013 1406 3068 fraterno
1446 3013 1758 3081 corripiatis
1799 3018 1855 3067 et
1891 3013 2181 3067 instruatis
2219 3013 2436 3079 affectu,
2484 3029 2610 3080 quo-

297 3092 443 3146 niam
479 3091 537 3142 in
573 3090 687 3156 his,
735 3105 873 3156 quae
911 3090 1115 3144 divinis
1152 3099 1283 3158 apta
1331 3091 1638 3158 probantur
1672 3090 1945 3146 mandatis
1993 3098 2049 3145 et
2097 3092 2358 3159 mysticas
2398 3096 2616 3145 sancto·

299 3187 419 3224 rum
455 3175 672 3238 patrum
707 3185 815 3222 non
851 3168 1065 3223 violant
1102 3169 1444 3236 sanctioneS,
1491 3186 1591 3224 vos
1631 3170 1783 3237 sequi
1834 3170 2014 3238 parati
2053 3186 2237 3224 sumus
2275 3175 2334 3225 et
2368 3170 2426 3223 in
2461 3171 2612 3224 nullo

298 3267 334 3304 a
370 3248 575 3304 vestris
624 3246 930 3301 salubribus
970 3246 1273 3316 disciplinis
1319 3265 1383 3302 ac
1427 3248 1652 3303 monitis
1699 3248 2038 3303 dissentire.“
2113 3249 2175 3303 L.
2214 3266 2257 3304 3.
2295 3267 2346 3318 p.
2387 3251 2504 3302 533.
2546 3279 2613 3286 -

302 3330 453 3384 Haec
488 3344 679 3394 parum
718 3327 1052 3381 conveniunt
1089 3326 1359 3394 Pontifici,
1399 3328 1489 3395 qui
1528 3329 1720 3396 synodi
1756 3344 1979 3396 praeses
2015 3328 2228 3383 fuisset.

482 3406 525 3483 2)
581 3405 686 3475 „Hi
735 3405 904 3473 enim,
967 3407 1172 3472 inquit,
1235 3407 1281 3460 si
1330 3407 1468 3461 talia
1524 3406 1583 3460 in
1638 3406 1946 3462 sacerdotio
1993 3407 2161 3475 positi
2212 3407 2613 3473 commiserunt,

301 3485 524 3555 qualia„
558 3485 605 3539 si
643 3489 771 3540 ante
809 3485 1179 3540 sacerdotium
1224 3485 1316 3541 vel
1367 3486 1683 3540 clericatum
1734 3486 2165 3553 committerent,
2211 3487 2282 3541 ad
2326 3485 2614 3541 clericatus

303 3567 391 3621 vel
449 3564 742 3619 sacerdotii
797 3564 1035 3620 officium
1090 3581 1200 3619 non
1251 3564 1559 3633 promoveri
1618 3565 1945 3631 debuerant,
2010 3567 2274 3633 quomodo
2336 3581 2479 3618 nunc
2534 3581 2614 3619 re-

303 3644 544 3699 staurari
589 3650 715 3712 post
762 3644 973 3710 lapsum
1025 3644 1284 3709 debeant,
1332 3661 1441 3699 non
1489 3644 1846 3698 advertimus.
1886 3686 1898 3698 .
1937 3688 1949 3700 .
1989 3686 2002 3699 .
2038 3645 2282 3699 Possunt
2331 3644 2473 3698 enim
2517 3660 2616 3711 per

304 3724 407 3778 hoc
444 3722 749 3790 exemplum
785 3722 1087 3776 homicidae
1133 3728 1190 3776 et
1228 3723 1464 3778 adulteri
1501 3723 1591 3777 vel
1642 3723 1846 3777 caeteri
1882 3739 1982 3787 neo
2026 3724 2147 3790 ipsa
2193 3723 2430 3779 fortasse
2476 3739 2616 3776 com-

306 3801 576 3855 munionis
613 3801 798 3870 gratia
835 3800 1008 3869 digni,
1047 3808 1309 3868 quantum
1346 3802 1415 3855 ad
1452 3801 1605 3857 nefas
1643 3801 1902 3870 pertinet,
1941 3803 2255 3857 restaurari.
2314 3802 2472 3856 Unde
2508 3818 2615 3856 non

305 3882 482 3934 solum
529 3880 807 3948 generalis
843 3879 1126 3934 Ecclesiae
1175 3885 1234 3934 et
1269 3881 1419 3935 Petri
1481 3880 1801 3948 specialiter
1850 3880 2132 3950 privilegii
2163 3881 2387 3936 vilescit
2434 3887 2619 3935 aucto·

307 3959 464 4025 ritas,
501 3975 692 4012 verum
730 3959 896 4012 etiam
920 3959 1251 4014 multifariae
1290 3959 1590 4014 occasionis
1629 3960 1896 4014 dilatatur
1921 3959 2232 4029 iniquitaS.“
2272 3960 2334 4016 L.
2357 3978 2398 4014 c.
2423 3977 2474 4028 p.
2497 3963 2615 4013 534.

486 4035 529 4107 ⁸)
574 4037 945 4104 „Guntharius
983 4042 1163 4093 autem
1201 4038 1259 4091 in
1294 4037 1416 4105 ipsa
1453 4055 1621 4092 coena
1655 4038 1875 4092 Domini
1903 4039 2181 4095 Coloniam
2208 4039 2452 4105 veniens,
2490 4038 2617 4092 mis-

309 4131 398 4170 sas
438 4115 714 4170 celebrare
760 4121 818 4170 et
865 4132 1076 4170 sacrum
1114 4117 1350 4171 chrisma
1389 4116 1676 4184 conficere,
1727 4124 1789 4170 ut
1833 4117 1992 4174 homo
2040 4119 2158 4173 sine
2194 4117 2309 4173 Deo
2347 4133 2619 4186 praesum-

308 4194 471 4263 psit.“
546 4194 872 4249 Hincmarus
911 4195 1201 4251 Rhemens.
1241 4197 1420 4249 annal.
1460 4212 1507 4249 a.
1548 4198 1667 4248 864.

2658 1077 2891 1129 Negativo.
