3270 5028
657 393 761 443 252
991 390 1138 444 XVI.
1179 391 1388 445 Causae
1428 390 1668 445 celebres
1708 396 1764 444 et
1801 391 2126 445 Decretales
2163 389 2619 444 Pseudo-Isidori.

657 533 737 595 ob
784 532 1041 615 aliquod
1089 532 1468 596 beneficium
1515 532 2008 619 ecclesiasticum
2056 550 2298 614 magna·
2337 535 2478 596 orta
2526 536 2623 596 est
2670 531 2745 595 lis
2791 532 2979 594 inter

656 648 872 710 regem
922 634 988 691 et
1032 627 1451 693 Hincmarum
1498 626 2018 694 Laudunensem.
2111 627 2232 691 Hic
2293 650 2331 690 a
2377 649 2530 712 rege
2589 632 2740 693 ante
2789 628 2973 712 judi-

657 745 757 787 ces
801 723 997 810 laicos
1042 725 1309 803 citatae,
1369 747 1503 815 sese
1561 725 1664 811 iis*
1696 726 1922 813 sistere
1978 724 2206 788 merito
2254 725 2595 800 recusavit;
2652 746 2765 788 rex
2814 745 2975 786 vero

656 810 1232 884 iraffexardescens
1294 825 1643 904 proventus
1705 823 2105 904 episcopatus
2167 816 2614 885 Laudunensis
2680 820 2979 885 inhibuit

657 921 722 979 et
779 915 928 979 fisco
986 917 1249 981 addixit.
1339 917 1707 997 intervenit
1766 922 1944 981 tunc
1984 918 2050 980 in
2110 917 2391 982 favorem
2456 918 2710 1001 nepotis
2771 916 2974 981 Hinc-

654 1034 868 1076 marus
924 1011 1335 1088 RhemensiS,
1395 1014 1501 1098 qui
1560 1014 1639 1078 ad
1694 1035 1907 1097 regem
1970 1013 2146 1076 dedit
2206 1014 2570 1096 epistolam,
2630 1037 2758 1099 qua
2811 1014 2974 1099 cleri

654 1108 1098 1197 immunitates
1153 1109 1521 1174 vindica'vit.
1619 1110 2020 1175 Provocabat
2073 1111 2144 1174 in
2201 1111 2321 1175 hac
2379 1111 2648 1194 epistola
2704 1111 2783 1173 ad
2837 1109 2972 1174 Ur-

655 1205 829 1281 bani,
876 1203 1063 1269 Lucii
1111 1210 1177 1270 et
1207 1204 1521 1289 Stephani
1563 1206 2003 1271 Romanorum
2047 1206 2427 1272 Pontificum
2475 1207 2748 1289 decreta,
2795 1229 2972 1290 quae

653 1303 825 1366 inter
859 1302 1230 1367 Decretales
1268 1295 1782 1368 Pseudo-Isidori
1818 1304 2269 1387 continentur3
2320 1325 2397 1366 ex
2444 1325 2572 1386 quo
2619 1304 2971 1388 colligitur,

655 1398 1073 1479 Hincmarum
1137 1422 1266 1469 non
1310 1400 1651 1481 dubitasse
1705 1400 1821 1464 has
1880 1399 2244 1465 Decretales
2308 1406 2379 1464 ut
2439 1401 2754 1485 genuinas
2813 1423 2970 1483 pro—

656 1516 912 1577 ponere.
933 1493 983 1580 l)
1046 1532 1134 1541 —
1192 1496 1543 1560 Hincmaro
1596 1497 1846 1580 juniori
1910 1496 2078 1561 bona
2145 1497 2444 1561 restituta
2510 1503 2693 1574 sunt,
2762 1486 2974 1562 donec

656 1593 947 1675 legitimo
984 1593 1229 1677 judicio
1275 1594 1421 1657 lites
1469 1615 1691 1657 omnes
1737 1594 2098 1657 finirentur.

419 1730 542 1772 Lites
834 1723 934 1785 39.
1001 1720 1124 1786 Sed
1190 1723 1367 1787 brevi
1427 1731 1600 1807 post,
1674 1746 1849 1787 anno
1915 1725 2069 1799 869,
2133 1724 2644 1788 vehementiores
2716 1746 2973 1787 exarse-

362 1796 593 1844 ⁸¹¹ge¹¹t¹²r'
654 1824 813 1895 runt
871 1820 1017 1883 lites
1075 1842 1208 1883 non
1261 1821 1465 1884 solum
1526 1843 1669 1885 cum
1732 1842 1910 1903 rege,
1976 1821 2082 1885 sed
2147 1821 2341 1884 etiam
2403 1842 2544 1883 cum
2613 1820 2974 1884 Hincmaro

657 1916 1024 1980 Rhemensi.
1118 1915 1507 1981 Hincmarus
1548 1917 1771 2000 junior
1825 1941 1863 1980 a
1908 1938 2058 2001 rege
2106 1919 2337 1982 iterum
2379 1917 2707 1981 occasione
2754 1918 2973 2001 cujus-

654 2015 800 2077 dam
856 2012 1028 2077 feudi
1070 2013 1433 2097 impetituS,
1493 2005 2017 2096 ante-synodum
2071 2012 2411 2078 Verberiae
2469 2014 2754 2089 habitam
2802 2014 2971 2078 cita-

654 2117 758 2174 tus
806 2115 931 2186 est,
994 2113 1058 2173 et
1115 2110 1195 2172 ad
1243 2109 1622 2173 Pontificem
1668 2111 2044 2193 appellavit3
2104 2111 2215 2175 sed
2273 2111 2686 2175 nihilominus
2728 2133 2766 2173 a
2810 2132 2971 2193 rege

656 2206 978 2271 custodiae
1034 2206 1371 2270 mandatus
1428 2211 1542 2269 est.
1633 2206 1819 2272 Tunc
1875 2208 2036 2290 ipse,
2100 2209 2267 2273 clero
2327 2230 2440 2272 suo
2495 2208 2971 2283 consentiente,

654 2303 988 2368 dioecesim
1051 2302 1538 2367 Laudunensem
1598 2303 1944 2387 interdifflo
2013 2304 2315 2389 subjecit3
2378 2305 2484 2369 sed
2548 2304 2967 2368 interdictum

656 2399 968 2485 ejusmodi
1035 2399 1229 2463 solvit
1299 2399 1693 2463 Hincmarus
1765 2399 2145 2464 Rhemensis
2213 2402 2775 2485 metropolitanuS‚
2853 2401 2972 2483 qui

646 2500 783 2583 jam
831 2498 1053 2580 nepoti
1104 2495 1186 2561 ob
1235 2497 1374 2581 ejus
1405 2495 1873 2580 imprudentem
1922 2498 2249 2563 audaciam
2298 2499 2728 2564 succensebat.
2807 2494 2970 2562 Stu-

654 2595 795 2658 duit
839 2598 1055 2658 autem
1087 2592 1479 2657 Hincmarus
1513 2593 1893 2658 Rhemensis
1932 2597 2039 2679 jus
2077 2618 2263 2659 suum
2312 2597 2380 2659 in
2411 2596 2712 2661 solvendo
2758 2596 2972 2659 inter-

654 2692 825 2755 dicto
883 2690 1180 2774 probare,
1237 2690 1524 2754 exhibita
1576 2691 1955 2755 collectione
2011 2692 2225 2776 legum
2274 2694 2837 2757 ecclesiasticarum
2886 2691 2971 2755 de

646 2788 906 2873 juribus
953 2787 1449 2869 metropolitani.
1530 2784 1851 2870 Opposuit
1883 2788 2274 2853 Hincmarus
2310 2790 2551 2874 junior,
2596 2789 2767 2852 brevi
2815 2794 2968 2871 post

656 2883 944 2948 libertati
992 2882 1304 2959 reddituS,
1363 2884 1555 2947 aliam
1614 2884 2056 2949 collectionem
2115 2873 2358 2968 legans,
2416 2886 2646 2968 quibus
2690 2885 2966 2949 auctori-

653 2987 753 3045 tas
800 2981 1244 3063 metropolitae
1300 2981 1845 3064 restringebatur3
1908 2982 2246 3045 constabat
2302 2987 2512 3046 autem
2572 2984 2727 3045 haec
2773 2981 2966 3045 colle·

652 3079 778 3142 ctio
847 3077 1040 3141 variis
1112 3076 1556 3141 Decretalibus
1619 3075 2175 3142 Pseudo-Isidori.
2291 3076 2442 3142 Mox
2511 3078 2724 3141 variae
2795 3077 2964 3140 aliae

653 3175 800 3238 lites
858 3175 1031 3237 inter
1077 3173 1498 3237 Hincmarum
1549 3172 1980 3237 Rhemensem
2037 3181 2104 3238 et
2161 3174 2583 3238 Hincmarum
2633 3173 2961 3258 juniorem

652 3277 832 3333 ortae
877 3275 1062 3345 sunt,
1121 3275 1314 3353 atque
1357 3291 1550 3352 quum
1601 3291 1772 3334 anno
1820 3272 1947 3335 870
2000 3272 2069 3335 in
2115 3271 2358 3355 synodo
2408 3271 2835 3335 Attiniacensi
2883 3270 2965 3333 de

653 3365 962 3451 ejusmodi
1010 3367 1215 3430 causis
1245 3370 1565 3450 ageretur,
1614 3366 1718 3430 hic
1762 3372 1989 3431 contra
2025 3370 2411 3453 avunculum
2459 3389 2644 3431 suum
2692 3368 2960 3431 alteram

655 3464 1096 3527 collectionem
1146 3461 1573 3525 Decretalium
1632 3461 2144 3528 Pseudo-Isidori
2203 3464 2505 3547 protulit,
2568 3464 2840 3527 maxime
2889 3468 2969 3526 ut

655 3560 1054 3636 ostenderet,
1113 3559 1476 3641 episcopum
1534 3580 1667 3623 non
1729 3582 1914 3642 posse
1974 3560 2208 3643 deponi
2263 3562 2400 3624 sine
2462 3581 2779 3624 consensu
2829 3557 2961 3623 Ro-

655 3657 827 3719 mani
878 3654 1241 3731 Pontificis,
1302 3661 1367 3717 et
1425 3653 1695 3719 Romam
1754 3658 2061 3740 appellari
2122 3678 2306 3739 posse
2361 3660 2514 3720 ante
2565 3656 2958 3720 sententiam

653 3752 879 3834 synodi
920 3751 1329 3836 provincialis
1376 3753 1722 3835 prolatam,
1780 3754 1834 3816 si
1880 3753 2162 3835 synodus
2213 3754 2293 3818 ob
2351 3753 2634 3818 studium
2679 3753 2961 3835 partium

653 3855 827 3914 esset
878 3846 1250 3932 suspecta.²)
1309 3883 1391 3893 —
1449 3845 1762 3932 Opposuit
1820 3850 2204 3914 Hincmarus
2266 3849 2647 3913 Rhemensis
2709 3850 2966 3913 celebre

836 4039 876 4104 ¹)
912 4038 979 4092 V.
1017 4039 1301 4094 Hincmari
1339 4039 1472 4107 Opp.
1511 4048 1552 4093 t.
1591 4041 1667 4093 II.
1702 4057 1753 4108 p.
1793 4042 1911 4094 316.

832 4119 874 4184 2)
911 4119 977 4172 V.
1015 4117 1294 4173 Hincmari
1334 4118 1467 4185 Opp.
1507 4124 1546 4171 t.
1585 4118 1660 4171 Π.
1699 4136 1752 4186 p.
1789 4120 1909 4172 355.
