3270 5028
660 413 762 465 104
1180 407 1331 461 XIV.
1368 408 1449 462 De
1488 406 1640 461 civili
1677 407 1744 461 R.
1782 407 2066 462 Pontificis
2102 406 2428 476 principatu.

655 553 986 617 Romanae
1017 572 1130 614 seu
1164 548 1464 614 Pontifici
1513 554 1587 614 ut
1617 548 2031 631 possessionis
2061 548 2259 632 ipsius
2291 551 2755 625 restituuntur;
2808 573 2961 635 qua-

654 654 804 713 tuor
864 652 1081 712 autem
1142 647 1439 710 civitates
1502 644 1861 709 redduntur
1908 643 2166 710 ducatui
2223 645 2516 711 Romano
2576 669 2689 711 seu
2749 649 2960 732 reipu-

654 746 858 810 blicae
901 746 1262 825 Romanae,
1324 744 1393 805 in
1453 764 1582 827 qua
1635 744 1772 827 jam
1824 740 2126 806 Pontifex
2185 744 2261 807 de
2315 743 2487 808 facto
2545 745 2956 828 praecipuum

652 842 965 907 influxum
1013 846 1078 905 et
1109 840 1562 905 auctoritatem
1604 837 1905 915 habebat,
1954 839 2242 922 quamvis
2280 841 2698 923 magistratus
2746 846 2960 906 essent

653 940 733 1003 ab
796 938 947 1022 ipsis
1010 936 1320 1002 Romanis
1390 935 1574 1000 electi
1639 938 1707 999 et
1768 935 2223 1000 nominetenus
2290 935 2555 1001 ducatus
2615 937 2822 1003 adhuc
2879 939 2958 1002 ad
3015 1017 3023 1029 .

651 1035 1048 1120 provinciam
1095 1033 1354 1116 Imperii
1401 1031 1772 1115 pertineret.

829 1133 931 1196 27.
992 1130 1116 1196 Sed
1178 1129 1358 1193 brevi
1418 1133 1566 1212 post
1624 1128 1859 1192 iterum
1903 1127 2235 1193 Zacharias
2281 1129 2594 1193 influxum
2644 1153 2829 1195 suum
2886 1132 2955 1195 in

649 1250 869 1314 regem
913 1227 1382 1311 Luitprandum
1425 1225 1650 1290 debuit
1697 1247 2019 1300 exercere,
2067 1231 2142 1290 ut
2189 1225 2572 1309 Eutychium
2621 1228 2956 1293 exarcham

642 1328 923 1410 juvaret.
1017 1324 1335 1388 Videlicet
1380 1344 1554 1387 anno
1605 1323 1761 1398 743,
1808 1321 1961 1386 dum
2010 1319 2291 1386 nimium
2337 1321 2753 1404 opprimeret,
2811 1326 2958 1390 scri·

650 1423 748 1487 bit
818 1422 1203 1487 Anastasius
1217 1470 1231 1497 ‚
1303 1417 1684 1501 praedictus
1757 1438 1876 1482 rex
1951 1416 2362 1501 provinciam
2444 1419 2954 1500 Ravennatium,

646 1518 1007 1602 fuissetque
1067 1520 1509 1600 praeparatus
1567 1515 1655 1580 ad
1720 1513 2061 1579 motionem
2119 1513 2490 1596 faciendam
2547 1520 2609 1597 et
2671 1516 2957 1582 obsiden-

649 1616 799 1682 dam
864 1614 1354 1680 Ravennatium
1422 1611 1682 1692 urbem;
1749 1611 2007 1693 coqnita
2074 1609 2353 1676 motione
2418 1612 2700 1694 ejusdem
2764 1614 2956 1696 reqis,

650 1711 1023 1795 Eutychius
1085 1709 1658 1776 excellentissimus
1706 1706 2039 1790 patricius
2102 1711 2164 1771 et
2234 1707 2555 1774 exarchus
2607 1729 2748 1775 una
2813 1731 2957 1775 cum

649 1810 907 1875 Joanne
980 1807 1458 1891 archiepiscopo
1526 1805 1821 1871 ecclesiae
1895 1804 2309 1870 Ravennatis
2389 1809 2582 1887 atque
2656 1806 2957 1872 universo

640 1906 883 1990 populo
920 1905 1297 1988 praedictae
1343 1901 1630 1968 civitatis
1677 1922 1751 1967 ac
1795 1900 2137 1967 civitatum
2182 1901 2590 1984 Pentepolios
2634 1907 2696 1968 et
2741 1904 2955 1969 Aemi·

651 2003 804 2083 liae,
858 2003 1039 2085 facta
1084 2001 1159 2066 in
1204 1998 1468 2082 scriptis
1514 1997 1947 2064 obsecratione
1988 1996 2326 2081 praedicto
2371 2004 2594 2064 sancto
2639 1999 2959 2067 miserunt

647 2099 792 2164 viro
827 2103 1136 2182 petentes,
1178 2102 1254 2161 ut
1289 2119 1417 2180 pro
1448 2117 1670 2161 eorum
1709 2099 1999 2160 curreret
2044 2093 2437 2159 liberatione.
2518 2094 2649 2174 Qui
2692 2101 2959 2163 sanctus

648 2195 754 2261 vir
809 2195 1011 2261 missa
1071 2193 1387 2277 leyatione
1447 2197 1508 2257 et
1568 2191 1949 2258 muneribus
2009 2192 2095 2256 ad
2152 2190 2612 2258 obsecrandum
2668 2193 2956 2259 eumdem

648 2313 860 2376 reyem
894 2312 1019 2375 per
1044 2290 1471 2356 Benedictum
1517 2289 1882 2372 episcopum
1927 2293 1989 2354 et
2032 2287 2510 2354 Vicedominum
2556 2294 2751 2371 atque
2795 2291 2955 2355 Am-

651 2389 936 2455 brosium
996 2387 1458 2453 Primicerium
1512 2385 1926 2451 notariorum
1972 2385 2198 2469 petiit,
2260 2388 2337 2450 ut
2396 2405 2439 2450 a
2499 2386 2778 2452 motione
2832 2408 2955 2453 ces·

647 2490 822 2552 saret
881 2491 942 2551 et
1008 2483 1466 2551 Caesenatense
1527 2481 2027 2549 Ravennatibus
2095 2481 2386 2547 redderet
2453 2486 2740 2549 castrum
2753 2503 2779 2564 ;
2847 2484 2958 2549 sed

645 2604 879 2667 passus
934 2604 1066 2647 non
1127 2586 1234 2648 est.
1333 2580 1539 2665 Cujus
1591 2581 1748 2646 dum
1810 2580 2047 2646 duram
2102 2578 2655 2662 perseverantia-m
2708 2582 2952 2665 conspi-

646 2684 840 2760 ceret,
901 2680 1052 2762 jam
1110 2678 1491 2744 nominatus
1550 2677 2002 2745 sanctissimus
2060 2676 2365 2759 trophaeo
2423 2675 2576 2756 fidei
2640 2678 2952 2759 munita-9,

646 2776 874 2842 relicta
904 2777 1210 2842 Romana
1254 2774 1430 2840 urbe.
1478 2828 1491 2841 .
1539 2823 1554 2838 .
1603 2772 1932 2855 Stephano
1970 2773 2260 2840 Patricio
2300 2777 2361 2837 et
2389 2772 2569 2839 Duci
2594 2774 2682 2840 ad
2720 2775 2950 2859 quber·

643 2874 967 2953 nandum,
1014 2894 1147 2938 non
1192 2872 1360 2936 sicut
1397 2870 1840 2936 mercenarius
1884 2871 1995 2935 sed
2037 2870 2206 2936 sicut
2251 2889 2397 2934 vere
2432 2875 2667 2953 pastor
2711 2872 2954 2937 relictis

644 2969 870 3036 ovibus
915 2969 1002 3034 ad
1045 2989 1154 3034 eas
1198 2987 1364 3050 quae
1409 2966 1751 3049 periturae
1806 2971 1996 3033 erant
2049 2965 2459 3032 redimendas
2516 2968 2817 3035 occurrit.
2865 3006 2952 3015 ——

646 3068 987 3153 Colligitur
1048 3089 1125 3131 ex
1186 3067 1373 3131 modo
1427 3066 1737 3150 loquendi
1798 3066 2154 3143 Anastasii‚
2227 3066 2449 3135 ducem
2507 3067 2767 3152 quidem
2829 3066 2953 3131 Ro·

646 3188 783 3229 mae
840 3164 1067 3240 fuisse,
1126 3163 1235 3227 sed
1296 3167 1369 3228 ut
1429 3162 1821 3245 superiorem
1873 3162 2163 3227 habitam
2220 3168 2674 3231 auctoritatem
2725 3162 2949 3228 Ponti-

642 3262 776 3326 ficis
844 3262 1036 3325 etiam
1102 3261 1172 3323 in
1236 3261 1426 3324 rebus
1488 3259 1797 3323 civilibus·
1900 3258 2198 3324 Ticinum
2261 3261 2410 3327 dein
2474 3261 2553 3326 ad
2612 3262 2951 3344 Luitpran·

642 3357 796 3420 dum
840 3357 1177 3421 Zacharias
1236 3356 1558 3438 profectus
1622 3360 1752 3433 est,
1814 3359 1881 3419 et
1934 3357 2193 3420 monitis
2254 3360 2383 3423 suis
2442 3360 2677 3424 iterum
2734 3377 2948 3441 regem

641 3453 723 3516 ad
769 3473 988 3536 pacem
1031 3452 1387 3516 faciendam
1442 3453 1725 3516 adduxit.
1824 3449 1953 3529 Qui
1987 3450 2369 3533 praedictus
2420 3475 2540 3519 rea:
2584 3457 2734 3535 post
2786 3451 2947 3517 mul-

648 3554 781 3613 tam
809 3547 1120 3629 duritiem
1166 3547 1527 3612 inclinatus
1571 3551 1665 3611 est
1706 3546 1869 3627 fines
1899 3547 2393 3615 Ravennatium
2422 3550 2607 3616 urbis
2652 3548 2948 3629 dilatare,

641 3643 811 3709 sicut
844 3643 1164 3725 primitus
1212 3635 1685 3710 detinebantur.
1775 3643 1869 3708 Et
1925 3643 2091 3709 duas
2135 3650 2364 3727 partes
2422 3646 2745 3712 territorii
2794 3644 2949 3711 Cae-

642 3760 833 3806 senae
892 3740 1094 3804 castri
1150 3740 1239 3804 ad
1285 3744 1539 3823 partem
1598 3739 1991 3823 reipublicae
2050 3741 2357 3807 restituit.
2457 3742 2747 3808 Tertiam
2802 3762 2949 3806 vero

632 3841 894 3919 partem
940 3836 1016 3900 de
1060 3836 1267 3901 eodem
1317 3840 1527 3902 castro
1573 3836 1689 3902 sub
1722 3836 1984 3903 obtentu
2027 3838 2322 3918 retinuit,
2369 3839 2537 3905 inito
2580 3838 2946 3917 constituto,

642 3937 718 3998 ut
761 3953 965 4014 usque
1021 3932 1108 3998 ad
1160 3933 1459 3998 calendas
1503 3933 1727 4007 Junii,
1790 3933 1944 3997 dum
1999 3934 2141 4017 ejus
2196 3935 2381 4000 missi
2439 3957 2481 4001 a
2525 3936 2710 4019 reyia
2758 3927 2948 4020 (Con-

642 4031 1094 4115 stantinopoli)
1126 4034 1605 4095 reverterentur
1635 4029 1811 4109 urbe,
1856 4029 2025 4094 idem
2062 4035 2348 4097 castrum
2395 4036 2455 4096 et
2500 4031 2760 4097 tertiam
2783 4051 2948 4113 par-

642 4131 768 4191 tem
830 4147 1026 4208 quam
1078 4126 1384 4209 piynoris
1438 4146 1634 4191 causa
1691 4126 2015 4192 detinebat
2064 4126 2254 4210 parti
2314 4128 2705 4212 reipublicae
2759 4128 2946 4193 resti-
