3270 5028
598 398 699 449 136
1128 394 1274 447 XIV.
1312 394 1395 448 De
1433 392 1585 448 civili
1620 395 1687 448 R.
1724 394 2008 448 Pontificis
2044 395 2370 464 principatu.

598 548 957 617 manorum,
1005 558 1198 619 quum
1233 534 1538 600 defuncto
1568 534 1900 618 Stephano
1939 535 2030 616 (a.
2067 537 2220 618 757)
2268 542 2333 601 et
2379 540 2581 625 eleeto
2607 539 2819 623 faulo
2844 539 2900 603 Ι.

593 636 736 719 ejus
795 633 998 698 fratre
1064 633 1132 696 in
1197 631 1570 697 Pontificem
1638 633 1909 715 Pipinus
1974 655 2083 698 eos
2144 624 2529 715 monuissem
2593 622 2934 700 ιιίῖἶᾶἒῖῗ

592 731 1024 796 submissione
1087 729 1301 813 Papae
1370 729 1712 813 gubernio.
1746 735 1962 794 essent
2030 732 2323 816 subjecti.
2431 731 2672 798 Scribit
2728 731 2904 795 vide-

595 829 748 892 licet
790 827 1070 894 Senatus
1124 827 1517 910 populusque
1560 825 1928 892 Romanus:
1988 825 2079 890 At
2122 847 2271 891 vero
2324 827 2399 892 in
2453 827 2636 911 ipsis*
2673 826 2908 892 vestris

591 922 927 1004 mellifluis
987 921 1282 1004 apicibus
1347 942 1466 986 nos
1533 921 1819 988 salutari
1874 923 2289 1004 providentia
2358 929 2574 990 vestra
2639 929 2700 989 et
2735 945 2928 992 -am-.

600 1040 856 1086 monere
909 1017 1371 1101 praecellentia
1437 1023 1653 1083 vestra
1723 1018 2007 1099 studuit,
2074 1019 2298 1099 firmos
2360 1042 2479 1086 nos
2553 1041 2629 1086 ac
2690 1021 2907 1102 fideles

594 1117 820 1182 debere
871 1136 1260 1200 permanere
1317 1136 1473 1198 erqa
1530 1114 1786 1180 beatum
1845 1115 2143 1193 Petrum,
2202 1116 2572 1200 principem
2636 1118 2904 1202 Aposto-

596 1214 811 1279 lorum
883 1219 944 1278 et
1015 1217 1310 1278 sanctam
1382 1211 1513 1277 Dei
1575 1211 1897 1278 ecclesiam
1964 1216 2025 1277 et
2093 1212 2266 1278 circa
2334 1213 2777 1281 beatissimum
2847 1221 2909 1280 et

596 1310 1038 1393 coanqelicum
1112 1309 1526 1393 spiritualem
1585 1313 1847 1392 patrem
1912 1314 2199 1375 vestrum
2265 1331 2308 1376 a
2377 1311 2534 1377 Deo*
2584 1313 2907 1378 decretum

597 1407 908 1472 domnum
971 1410 1270 1471 nostrum
1336 1405 1623 1471 Paulum
1688 1426 2014 1471 summum
2082 1406 2460 1487 Pontificem
2530 1414 2591 1474 et
2654 1409 2908 1475 univer·

598 1504 799 1569 salem
861 1504 1132 1586 Papam.
1192 1553 1204 1566 .
1270 1551 1284 1565 .
1348 1553 1360 1565 .
1430 1501 1567 1566 Nos
1630 1502 1915 1583 quidem,
1985 1503 2599 1586 praecellentissime
2661 1514 2906 1589 myrum,

598 1601 778 1681 firmi
836 1620 914 1665 ac
970 1600 1184 1680 fideles
1241 1598 1443 1664 servi
1475 1603 1739 1664 sanctae
1799 1599 1931 1664 Dei
1988 1599 2282 1665 ecclesiae
2346 1606 2408 1666 et
2451 1628 2454 1629 ⁷
2459 1601 2753 1684 praelati
2813 1608 2910 1667 ter

603 1697 959 1763 beatissimi
1004 1701 1065 1762 et
1096 1695 1445 1779 coanqelici
1490 1694 1863 1778 spiritualis
1899 1696 2120 1778 patris
2152 1698 2368 1777 vestri,
2416 1698 2638 1764 domni
2679 1700 2908 1777 nostri,
2943 1770 2944 1773 Ἴ

601 1793 804 1860 Pauli
874 1793 1113 1859 summi
1179 1791 1520 1872 Pontificis
1593 1797 1655 1856 et
1730 1792 2124 1858 universalis
2193 1813 2405 1876 papae
2481 1795 2909 1861 consistimus.

605 1891 778 1970 Quia
822 1891 960 1973 ipse
1004 1894 1222 1956 noster
1279 1893 1372 1953 est
1418 1892 1614 1970 pater
1655 1893 1716 1953 et
1762 1889 2043 1971 optimus
2090 1895 2323 1973 pastor
2333 1911 2359 1970 ,·
2417 1897 2479 1956 et
2524 1913 2653 1974 pro
2703 1891 2913 1958 salute

601 1992 829 2052 nostra
875 1987 1200 2051 decertare
1245 1985 1530 2067 quotidie
1573 2006 1706 2050 non
1754 1992 1983 2063 cessat,
2042 1986 2213 2053 sicut
2257 1992 2318 2052 et
2378 1989 2519 2072 ejus
2558 2009 2915 2073 yermanus

602 2088 867 2149 sanctae
932 2081 1399 2147 recordationis
1473 2081 1883 2147 beatissimus
1949 2083 2224 2150 domnus
2288 2084 2659 2167 Stephanus
2711 2106 2912 2169 papa,

598 2182 825 2264 fovens
883 2201 1002 2245 nos
1064 2183 1124 2243 et
1177 2177 1530 2244 salubriter
1578 2178 1985 2260 ²qubernans,
2052 2179 2222 2245 sicut
2275 2184 2501 2246 revera
2558 2181 2916 2247 rationales

601 2277 727 2342 sibi
773 2298 812 2341 a
863 2276 1003 2341 Deo
1062 2274 1432 2340 commissas
1478 2294 1649 2350 oves,
1709 2273 1871 2341 dum
1925 2274 2244 2341 nimirum
2305 2281 2365 2341 et
2418 2276 2810 2342 mitissimus
2854 2282 2915 2342 et

603 2395 747 2439 vere
806 2373 881 2438 in
943 2372 1242 2438 omnibus
1304 2369 1671 2436 misericors
1731 2370 2030 2436 existit.
2083 2424 2095 2436 .
2143 2423 2155 2436 .
2219 2372 2346 2438 Sed
2406 2374 2638 2439 obnixe
2697 2374 2913 2457 depre-

603 2491 859 2551 camur,
919 2520 933 2535 .
990 2522 1004 2535 .
1061 2522 1074 2535 .
1141 2473 1217 2536 ut
1261 2467 1500 2551 jubeas
1565 2466 2022 2551 beniynissime
2087 2490 2334 2553 requm..
2375 2472 2717 2553 nosterque
2768 2476 2917 2554 post

606 2569 823 2633 Deum
869 2568 1196 2649 defensor,
1247 2564 1345 2629 ita
1390 2563 1574 2628 solite
1618 2564 1944 2630 decertare
1990 2586 2065 2631 ac
2109 2567 2464 2650 disponere,
2512 2573 2588 2632 ut
2629 2568 2916 2650 perfecta

604 2670 869 2731 sanctae
930 2664 1063 2729 Dei
1122 2660 1416 2727 ecclesiae
1478 2660 1791 2726 exaltatio
1856 2666 1916 2726 et
1975 2662 2127 2742 fidei
2196 2669 2459 2729 nostrae
2527 2665 2917 2730 orthodoxae

480 2791 505 2804 2
607 2762 1022 2843 omniumque
1080 2763 1379 2825 nostrum
1430 2761 1827 2840 procuretur
1844 2758 1892 2842 1)
1949 2759 2234 2841 defensio
2247 2780 2273 2840 ,·
2324 2766 2614 2844 petentes
2676 2766 2738 2826 et
2782 2761 2913 2840 hoc,

672 2908 686 2923 .
735 2910 748 2921 .
795 2862 874 2923 ut
917 2856 1365 2922 dilatationem
1410 2854 1611 2937 hujus
1656 2855 2038 2937 provinciae
2081 2876 2122 2921 a
2170 2857 2347 2922 vobis
2389 2858 2465 2922 de
2511 2879 2715 2924 manu
2752 2878 2912 2941 qen-

608 2956 774 3022 tium
820 2959 1073 3038 ereptae
1115 2953 1426 3036 perficere
1467 2950 1779 3034 jubeatis,
1962 2979 1977 3016 ;
2033 2958 2354 3034 quatenus
2406 2954 2482 3020 in
2535 2974 2797 3038 mayna
2821 2975 2913 3019 se-

607 3051 911 3118 curitatis
969 3050 1179 3133 quiete
1238 3049 1461 3132 deyere
1519 3048 1881 3128 valeamus,
1935 3053 2005 3113 -et
2064 3070 2162 3114 ex
2187 3049 2304 3115 hoc
2357 3055 2695 3117 aeternum
2739 3050 2916 3116 vobis

606 3150 681 3215 in
727 3148 892 3214 coelo
939 3151 1277 3213 emoratam
1321 3144 1777 3211 retributionis
1822 3146 2170 3212 mercedem
2215 3147 2563 3229 recipiatis.
2573 3147 2621 3229 2)

273 3262 449 3332 Indoles
474 3262 587 3315 prin-
785 3249 885 3311 61.
949 3245 1323 3311 Generatim
1395 3265 1473 3307 ex
1537 3243 1647 3307 illo
1693 3247 1980 3326 tempore
2041 3241 2466 3325 principatus
2524 3244 2735 3309 civilis
2785 3245 2912 3309 Ro-

344 3326 526 3376 ⁰¹P⁸t⁰⁸'
608 3344 783 3407 mani
846 3342 1180 3407 Pontificio
1245 3338 1438 3424 plene
1500 3339 1892 3403 constitutus
1953 3346 2247 3422 apparet,
2322 3342 2415 3405 ita
2483 3349 2558 3405 ut
2621 3363 2917 3430 SUQQ

607 3440 992 3524 auctoritate
1053 3438 1320 3502 Romam
1390 3436 1799 3519 reliquasque
1870 3436 2231 3518 provincias
2302 3445 2369 3500 et
2435 3439 2731 3502 civitates
2800 3458 2914 3522 gu-

605 3538 853 3602 bernet.
944 3535 1247 3599 Habebat
1292 3533 1622 3596 Romanus
1668 3530 1977 3596 Pontifex
2025 3532 2092 3594 in
2137 3554 2253 3595 sua
2309 3533 2552 3598 ditione
2598 3557 2732 3599 eam
2782 3534 2916 3597 fere

607 3634 1057 3698 auctoritatem
1121 3636 1188 3694 eb
1250 3652 1325 3694 ea
1385 3632 1562 3713 jura,
1630 3650 1796 3711 quae
1867 3633 2063 3692 antea
2126 3629 2403 3694 exarcha
2458 3631 2912 3696 Ravennaten·

608 3732 696 3795 sis
753 3730 1015 3795 nomine
1073 3725 1486 3809 Imperatoris
1544 3724 1895 3799 habueram
1954 3724 2061 3789 sed
2119 3725 2424 3790 Pontifex
2481 3728 2739 3810 proprio
2799 3749 2914 3792 no-

787 3962 827 4028 ι>
864 3962 1022 4029 Apud
1061 3960 1204 4014 Jaffe
1242 3960 1474 4014 habetur
1514 3942 1888 4042 profligatum*
1918 3961 2013 4014 sed
2050 3959 2217 4014 lectio
2257 3960 2497 4027 genuina
2538 3962 2759 4017 videtur
2796 3977 2916 4017 esse

600 4045 941 4112 procuretur.

786 4118 831 4185 ²)
871 4119 997 4173 Cod.
1038 4118 1159 4172 Car.
1200 4118 1280 4171 ed.
1322 4116 1482 4182 Jaffe‚
1522 4132 1602 4183 ep.
1647 4119 1727 4170 13.
