3270 5028
644 442 747 493 100
938 473 946 481 ·
1167 441 1315 496 XIV.
1353 442 1438 497 De
1476 441 1627 496 civili
1663 442 1731 494 R.
1769 440 2055 496 Pontificis
2091 440 2417 510 principatu.

643 579 951 647 Romanis
1011 583 1394 667 postulavit,
1477 587 1553 647 ut
1629 582 2093 648 Trasimundus
2171 583 2301 647 dux
2375 583 2497 667 ipsi
2569 582 2956 648 traderetur.

616 678 826 789 Quod
871 701 1069 763 quum
1113 680 1209 744 illi
1256 680 1464 745 facere
1518 683 1951 765 recusassent,
2013 678 2456 762 Luitprandus
2514 679 2754 745 bellum
2800 702 2950 745 eon·

612 748 743 840 tra
808 774 1130 840 Romanos
1187 780 1589 860 prosecutus,
1656 780 1934 859 quatuor
1996 776 2259 850 casella
2320 775 2586 841 ducatus
2648 776 2951 854 Romani,

613 864 999 973 Ameriam,
1045 872 1316 951 Hortas,
1370 873 1811 938 Polimartium
1860 878 1926 937 et
1967 872 2223 937 Bleram
2270 872 2605 956 occupavit
2650 872 2957 938 Romam·

640 991 765 1053 que
811 968 1085 1034 obsedit.
1098 966 1145 1053 ¹)

307 1063 426 1169 ἒωξ
427 1066 619 1171 213¹?ng
816 1065 922 1130 23.
986 1065 1136 1130 Istis
1194 1067 1396 1149 igitur
1454 1065 1526 1129 in
1586 1065 1912 1149 adjunctis
1976 1063 2325 1150 Gregorius
2376 1066 2534 1143 III.,
2592 1088 2787 1150 quum
2848 1088 2947 1130 re·

351 1189 574 1234 Martono
638 1161 950 1244 pellendis
1026 1162 1319 1227 hostibus
1393 1160 1837 1244 Longobardis
1903 1183 1971 1226 se
2044 1161 2353 1244 imparem
2428 1163 2814 1244 persentiret
2883 1166 2950 1228 et
3041 1185 3048 1193 ²

639 1259 815 1322 omni
886 1280 1000 1341 spe
1066 1257 1416 1342 accipiendi
1486 1257 1711 1322 auxilii
1778 1258 1858 1321 ab
1926 1258 2327 1341 Imperatore
2398 1257 2684 1323 Orientis
2759 1259 2952 1324 desti·

637 1359 819 1419 tutus
880 1359 1077 1438 esset,
1136 1377 1170 1419 e
1212 1356 1380 1420 votis
1437 1376 1770 1437 procerum
1832 1354 2269 1419 Romanorum
2328 1378 2464 1420 sese
2523 1355 2602 1420 ad
2667 1354 2952 1421 Francos

637 1452 835 1516 vertit
892 1473 1236 1536 eorumque
1299 1472 1484 1534 opem
1542 1450 1928 1533 imploravit.
2019 1449 2167 1515 Jam
2227 1451 2377 1515 inde
2433 1452 2517 1516 ab
2571 1452 2763 1517 initio
2817 1474 2946 1517 mo·

592 1544 613 1553 “
638 1555 824 1613 tuum
898 1550 1157 1614 illorum
1230 1546 1649 1615 Anastasium
1725 1547 2088 1631 episcopum
2163 1551 2230 1611 et
2302 1547 2594 1633 Sergium
2681 1549 2945 1632 presby-

637 1648 850 1709 terum
915 1644 1187 1709 solemni
1250 1644 1572 1728 legatione
1638 1644 1819 1709 misit
1881 1645 1959 1708 ad
2016 1644 2314 1709 Carolum
2372 1644 2439 1708 M
2442 1646 2770 1731 artellq-m,
2832 1647 2944 1731 qui

638 1746 795 1806 tunc
855 1763 984 1825 qua
1045 1742 1409 1823 praefectus
1469 1741 1697 1823 palatii
1756 1763 1869 1805 seu
1916 1740 2347 1825 Majordomus
2396 1741 2791 1806 Francorum
2842 1764 2946 1807 res

635 1838 1114 1914 moderabatur,
1190 1842 1257 1901 et
1332 1837 1415 1902 ob
1489 1836 1773 1903 devictos
1847 1840 2123 1903 maxime
2194 1837 2547 1904 Saracenos
2623 1837 2708 1924 (a.
2789 1841 2949 1918 732)

636 1935 716 1999 ad
774 1936 1030 1999 culmen
1088 1934 1331 2019 gloriae
1393 1956 1467 1999 ac
1527 1936 1868 2018 potestatis
1925 1942 2322 2020 pervenerat.
2432 1936 2596 2001 Eum
2659 1937 2943 2002 obtesta-

634 2035 740 2097 tus
800 2036 900 2095 est
960 2032 1154 2094 etiam
1210 2031 1449 2097 litteris
1509 2032 1860 2116 adjunctis,
1922 2037 1997 2096 ut
2045 2031 2362 2097 Ecclesiae
2417 2038 2482 2097 et
2540 2031 2702 2097 Urbi
2759 2055 2943 2117 opem

634 2128 853 2192 ferret.
947 2127 1211 2193 Carolus
1270 2127 1524 2213 quidem
1581 2130 1974 2213 legationem
2036 2149 2275 2212 magno
2330 2152 2475 2194 eum
2535 2130 2779 2195 honore
2839 2152 2941 2194 re·

630 2355 693 2408 id
727 2358 816 2408 est
841 2352 1191 2420 Spolentinus
1222 2358 1278 2406 et
1304 2352 1742 2406 Beneventanus,
1799 2353 1905 2407 Sed
1929 2353 2108 2407 omnia
2132 2353 2416 2408 mendacia
2441 2359 2584 2407 sunt.
2646 2353 2771 2408 Non
2797 2356 2942 2408 enim

635 2450 732 2503 pro
770 2433 909 2496 alie,
945 2462 1014 2469 —
1052 2430 1364 2485 satisfaciat
1399 2439 1455 2485 te
1492 2431 1729 2498 veritas,
1773 2431 1870 2496 fili,
1908 2463 1974 2471 -
2012 2433 2232 2487 eosdem
2270 2433 2432 2486 duces
2476 2433 2820 2500 persequitur
2855 2451 2941 2488 ca·

634 2513 838 2583 pitu10,
894 2511 1003 2566 nisi
1040 2528 1135 2579 pro
1188 2528 1279 2578 eo,
1336 2512 1477 2578 quod
1515 2511 1812 2567 noluerunt
1864 2510 2166 2581 praeterito
2204 2528 2344 2566 anno
2408 2513 2475 2567 de
2525 2512 2638 2566 suis
2696 2513 2949 2581 partibus

636 2608 797 2661 super
832 2608 932 2646 nos
970 2593 1185 2645 inruere
1223 2596 1296 2656 et,
1335 2591 1479 2645 sicut
1515 2590 1600 2645 illi
1635 2591 1909 2656 fecerunt,
1953 2607 2042 2646 res
2089 2595 2396 2645 sanctorum
2444 2592 2814 2658 apostolorum
2850 2594 2944 2647 de-

635 2679 847 2727 struere
887 2676 944 2724 et
977 2670 1307 2739 peculiarem
1343 2671 1599 2738 populum
1637 2673 1990 2738 depraedare3
2027 2670 2110 2725 ita
2133 2671 2378 2725 dicentes
2413 2669 2522 2738 ipsi
2559 2672 2749 2725 duces:
2798 2671 2945 2741 Quia

633 2757 821 2806 contra
874 2748 1139 2804 ecclesiam
1191 2753 1433 2802 sanctam
1491 2748 1600 2803 Dei
1663 2751 1874 2819 ejusque
1928 2749 2193 2819 populum
2239 2748 2570 2818 peculiarem
2633 2767 2743 2804 non
2796 2768 2945 2804 eaer-

632 2830 888 2885 citamus:
932 2829 1188 2897 quoniam
1232 2831 1284 2882 et
1319 2832 1547 2897 pactum
1595 2845 1717 2882 cum
1751 2829 1827 2884 cis
1875 2828 2142 2893 habemas,
2191 2832 2243 2882 et
2285 2846 2352 2882 εει·
2385 2827 2508 2897 ipsa
2545 2828 2756 2882 ccclesia
2785 2829 2944 2895 fidem

631 2909 940 2979 accepimus.
1013 2910 1250 2975 Ideoque
1296 2923 1478 2960 mucro
1526 2923 1709 2961 eorum
1747 2907 1997 2962 desaevit
2043 2914 2234 2961 contra
2286 2923 2393 2962 eos.
2466 2908 2604 2961 Nam
2641 2907 2748 2976 ipsi
2783 2924 2946 2978 prae-

633 2990 767 3044 dicti
803 2991 966 3042 duces
1002 2986 1183 3055 parati
1212 2987 1436 3040 fuerunt
1475 2991 1533 3041 et
1556 2992 1700 3050 sunt,
1738 2989 2032 3041 secundum
2070 2986 2348 3053 antiquam
2378 2986 2823 3042 consuetudinem
2859 2986 2943 3042 eis

633 3068 865 3124 obedire.
940 3067 1045 3123 Sed
1094 3066 1202 3132 illi,
1250 3066 1554 3121 retinentes
1606 3065 1742 3119 iram
1790 3082 1889 3134 pro
1936 3082 1999 3120 eo
2050 3067 2192 3132 quod
2232 3066 2481 3134 superius
2527 3065 2792 3129 diximus,
2840 3082 2941 3133 per

631 3146 961 3214 exquisitam
999 3144 1336 3200 occasionem
1373 3145 1622 3199 volentes
1662 3144 1787 3198 illos
1833 3149 1891 3198 et
1926 3161 2023 3198 nos
2060 3147 2340 3199 destruere
2379 3150 2436 3199 et
2482 3144 2769 3209 invadere,
2814 3143 2944 3198 ideo

630 3232 889 3293 utrosque
916 3229 1322 3292 persequentes,
1360 3228 1579 3277 vestrae
1604 3223 1840 3277 bonitati
1877 3227 2187 3292 suggerunt
2221 3224 2387 3277 falsa:
2427 3229 2489 3277 ut
2528 3229 2584 3276 et
2610 3224 2774 3277 duces
2811 3222 2938 3278 illos

629 3304 994 3359 nobilissimos
1031 3304 1362 3372 degradent,
1413 3305 1467 3356 et
1502 3318 1629 3355 suos
1666 3301 1869 3357 ibidem
1904 3319 2102 3370 pravos
2148 3304 2399 3357 ordinent
2437 3304 2629 3368 duces,
2675 3310 2731 3357 et
2766 3302 2942 3356 multo

628 3383 859 3451 amplius
899 3381 1140 3448 quotidie
1178 3397 1247 3436 ex
1295 3381 1438 3435 omni
1485 3386 1643 3448 parte
1679 3381 1785 3435 Dei
1830 3381 2117 3436 ecclesiam
2162 3388 2506 3451 expugnent,
2552 3391 2610 3436 et
2654 3396 2745 3436 res
2789 3380 2939 3435 beati

627 3462 784 3516 Petri
831 3459 1095 3528 principis
1142 3460 1513 3528 apostolorum
1560 3460 1831 3528 dissipent
1875 3466 2040 3527 atque
2086 3461 2343 3528 populum
2391 3460 2720 3528 peculiarem
2768 3461 2940 3527 capti·

628 3539 810 3595 vent.“
885 3540 951 3592 V.
993 3538 1175 3593 Codex
1223 3539 1504 3593 Carolinus
1552 3556 1634 3606 ep.
1674 3545 1723 3593 2.
1769 3540 1920 3594 Edit.
1971 3539 2131 3594 Jaffe.
2177 3556 2226 3607 p.
2269 3542 2350 3593 15.
2391 3570 2453 3578 —-
2495 3538 2602 3592 Cfr.
2642 3539 2941 3608 Brunengo

627 3621 705 3674 Le
757 3619 972 3688 Origini
1022 3623 1125 3672 etc.
1173 3634 1260 3685 pp.
1309 3620 1375 3669 67
1428 3633 1568 3684 sqq.;
1618 3617 1811 3685 Balan,
1850 3618 2033 3672 Storia
2078 3619 2326 3685 d'Italia,
2369 3618 2492 3672 Vol.
2541 3619 2615 3671 II.
2666 3618 2726 3671 L.
2779 3617 2940 3672 XIII.

628 3717 679 3752 n.
717 3699 892 3766 XIV.;
932 3696 1513 3761 Rohrbacher-Keller,
1553 3697 1616 3750 B.
1655 3696 1751 3749 XI.
1790 3697 1839 3751 S.
1883 3699 1985 3749 176
2022 3696 2078 3750 ff.

806 3776 850 3844 ¹)
887 3777 953 3830 V.
995 3775 1190 3829 Anast.
1230 3775 1287 3829 in
1322 3775 1457 3829 Vita
1502 3776 1801 3830 Zachariae
1846 3776 1912 3830 R.
1950 3776 2013 3829 P.
2067 3776 2237 3844 „Dum
2286 3791 2319 3828 a
2358 3777 2779 3842 praedecessore
2817 3775 2938 3842 eJ‘us

627 3859 821 3912 beatae
864 3855 1157 3910 memoriae
1195 3855 1460 3924 Gregorio
1504 3855 1685 3923 Papa,
1736 3861 1899 3922 atque
1949 3855 2016 3908 ab
2062 3854 2339 3922 Stephano
2389 3856 2655 3921 quondam
2701 3853 2940 3921 patricio

628 3943 684 3991 et
736 3937 895 4001 duce,
955 3934 1044 3988 vel
1092 3934 1238 3988 omni
1288 3934 1530 3989 exercitu
1580 3934 1825 3988 Romano
1883 3934 2200 4003 praedictus
2250 3933 2638 3987 Trasimundus
2688 3933 2940 3988 redditus

625 4031 734 4070 non
770 4013 993 4079 fuisset,
1040 4012 1350 4067 obsessione
1387 4013 1538 4067 facta
1572 4029 1670 4082 pro
1708 4029 1772 4068 eo
1812 4014 1880 4068 ab
1920 4014 2105 4068 eodem
2145 4028 2279 4081 rege
2327 4013 2546 4067 ablatae
2592 4016 2719 4066 sunt
2757 4028 2790 4065 a
2827 4012 2934 4065 Ro-

626 4110 783 4148 mano
823 4095 1020 4148 ducatu
1062 4093 1316 4147 civitates
1355 4098 1610 4159 quatuor,
1659 4092 1715 4146 id
1759 4098 1844 4146 est
1883 4091 2133 4158 Ameria,
2179 4092 2411 4158 HortaS‚
2460 4090 2839 4145 Polimartium
2877 4094 2942 4146 et

625 4171 841 4228 Blera.“
