3270 5028
307 1254 525 1296 Probatur
544 1268 615 1298 ve-

404 1316 524 1360 ritas.

643 424 746 475 114
1165 420 1316 476 XIV.
1353 422 1437 476 De
1474 419 1622 475 civili
1661 422 1728 474 R
1763 421 2045 476 Pontificis
2083 421 2410 490 principatu.

641 564 750 628 alii
808 564 979 627 haud
1041 568 1255 628 actum
1319 565 1752 674 auctoritatiS,
1814 565 1924 628 sed
1987 569 2243 628 tantum
2316 563 2699 628 decisionem
2762 563 2830 627 in
2879 584 2946 627 re

644 659 870 724 morali
931 659 999 723 in
1044 659 1170 724 ista
1222 661 1633 744 responsione
1683 664 2072 744 agnoscunt3
2131 650 2287 723 sunt
2279 648 2752 742 deffiutis‘qui
2799 681 2943 723 cen·

639 761 812 832 sent,
871 755 1270 836 Zachariam,
1325 757 1742 841 responsione
1799 757 2084 839 generali
2129 757 2305 832 data,
2365 757 2751 823 solutionem
2800 778 2947 840 pra-

640 854 868 917 cticam
929 873 1046 962 pro
1109 875 1257 918 casu
1321 854 1622 937 peculiari
1694 853 2073 932 declinasse,
2139 858 2205 917 et
2263 854 2414 936 ipsis
2474 851 2737 918 Francis
2797 853 2946 916 reli-

640 950 883 1033 quisse,
939 950 1049 1032 qui
1096 950 1485 1032 perpendere
1543 949 1898 1026 debebant,
1961 955 2178 1013 utrum
2227 952 2381 1034 jura
2426 948 2944 1033 Merovingorum

639 1045 985 1111 mutationi
1037 1047 1393 1111 obstarent.
1477 1045 1625 1111 Jam
1675 1032 1828 1130 quld
1876 1046 1994 1111 hac
2037 1047 2106 1110 in
2152 1068 2221 1110 re
2267 1046 2602 1111 dicendum
2652 1046 2947 1109 videatur

641 1163 1054 1225 exponamus,

813 1240 916 1304 38.
988 1238 1340 1302 Historiam
1406 1239 1585 1302 illam
1655 1239 2119 1303 admittendam
2187 1241 2449 1304 omnino
2519 1261 2656 1302 esse
2719 1238 2945 1302 statui-

643 1358 812 1412 muS,
873 1357 947 1399 eo
1012 1333 1181 1417 quod
1245 1335 1314 1398 in
1379 1335 1843 1418 antiquissimis
1910 1333 2272 1399 Annalibus
2341 1336 2461 1400 fide
2523 1336 2732 1420 dignis
2793 1358 2946 1400 oon-

639 1433 904 1496 tinetur.
980 1431 1060 1494 In
1106 1429 1480 1496 Annalibus
1510 1429 1889 1513 Eqinharcli
1935 1454 2035 1495 res
2081 1435 2173 1496 ita
2218 1438 2523 1497 narratur
2568 1433 2649 1496 ad
2693 1455 2749 1496 a.
2788 1433 2942 1495 749:

638 1526 1076 1591 Burchardus
1134 1525 1679 1609 Wirceburyensis
1725 1526 2057 1609 episcopus
2114 1531 2176 1591 et
2239 1525 2559 1592 Folradus
2605 1526 2946 1610 presbyter

639 1623 1012 1706 capellanus
1056 1622 1241 1688 missi
1286 1628 1442 1688 sunt
1468 1623 1751 1689 Romam
1798 1624 1884 1689 ad
1929 1623 2328 1689 Zachariam
2368 1644 2629 1706 papam,
2682 1628 2753 1688 ut
2797 1645 2944 1688 con·

637 1719 925 1785 sulerent
969 1719 1349 1800 Pontificem
1395 1720 1470 1785 cle
1515 1740 1715 1785 causa
1760 1741 1987 1804 reyum
2032 1720 2146 1802 qui
2190 1720 2302 1785 illo
2350 1725 2627 1803 tempore
2668 1721 2946 1803 fuerunt

638 1816 713 1881 in
756 1814 1069 1895 Francia,
1108 1816 1231 1898 qui
1276 1837 1508 1882 nomen
1555 1821 1814 1882 tantum
1858 1817 2060 1897 reqis,
2124 1817 2233 1881 sed
2274 1817 2529 1882 nullam
2562 1819 2944 1899 potestatem

637 1912 887 1995 reyiam
942 1911 1340 1993 habuerunt,
1406 1934 1529 1996 per
1582 1933 1743 1995 quos
1783 1913 2164 1995 praedictus
2218 1913 2532 1996 Pontifex
2589 1913 2943 1994 mandavit,

638 2007 871 2073 melius
914 2029 1044 2072 esse
1088 2008 1276 2074 illum
1319 2009 1539 2074 vocari
1595 2030 1832 2091 reyem,
1892 2011 2070 2093 apud
2127 2031 2312 2093 quem
2368 2031 2622 2076 summa
2658 2014 2946 2094 potestas

639 2104 1041 2182 consisteret,
1107 2106 1387 2188 dataque
1448 2106 1837 2172 auctoritate
1896 2127 2019 2172 sua
2077 2107 2285 2190 jussit
2348 2106 2666 2189 Pipinum
2732 2127 2943 2190 reyem

640 2201 963 2266 constitui.
1014 2239 1098 2248 —-
1147 2204 1247 2267 Ad
1294 2227 1349 2268 a.
1404 2205 1560 2268 754:
1622 2202 1995 2286 Stephanus
2038 2224 2250 2287 papa,
2306 2208 2653 2286 postquam
2708 2224 2750 2268 a
2799 2224 2945 2287 reqe

638 2298 879 2380 Pipino
954 2298 1248 2364 ecclesiae
1324 2299 1666 2365 Romanae
1748 2300 2145 2383 defensionis
2226 2301 2603 2380 firmitatem
2685 2300 2943 2382 accepit,

636 2394 854 2477 ipsum
915 2415 1106 2460 sacra
1165 2395 1470 2462 unctione
1531 2396 1618 2461 ad
1680 2396 1897 2480 reyiae
1958 2397 2304 2480 diynitatis
2365 2398 2675 2463 honorem·
2732 2417 2942 2462 conse-

638 2491 865 2571 cravit,
913 2496 974 2557 et
1019 2512 1164 2557 cum
1209 2513 1278 2558 eo
1323 2492 1484 2559 duos
1524 2493 1695 2575 filios
1740 2494 1881 2578 ejus
1917 2492 2219 2570 Carolum
2266 2500 2326 2560 et
2376 2493 2942 2574 Carolomannum,

637 2589 1006 2670 mansitque
1080 2589 1348 2655 hiberno
1418 2596 1697 2673 tempore
1767 2591 1842 2656 in
1905 2591 2215 2657 Francia.
2283 2630 2370 2638 —-
2438 2593 2514 2658 In
2580 2595 2943 2658 Annalibus

639 2686 1161 2752 Laurissensibus
1223 2691 1316 2753 ita
1377 2689 1653 2754 habetur
1715 2690 1790 2752 ad
1857 2712 1914 2753 a.
1983 2691 2132 2753 749:
2203 2689 2639 2753 Burchardus
2711 2688 2941 2755 Wrce-

640 2782 977 2866 buryensis
1022 2782 1354 2866 episcopus
1398 2787 1459 2847 et
1503 2783 1574 2849 F
1566 2784 1833 2850 olraclus
1884 2786 2256 2868 capellanus
2298 2786 2484 2850 missi
2535 2787 2815 2869 fuerunt
2858 2785 2945 2850 ad

638 2878 1035 2944 Zachariam
1082 2879 1364 2961 Papam,
1410 2879 1876 2964 interroyando
1920 2882 1996 2946 cle
2043 2881 2305 2965 reqibus
2348 2881 2422 2949 in
2467 2882 2781 2963 Francia,
2829 2882 2942 2963 qui

634 2975 771 3039 illis
817 2975 1210 3058 temporibus
1254 2996 1383 3041 non
1416 2975 1719 3042 habentes
1757 2978 2006 3062 regiam
2040 2983 2439 3061 potestatem,
2492 2978 2552 3044 si
2584 2978 2735 3044 bene
2770 2978 2940 3061 fuis·

635 3076 746 3147 set,
797 3092 1035 3137 annon.
1124 3073 1218 3136 Et
1257 3071 1625 3138 Zacharias
1670 3074 1859 3157 Papa
1903 3075 2241 3140 mandavit
2282 3074 2543 3157 Pipino,
2591 3081 2667 3141 ut
2711 3075 2942 3141 melius

635 3172 796 3232 esset
838 3167 1026 3233 illum
1072 3189 1282 3251 reqem
1328 3169 1548 3234 vocari
1593 3170 1709 3252 qui
1734 3175 2117 3252 potestatem
2162 3172 2451 3251 haberet,
2513 3192 2708 3254 quam
2752 3171 2941 3237 illum

637 3264 752 3345 qui
789 3264 929 3329 sine
973 3265 1182 3347 reqali
1221 3269 1540 3351 potestate
1583 3268 1902 3348 manebat,
1948 3274 2184 3334 utnon
2217 3269 2719 3335 conturbaretur
2750 3269 2943 3349 ordo,·

624 3380 751 3442 per
821 3360 1276 3427 auctoritatem
1349 3382 1498 3444 erqo
1572 3363 2008 3445 Apostolicam
2068 3365 2278 3475 jussit
2321 3345 2680 3449 Pipiii‘iff
2689 3347 2941 3449 '‘'iie'qffm

633 3451 807 3535 fieri,
864 3460 925 3519 et
987 3462 1249 3522 sanctae
1310 3458 1640 3524 unctionis
1706 3460 1836 3525 oleo
1903 3462 2158 3546 inungi.
2223 3501 2302 3509 —
2368 3463 2454 3528 Et
2515 3465 2595 3528 ad
2656 3487 2713 3528 a.
2782 3464 2938 3528 750·

636 3551 920 3633 Pipinus
981 3553 1331 3620 secundum
1391 3576 1631 3620 morem
1685 3556 2098 3624 Francorum
2154 3560 2385 3625 electus
2442 3564 2536 3624 est
2590 3559 2699 3624 ad.
2728 3580 2940 3642 reyem

637 3651 695 3712 et
752 3652 990 3714 unctus
1039 3671 1164 3733 per
1226 3674 1467 3719 manus
1526 3657 1788 3718 sanctae
1850 3655 2195 3720 memoriae
2241 3656 2583 3739 Bonifacii
2643 3656 2939 3739 episcopi,

635 3748 696 3808 et
760 3744 1043 3834 elevatus
1099 3768 1139 3812 a
1201 3748 1484 3814 Francis
1542 3748 1616 3813 in
1673 3770 1871 3832 reyno
1929 3772 2046 3817 suo
2104 3751 2178 3818 in
2237 3751 2606 3818 Suessionis
2659 3751 2934 3819 civitate.

632 3879 718 3888 --
765 3842 987 3918 Quoad
1046 3851 1346 3930 utrosque
1395 3847 1715 3923 Annales,
1771 3848 2224 3914 Laurissenses
2286 3855 2351 3914 et
2404 3850 2790 3935 Eginhardi‚
2844 3852 2938 3914 ita

634 3940 727 4003 ait
792 3940 1004 4005 Pertz:
1071 3943 1205 4020 „Ut
1268 3945 1470 4029 igitur
1527 3945 1746 4026 paucis
1804 3947 2192 4010 sententiam
2256 3970 2459 4011 meam
2521 3948 2596 4011 de
2661 3952 2936 4031 utroque

632 4058 822 4120 opere
879 4039 1228 4119 absolvam,
1288 4041 1554 4104 annales
1611 4039 2063 4107 Laurissenses
2124 4065 2322 4127 usque
2377 4044 2455 4107 ad
2511 4066 2753 4108 annum
2811 4044 2936 4107 788

629 4134 703 4196 in
763 4137 1149 4201 monasterio
1212 4136 1468 4201 Nazarii
1532 4139 1912 4221 compositos
1973 4140 2199 4204 ultimo
2260 4141 2495 4205 saeculi
2557 4141 2765 4205 octavi
2828 4141 2937 4206 de-
