3270 5028
1049 410 1410 487 Pontificatus
1447 431 1681 487 Joannis
1718 432 1874 486 VIII.
2507 434 2611 485 217

304 574 630 640 decenniis
676 572 1042 639 Normanrri
1087 575 1478 681 irruptiones
1526 560 1817 638 funestas
1862 572 2217 652 faciebant,
2282 595 2356 638 ac
2400 577 2612 638 status

305 671 710 738 ecclesiarum
782 670 962 734 valde
1029 671 1328 735 turbatus
1397 650 1564 746 erat3
1643 671 1713 735 in
1783 669 2129 734 Germania
2202 672 2446 755 pariter
2513 691 2614 734 res

306 769 765 833 ecclesiasticae
811 767 1089 831 multum
1120 767 1624 843 declinaverant,
1674 767 1824 831 dum
1866 768 2142 850 episcopi
2186 767 2614 832 saecularibus

305 866 510 949 magis
567 865 934 940 studerent,
1001 869 1066 928 et
1129 864 1450 947 principes
1488 863 1702 928 ”bellis
1765 868 1989 927 contra
2041 861 2268 929 Slavos
2331 865 2614 948 aliasque

304 963 612 1027 finitimas
656 965 884 1047 gentes
931 960 1397 1026 detinerentur.

483 1129 587 1191 58.
633 1126 924 1191 ‚Ioannes
962 1125 1147 1190 VIII.
1204 1125 1427 1190 multis
1470 1126 1538 1189 in
1594 1125 1914 1210 angustiis
1960 1127 2353 1191 constitutus
2401 1128 2616 1192 animo

305 1247 439 1289 non
502 1223 869 1306 despondit,
931 1221 1041 1287 sed
1104 1245 1180 1287 ea
1246 1245 1375 1306 qua
1436 1223 1646 1306 potuit
1709 1222 2051 1305 prudentia
2119 1246 2219 1288 res
2280 1223 2618 1308 disponere

304 1322 483 1385 nisus
545 1325 662 1384 est.
767 1320 942 1396 Quae
1015 1319 1318 1383 feruntur
1384 1319 1454 1383 in
1521 1340 1666 1382 eum
1736 1322 2173 1384 accusationes
2244 1322 2344 1385 vel
2415 1321 2615 1385 animi

305 1418 497 1482 nimis
541 1416 815 1492 infirmi,
873 1416 973 1479 vel
1018 1415 1204 1479 nimii
1249 1416 1506 1500 rigoriS,
1559 1417 1664 1479 vel
1710 1416 1867 1480 artis
1921 1416 2262 1481 callidioris
2310 1417 2377 1481 in
2426 1418 2614 1481 rebus

305 1513 614 1598 politiciS,
677 1512 950 1578 solidum
1010 1512 1506 1576 fundamentum
1568 1534 1705 1577 non
1743 1512 2039 1587 ‚habent3
2101 1514 2230 1576 imo
2288 1515 2430 1577 laus
2482 1535 2615 1578 non

305 1610 637 1674 mediocris
693 1608 995 1674 Pontifici
1059 1608 1401 1674 tribuenda
1470 1612 1594 1686 est,
1662 1608 1833 1692 quod
1897 1631 2097 1692 quum
2153 1611 2369 1675 onmia
2430 1632 2615 1675 ruere

306 1707 699 1783 viderentur,
770 1707 984 1770 animo
1049 1705 1219 1770 virili
1282 1712 1348 1769 et
1411 1705 1631 1789 vigore
1696 1705 1973 1790 impigro
2033 1706 2222 1771 rebus
2284 1708 2617 1790 providere

306 1809 577 1869 conatus
621 1804 734 1881 sit,
793 1803 1086 1886 quamvis
1133 1802 1535 1866 infructuoso
1593 1803 1830 1883 passim
1880 1803 2112 1867 labore.
2159 1839 2246 1849 —
2293 1802 2393 1868 Ob
2441 1806 2617 1870 varia

305 1900 549 1965 motiva
611 1898 958 1982 eademque
1018 1898 1241 1983 gravia
1304 1896 1625 1961 Ludovico
1683 1896 2064 1962 Germanico
2124 1902 2481 1966 senescenti
2543 1924 2616 1966 ac

305 1997 562 2062 infirmo
635 1997 706 2059 in
774 1995 1203 2073 concedendo
1242 1994 1551 2085 Imperio
1585 1995 1950 2081 praetulitm
1959 1993 2272 2081 Carolum
2297 1996 2614 2079 Calvum,

307 2114 580 2176 eumque
622 2091 722 2155 die
765 2089 1022 2156 Natalis
1070 2090 1329 2155 Domini
1381 2090 1540 2154 anni
1582 2091 1708 2154 875
1756 2091 2000 2156 Romae
2046 2093 2116 2157 in
2156 2091 2614 2177 Imperatorem

306 2189 497 2254 unxit
549 2193 616 2253 et
670 2189 1019 2253 coronavit.
1109 2188 1587 2252 Auctoritatem
1640 2187 1972 2252 Pontificis
2027 2189 2097 2253 in
2153 2189 2448 2274 eligendo
2493 2191 2618 2256 Im-

304 2291 598 2370 peratore
662 2284 782 2351 hac
840 2285 1092 2348 ratione
1152 2283 1439 2348 Joannes
1486 2282 1672 2347 VIII.
1734 2285 2007 2349 solemni
2067 2287 2253 2350 modo
2311 2289 2616 2355 ostendit.

306 2383 696 2448 Imminutus
752 2381 947 2445 etiam
1003 2384 1100 2445 est
1153 2379 1433 2444 influxus
1479 2379 1893 2467 Imperatoris
1949 2381 2018 2445 in
2075 2403 2179 2446 res
2225 2383 2441 2449 civiles
2489 2384 2617 2450 Ro-

306 2501 666 2558 manorum,
713 2481 778 2543 et
814 2479 969 2564 jura
1014 2475 1347 2543 Pontificis
1395 2476 1653 2542 firmata
1698 2482 1872 2543 sunt.

2654 1979 2837 2020 Carolus
2866 1980 2938 2021 ΙΙ.

2731 2042 2842 2094 Imp.

486 2649 589 2712 59.
655 2646 913 2731 Optime
970 2647 1270 2730 sperabat
1321 2646 1398 2710 de
1455 2645 1683 2711 Carolo
1733 2644 2129 2729 Imperatore
2174 2646 2491 2727 Joannes,
2555 2652 2622 2713 et

305 2744 749 2810 indesinenter
806 2766 952 2808 eum
1011 2743 1345 2822 excitavit,
1405 2748 1480 2807 ut
1534 2742 1792 2821 Italiae,
1849 2744 2031 2828 cnjus
2087 2764 2199 2807 rex
2253 2744 2446 2807 etiam
2497 2746 2618 2809 ele-

306 2845 446 2906 ctus
502 2840 662 2919 fuit,
727 2846 795 2905 et
852 2840 1180 2905 Ecclesiae
1236 2861 1421 2923 opem
1478 2840 1681 2903 ferret
1735 2845 1961 2904 contra
2021 2838 2391 2905 Saracenos,
2498 2840 2620 2905 Sed

308 2937 537 3002 Carolo
601 2937 682 3001 ad
735 2959 836 3002 res
892 2957 1161 3021 magnas
1229 2936 1542 3020 gerendas
1603 2956 1724 2999 nec
1783 2934 2019 2998 mentis
2080 2936 2440 3019 ingenium,
2503 2959 2622 3001 nec

308 3034 512 3099 cordis
581 3034 806 3112 robur,
877 3055 999 3098 nec
1066 3033 1239 3097 vitae
1291 3032 1518 3097 vadfuit
1555 3037 1858 3114 tempus.
1972 3030 2180 3107 Quum
2247 3054 2421 3096 anno
2493 3033 2618 3096 877

306 3130 538 3196 cedens
583 3130 857 3195 Joannis
907 3127 1092 3194 VIII.
1148 3129 1584 3207 adhortationi
1639 3128 1764 3192 iter
1822 3127 1892 3191 in
1940 3127 2200 3191 Italiam
2243 3129 2625 3212 suscepisset

308 3234 375 3292 et
451 3250 596 3292 cum
666 3227 978 3291 Pontifice
1050 3226 1488 3303 convenisset,
1568 3247 1716 3290 mox
1792 3223 2074 3304 infectis,
2127 3225 2346 3304 rebus,
2424 3248 2619 3309 quum

307 3324 548 3389 bellum
605 3328 829 3387 contra
883 3344 1030 3387 eum
1089 3345 1125 3385 a
1184 3320 1660 3386 Carolomanno
1716 3320 2024 3385 Ludovici
2069 3320 2437 3386 Germanici
2489 3322 2621 3386 filio

310 3424 674 3504 pararetur,
737 3419 1056 3503 discessit;
1130 3423 1195 3482 et
1258 3417 1325 3480 in
1388 3417 1668 3482 Galliam
1732 3417 1982 3481 rediens
2048 3417 2271 3482 morbo
2339 3418 2624 3482 violento

311 3520 669 3600 correptus,
730 3537 926 3600 prope
986 3515 1178 3598 Alpes
1240 3515 1309 3578 in
1383 3515 1522 3580 loco
1582 3516 1692 3599 qui
1738 3513 1923 3596 Brias
1987 3513 2320 3579 dicebatur
2380 3514 2625 3578 exstin-

309 3619 451 3678 ctus
499 3616 615 3679 est.
716 3611 1063 3695 Imperium
1109 3611 1258 3675 dein
1307 3612 1556 3675 vacavit
1608 3632 1811 3695 usque
1859 3611 1938 3675 ad
1976 3633 2033 3675 a.
2083 3611 2241 3692 881;
2301 3612 2368 3674 in
2417 3610 2620 3674 Fran-

311 3710 409 3775 cia
448 3709 751 3775 successit
795 3708 1023 3773 Carolo
1068 3708 1264 3773 Calvo
1315 3709 1453 3792 ejus
1497 3708 1667 3771 filius
1716 3707 2073 3772 Ludovicus
2121 3705 2387 3786 Balbus;
2448 3706 2621 3770 Lon-

310 3805 683 3916 gobardiam
729 3810 943 3870 autem
990 3805 1321 3888 occupavit
1352 3785 1880 3883 CarolomannuS,
1928 3804 2097 3867 filius
2132 3797 2446 3869 Ludovici
2469 3802 2621 3867 Ger-

314 3903 567 3967 manici.

491 4053 595 4118 60.
654 4050 920 4115 Interim
984 4050 1273 4116 ‚Ioannes
1320 4048 1502 4114 VIII.
1574 4070 1840 4133 magnas
1908 4047 2139 4113 habuit
2206 4034 2623 4113 difficultates

312 4170 417 4212 ex1
480 4147 868 4213 factionibus
951 4169 1285 4231 procerum
1377 4147 1819 4218 Romanorum
1907 4146 2305 4228 aliorumque
2394 4143 2628 4207 Italiae
