3270 5028
461 1522 526 1560 N

1939 245 1954 289 l

665 443 767 495 150
1187 441 1335 495 XIV.
1375 441 1460 495 De
1497 441 1649 496 civili
1684 442 1749 495 R.
1787 441 2073 496 Pontificis
2111 441 2435 511 principatu.

660 582 971 647 continua
1025 583 1307 665 pericula
1371 583 1677 648 Romanis
1732 584 2101 661 imminere,
2163 605 2284 648 nec
2335 585 2565 649 Italiae
2619 585 2761 667 paci
2821 606 2970 666 pro·

659 680 862 743 videri
939 679 1281 744 efficaciter
1354 702 1565 763 posse,
1638 681 1769 744 nisi
1842 680 2055 764 gentis
2129 680 2301 745 illius
2377 702 2607 745 exosae
2680 684 2970 763 potestas

661 777 1000 841 admodum
1056 777 1585 860 restringeretur:
1658 776 1945 859 apprime
2002 777 2422 861 intelligitur,
2487 776 2794 860 Pipinum
2856 777 2971 842 ha-

659 874 798 938 bita
856 894 1000 936 cum
1060 871 1392 955 Stephano
1452 873 1912 937 deliberatione
1974 896 2031 936 a.
2094 874 2223 936 754
2295 874 2756 956 amplissimum
2814 895 2968 938 con-

657 971 872 1035 silium
949 970 1184 1033 iniisse.
1305 969 1597 1033 Intendit
1662 969 1987 1047 videlicet,
2062 969 2593 1053 quemadmodum
2658 973 2793 1054 jam
2862 971 2967 1034 in-

614 1058 943 1171 xnuimuffi
988 1069 1062 1128 ut
1111 1064 1575 1149 Longobardos
1623 1069 1978 1130 coarctaret
2022 1065 2104 1128 ad
2151 1087 2255 1130 eas
2295 1066 2749 1148 possessioneS,
2806 1089 2967 1150 quas

658 1162 979 1227 Alboinus
1048 1162 1119 1225 in
1173 1158 1368 1226 Italia
1427 1163 1738 1245 superiori
1801 1162 1922 1226 sibi
1988 1163 2441 1245 acquisiverat,
2506 1164 2753 1246 reliqua
2813 1185 2965 1228 vero

657 1259 987 1323 territoria
1034 1280 1194 1341 quae
1243 1281 1280 1322 a
1321 1257 1769 1343 Longobardis
1816 1259 2127 1342 paulatim
2175 1258 2436 1324 Graecis
2491 1256 2709 1342 erepta
2756 1263 2964 1335 erant,

655 1357 759 1421 vel
807 1376 973 1439 quae
1021 1356 1259 1439 rejecta
1305 1354 1773 1438 Imperatorum
1817 1355 2349 1420 iconoclastarum
2392 1357 2769 1438 tyrannide,
2825 1359 2964 1440 Jam

533 1498 537 1505 ·
656 1451 991 1516 Pontificis
1056 1451 1288 1515 ditioni
1349 1473 1415 1514 se
1473 1452 1862 1536 junxerant,
1927 1453 2044 1516 sub
2109 1452 2392 1517 dominio
2448 1453 2817 1516 immediato
2862 1454 2966 1516 vel

656 1548 934 1612 mediato
996 1547 1273 1611 Romani
1337 1547 1668 1612 Pontificis
1732 1550 2172 1613 constitueret.
2242 1585 2326 1594 —-
2401 1549 2614 1614 Pauca
2677 1550 2961 1614 dicamus

656 1646 734 1709 de
784 1645 1031 1729 aliquot
1086 1645 1457 1724 territoriis,
1517 1666 1792 1727 quorum
1851 1647 2096 1709 mentio
2153 1638 2460 1730 majorem
2516 1669 2739 1729 parare
2784 1647 2962 1711 vide-

654 1750 763 1805 tur
830 1741 1298 1805 difficultatem.
1408 1739 1688 1805 Nomine
1751 1740 2025 1806 ducatus
2097 1741 2511 1806 Venetiarum
2571 1743 2965 1827 intelligitur

656 1838 1055 1902 territorium
1113 1836 1537 1901 Venetiarum
1604 1838 1675 1900 in
1742 1842 1917 1903 terra
1982 1840 2383 1917 continente,
2446 1863 2609 1924 quae
2674 1841 2794 1903 sub
2852 1840 2958 1904 do·

656 1935 855 1998 minio
917 1933 1492 2016 Longobardorum
1558 1939 1714 1998 erat.
1779 1971 1865 1980 —
1929 1933 2173 1999 Istriae
2234 1936 2482 2000 incolae
2535 1939 2671 2020 jam
2726 1935 2961 2000 dudum

656 2035 881 2095 contra
948 2029 1376 2113 Imperatores
1445 2032 1869 2097 iconoclastas
1936 2037 2298 2117 surgenteS‚
2364 2032 2691 2097 Pontificis
2758 2037 2962 2116 prote-

650 2128 927 2192 ctionem
996 2128 1421 2209 expetierant.
1542 2128 2028 2192 Advertendum
2094 2152 2241 2194 vero
2317 2133 2444 2206 est,
2523 2152 2596 2194 eo
2672 2135 2960 2212 tempore

654 2223 1045 2305 Eutychium
1111 2224 1478 2301 exarchum,
1543 2246 1739 2307 quum
1806 2248 1859 2288 a.
1926 2225 2046 2288 751
2115 2225 2429 2289 Ravenna
2492 2249 2529 2288 a
2592 2225 2960 2310 Longobar·

653 2321 749 2383 dis
795 2325 983 2404 capta
1030 2325 1226 2402 esset,
1277 2342 1422 2384 mox
1478 2323 1556 2385 ad
1603 2320 2174 2404 Longobardorum
2217 2325 2431 2403 partes
2476 2323 2837 2400 transiisse,
2895 2328 2960 2386 et

654 2417 776 2481 sub
835 2417 1229 2500 protectione
1282 2439 1659 2501 summoque
1717 2417 2000 2481 dominio
2056 2416 2653 2501 Longobardorum,
2719 2421 2958 2503 princi-

652 2517 878 2597 patum
923 2514 1044 2578 sibi
1090 2513 1441 2578 vindicasse
1486 2516 1556 2577 in
1604 2514 1889 2591 Istriam,
1940 2513 2347 2593 Faventiam,
2406 2520 2471 2579 et
2517 2513 2959 2599 Ferrariam.¹)

653 2609 842 2674 Unde
905 2616 971 2674 et
1029 2610 1193 2674 istae
1252 2611 1545 2694 regiones
1605 2604 1723 2675 sub
1786 2615 2105 2694 potestate
2164 2611 2443 2675 mediata
2497 2612 2957 2697 Longobardo-

650 2729 793 2771 rum
864 2708 1280 2773 tenebantur.
1349 2743 1436 2751 -
1504 2705 1811 2771 Ducatus
1879 2705 2269 2789 Spoletanus
2335 2712 2396 2771 et
2456 2708 2959 2774 Beneventanus

651 2828 689 2868 a
747 2805 1013 2869 ducibus
1082 2803 1510 2886 regebantur,
1584 2806 1696 2887 qui
1758 2804 2096 2869 feudatarii
2167 2809 2353 2868 erant
2424 2828 2648 2891 regum
2711 2806 2957 2889 Longo-

649 2901 1022 2983 bardorum3
1095 2900 1206 2964 sed
1263 2901 1401 2983 jam
1464 2905 1689 2979 antea,
1753 2908 1830 2964 ut
1898 2906 2124 2965 contra
2169 2902 2507 2966 violentias
2572 2903 2956 2985 Luitprandi

651 3004 718 3062 et
762 2997 1095 3081 Aistulphi
1140 3019 1206 3060 se
1253 3002 1620 3074 tuerentur,
1687 2998 2036 3080 amicitiam
2094 3003 2158 3064 et
2209 2998 2468 3063 foedera
2525 3021 2667 3063 cum
2719 3000 2953 3063 Roma-

647 3096 750 3160 nis
795 3094 1218 3159 Pontificibus
1272 3094 1576 3158 inierant.
1668 3092 2064 3158 Intendebat
2118 3095 2315 3178 igitur
2373 3095 2671 3178 Pipinus,
2729 3099 2804 3158 ut
2852 3096 2955 3158 de-

646 3196 894 3257 structa
949 3213 1175 3276 regum
1224 3190 1788 3273 Longobardorum
1844 3191 2281 3255 dominatione
2335 3192 2406 3255 in
2458 3193 2584 3255 illis
2641 3193 2951 3276 partibuS,

648 3288 838 3352 duces
901 3289 996 3352 illi
1042 3288 1262 3370 Vffiflllj
1318 3289 1551 3351 fierent
1608 3287 1888 3351 Romani
1936 3287 2282 3352 PontificiS.
2343 3323 2428 3333 --
2486 3289 2702 3365 Qualis
2757 3290 2954 3353 fuerit

650 3385 934 3449 conditio
998 3382 1292 3448 Corsi-cae
1346 3385 1623 3461 insulae,
1685 3406 1817 3449 non
1877 3385 2042 3448 clare
2101 3385 2323 3469 liquet.
2429 3384 2725 3449 Fortasse
2778 3387 2953 3451 dere-

645 3482 798 3545 licta
859 3503 897 3543 a
945 3480 1202 3544 Graecis
1264 3484 1328 3542 et
1387 3478 1762 3543 Maurorum
1817 3481 2181 3544 incursione
2242 3481 2574 3558 infestata,
2639 3482 2794 3547 haec
2856 3482 2952 3545 in-

648 3578 791 3641 sula
854 3577 1239 3640 Pontificum
1304 3576 1762 3658 protectionem
1830 3577 2201 3660 expetierat.
2218 3573 2268 3655 2)
2387 3578 2722 3643 Caeterum
2782 3580 2951 3644 hanc

825 3776 864 3844 ¹)
901 3778 968 3832 V.
1007 3776 1169 3844 Sybel
1204 3776 1240 3829 l.
1281 3792 1324 3829 c.
1365 3792 1414 3843 p.
1453 3776 1536 3829 50.

823 3855 864 3924 2)
901 3855 986 3909 Ad
1023 3871 1139 3910 rem
1174 3855 1373 3908 Balan:
1416 3855 1494 3923 „E
1525 3855 1668 3909 forse
1705 3855 1760 3907 la
1796 3854 2017 3908 Corsica
2055 3860 2232 3909 stessa
2269 3856 2328 3909 fu
2356 3856 2628 3925 aggiunta
2666 3858 2782 3927 agli
2820 3858 2950 3911 altri

645 3933 800 4002 paesi
835 3935 1052 4002 perche,
1091 3934 1468 3988 abbandonata
1506 3934 1594 3988 dai
1633 3933 1819 3998 Greci,
1870 3948 2025 3987 corsa
2061 3933 2150 3987 dai
2186 3934 2467 4001 Saraceni,
2513 3940 2644 3989 avra
2681 3936 2948 3992 richiesto

644 4014 701 4067 la
735 4012 1052 4080 protezione
1088 4012 1395 4080 pontificia,
1443 4015 1512 4067 ne
1555 4013 1613 4066 in
1664 4018 1825 4066 tanta
1860 4028 2158 4066 maneanza
2203 4014 2259 4066 di
2305 4015 2610 4069 documenti
2662 4018 2690 4069 e
2735 4017 2948 4071 vietato

645 4094 865 4147 credere
921 4093 1018 4146 che
1072 4108 1195 4146 essa
1248 4108 1380 4161 pure
1429 4093 1481 4145 ai
1532 4092 1703 4160 tempi
1753 4092 1838 4146 del
1877 4091 2120 4145 Isaurico
2170 4092 2216 4146 si
2263 4093 2408 4147 fosse
2457 4093 2597 4147 tolta
2646 4094 2694 4148 a'
2734 4094 2945 4163 Greci.“

644 4170 824 4226 Storia
861 4172 1098 4238 d’Italia,
1136 4171 1198 4227 V.
1240 4172 1315 4225 II.
1354 4172 1418 4225 L.
1455 4172 1610 4225 ΧΠΙ.
1649 4188 1701 4224 n.
1738 4170 1939 4224 XXVI.
