3270 5028
645 428 750 478 260
993 425 1139 478 XVI.
1181 424 1387 480 Causae
1426 425 1664 480 celebres
1704 431 1761 480 et
1798 424 2114 478 Decretales
2152 420 2607 477 Pseudo-Isidori.

646 567 981 650 sponsoria
1025 542 1307 649 Damasi,
1352 589 1515 650 quae
1562 571 1708 650 post
1755 565 2221 649 praefationem
2269 565 2350 629 ab
2396 568 2656 629 auctore
2703 585 2960 647 ponun-

647 670 783 741 tur,
846 663 1211 746 suppositae
1272 668 1442 728 sunt.
1502 699 1587 708 -—
1652 661 1881 726 Altera
1939 681 2106 744 pars
2169 661 2615 744 complectitur
2668 659 2961 725 Concilia

648 783 685 824 a
732 759 1018 824 Nicaeno
1073 781 1272 844 usque
1327 760 1404 823 ad
1452 759 1835 844 Hispalense
1881 758 1963 823 Π.
2024 755 2108 843 (a.
2152 755 2341 841 619);
2398 758 2614 840 paucis
2673 756 2961 840 exceptis

647 857 801 921 haec
860 856 1270 920 habebantur
1332 857 1527 921 etiam
1589 860 1660 920 in
1721 857 2039 940 prioribus
2084 854 2598 920 CollectionibuS.
2660 889 2748 898 —
2802 851 2958 917 Ter-

648 952 810 1017 tiam
861 955 1120 1034 partem
1177 957 1397 1018 auctor
1458 955 1818 1037 composuit
1875 977 1951 1019 ex
2013 951 2458 1017 Decretalibus
2513 951 2960 1016 Romanorum

649 1050 1026 1114 Pontificum
1069 1072 1106 1113 a
1140 1048 1447 1115 Silvestro
1496 1050 1576 1114 ad
1624 1049 2005 1135 Gregorium
2035 1049 2112 1126 L,
2159 1049 2423 1134 adjectis
2472 1047 2762 1113 Decretis
2808 1047 2959 1131 qui·

646 1147 915 1211 busdam
985 1145 1276 1231 Gregorii
1324 1146 1436 1222 11.;
1509 1149 1577 1211 in
1647 1148 1746 1212 his
1815 1149 2138 1212 habentur
2201 1145 2632 1231 quadraginta
2700 1145 2961 1209 circiter

646 1244 1027 1307 documenta
1073 1243 1152 1306 ab
1199 1244 1340 1326 ipso
1388 1244 1664 1327 primum
1704 1246 1954 1328 prolata
2013 1249 2077 1309 et
2138 1247 2486 1327 supposita.
2536 1279 2617 1288 --
2662 1241 2963 1307 Sufficiat

646 1340 925 1404 breviter
971 1339 1367 1416 observasse,
1420 1346 1677 1423 praeter
1726 1345 2258 1406 commemoratas
2308 1342 2660 1407 Clementis
2718 1339 2960 1423 episto-

649 1438 741 1500 las
813 1438 1006 1499 etiam
1065 1435 1191 1499 alia
1251 1436 1563 1521 quaedam
1635 1460 1714 1501 ex
1775 1438 2175 1503 documentis
2239 1439 2617 1524 apocryphis
2677 1438 2744 1501 in
2809 1440 2964 1499 tota

647 1533 1037 1598 Collectione
1083 1534 1406 1603 contentis
1447 1535 1584 1618 jam
1626 1539 1821 1599 antea
1866 1540 2021 1601 nota
2066 1536 2282 1613 fuisse,
2327 1538 2421 1601 uti
2469 1559 2521 1601 e.
2570 1557 2629 1621 g.
2676 1554 2964 1599 canones

648 1629 1126 1713 Apostolorum.

821 1769 925 1833 47.
973 1766 1281 1832 Collectio
1327 1769 1504 1850 haec,
1551 1771 1649 1834 uti
1685 1772 1821 1855 jam
1869 1771 2163 1852 diximus,
2211 1774 2396 1838 valde
2441 1765 2792 1857 propagata
2837 1772 2961 1846 est,

629 1873 714 1939 ,et
760 1868 949 1949 vulgo
1018 1864 1337 1947 adscripta
1416 1864 1480 1930 S.
1544 1866 1787 1931 Isidoro
1841 1866 2231 1952 Hispalensi.
2352 1870 2670 1935 Paulatim
2738 1876 2961 1931 autem

647 1962 806 2027 alias
872 1962 1291 2027 collectiones
1360 1963 1734 2028 celebritate
1804 1964 1987 2042 vicit,
2058 1971 2124 2030 et
2190 1972 2440 2032 tantam
2507 1966 2673 2050 apud
2730 1984 2962 2029 omnes

648 2063 988 2126 consecuta
1057 2064 1153 2122 est
1222 2060 1701 2138 auctoritatem,
1775 2066 1849 2124 ut
1919 2085 2036 2146 per
2094 2065 2280 2148 plura
2347 2065 2599 2129 saecula
2667 2059 2963 2141 theologi

647 2179 895 2235 omneS,
957 2155 1328 2220 canonistae
1387 2161 1452 2220 et
1509 2159 1776 2225 concilia
1836 2160 1973 2245 ipsa
2030 2161 2399 2228 Decretales
2456 2161 2708 2243 aliaque
2766 2157 2964 2221 docu-

647 2256 867 2318 menta
940 2250 1134 2335 hujus
1200 2250 1607 2321 Collectionis
1684 2258 2053 2335 citaverint,
2133 2259 2285 2341 quin
2356 2257 2525 2321 ullus
2593 2276 2809 2319 eorum
2882 2272 2965 2314 ea

375 2368 488 2398 ausa
520 2356 563 2397 ¹¹1
587 2369 625 2397 ²¹·
649 2349 1008 2434 apocrypha
1081 2368 1218 2411 esse
1292 2359 1701 2435 supponeret.
1820 2355 2002 2420 Circa
2076 2354 2346 2419 medium
2424 2354 2743 2417 saeculum
2809 2348 2960 2414 XV.

646 2447 920 2533 primum
988 2443 1290 2510 Nicolaus
1365 2450 1657 2520 Cusanus
1731 2450 1949 2529 Ca1·d.,
2029 2451 2155 2534 (De
2234 2449 2565 2516 concordia
2641 2448 2965 2516 catholica

647 2546 719 2614 L.
769 2544 888 2608 III.
939 2566 990 2609 c.
1039 2546 1130 2629 2),
1187 2549 1547 2632 suppositas
1602 2567 1741 2612 esse
1787 2545 2157 2613 Decretales
2203 2548 2431 2612 Isidori
2488 2549 2844 2633 praesensit
2890 2551 2962 2611 et

646 2633 971 2706 indicavit.
1062 2644 1340 2709 Saeculis
1387 2645 1533 2708 dein
1579 2646 1998 2728 sequentibus
2044 2647 2258 2729 plures
2305 2650 2593 2711 auctores
2638 2645 2961 2720 catholici,

646 2738 743 2801 uti
800 2739 1051 2804 saeculo
1097 2740 1276 2805 XVI.
1345 2742 1667 2806 Antonius
1731 2741 1821 2806 Le
1870 2741 2099 2806 Cointe
2153 2744 2685 2827 jurisconsultuS,
2747 2741 2961 2805 Anto-

647 2833 793 2897 nius
848 2833 1255 2920 Augustinus
1313 2838 1828 2922 archiepiscopus
1876 2838 2368 2926 Taraconensis‚
2429 2840 2682 2904 saeculo
2735 2838 2959 2903 XVII.

652 2931 886 2995 Petrus
932 2932 1009 2997 de
1054 2934 1299 3012 Marca,
1358 2934 1770 3023 Christianus·
1808 2935 2056 3019 Lupus,
2106 2920 2568 3012 S'chelstraete,
2628 2936 2960 3001 Antonius

647 3026 840 3111 Pagi,
902 3028 1155 3095 Natalis
1204 3032 1602 3111 Alexander,
1666 3032 2084 3097 ostenderunt
2143 3034 2650 3117 suppositionem
2696 3033 2959 3097 illorum

646 3123 1204 3204 documentorum3
1264 3128 1562 3213 idemque
1610 3129 1934 3193 virulento
1997 3132 2212 3194 animo
2273 3131 2734 3213 praestiterunt
2791 3151 2959 3194 com·

648 3221 858 3302 plures
903 3221 1305 3303 heterodoxi,
1352 3225 1526 3289 inter
1571 3246 1728 3308 quos
1775 3226 2066 3290 citandus
2110 3232 2207 3291 est
2254 3225 2624 3292 Blondellus
2672 3227 2739 3290 in
2786 3225 2956 3289 libro

646 3317 758 3399 qui
802 3317 1148 3402 inscriptus
1196 3326 1320 3385 est:
1379 3318 1965 3387 Pseudo-Isidorus
2017 3325 2094 3385 et.
2131 3322 2507 3388 Turriamcs
2552 3321 2955 3405 vapulante&

649 3411 1021 3478 Franciscus
1090 3416 1445 3481 Turrianus
1501 3418 1562 3482 S.
1626 3417 1689 3484 J.
1762 3418 2057 3483 videlicet
2110 3422 2579 3503 genuinitatem
2656 3420 2959 3484 Decreta·

552 3540 562 3550 ·
648 3510 803 3573 lium
844 3511 1112 3576 istarum
1172 3518 1395 3578 contra
1442 3514 1921 3579 Centuriatores
1969 3515 2549 3601 Magdeburgenses
2608 3516 2957 3580 defendere

647 3613 1028 3690 susceperat.
1147 3610 1324 3674 Idem
1395 3616 1616 3694 postea
1690 3619 2014 3694 praestare
2092 3618 2360 3701 conatus
2430 3620 2526 3678 est
2595 3613 2956 3678 Cardinalis

646 3701 966 3785 <Iosephus
1021 3704 1226 3769 Saenz
1282 3707 1359 3771 de
1416 3708 1727 3791 Aguirre,
1787 3709 1897 3792 qui
1948 3709 2016 3773 in
2072 3709 2461 3775 Collectione
2519 3709 2955 3775 Conciliorum

648 3798 1000 3882 Hispaniae
1038 3800 1112 3867 T.
1158 3803 1209 3867 Ι.
1269 3805 1480 3886 plures
1534 3804 1825 3869 instituit
1873 3806 2374 3871 Dissertationes
2432 3808 2509 3871 de
2562 3807 2955 3872 Collectione

645 3893 891 3960 Isidori.
985 3896 1291 3963 Admittit
1341 3904 1587 3977 tamen,
1647 3900 2018 3966 Decretales
2067 3903 2210 3967 illas
2243 3926 2393 3968 esse
2438 3906 2879 3988 interpolatas,
2901 3901 2956 3987 1)

829 4147 866 4210 ¹)
902 4153 967 4207 V.
1009 4151 1271 4206 Wouters
1312 4153 1604 4211 Dissertat.
1647 4158 1708 4211 Τ.
1747 4158 1850 4211 III.
1889 4159 2123 4213 Dissert.
2163 4159 2392 4213 XXVII.
2431 4178 2481 4216 n.
2512 4161 2575 4214 V.
