3270 5028
653 357 775 429 ‘282
1011 376 1158 428 XVI.
1199 374 1406 429 Causae
1445 375 1685 429 celebres
1723 380 1780 428 et
1817 374 2136 430 Decretales
2173 375 2632 431 Pseudo-Isidori.

664 516 813 582 telis
887 517 1233 582 concedens
1304 519 1635 601 supponit,
1711 518 1853 600 ipso
1921 520 2300 601 aegrotante
2375 517 2444 580 in
2506 517 2739 582 litteris
2803 518 2978 593 forte

661 614 979 698 quaedam
1035 614 1243 677 minus
1308 634 1588 697 congrue
1651 614 1851 695 dicta,
1926 615 2028 677 vel
2094 613 2288 678 etiam
2352 635 2390 676 a
2421 613 2435 664 ἔ
2454 616 2757 698 scriptore
2820 635 2979 677 con-

664 713 815 776 ficta
870 732 1008 775 esse
1070 731 1270 794 posse.
1373 708 1710 774 Hincmari
1769 710 1968 775 citata
2024 710 2092 773 in
2153 709 2426 793 epistola
2483 710 2693 775 Caroli
2753 730 2980 775 revera

664 830 799 873 non
854 808 1245 890 respondent
1293 806 1532 883 verbis,
1590 829 1750 890 quae
1808 807 1880 869 in
1936 806 2206 889 epistola
2257 805 2571 871 Hadriani
2632 806 2815 872 modo
2872 805 2980 869 ha-

584 922 587 925 ’
668 904 933 986 bentur;
988 903 1099 966 sed
1141 902 1488 986 probabile
1519 906 1638 980 est,
1683 901 2103 967 Hincmarum
2150 903 2218 966 in
2267 904 2435 966 irata
2480 926 2594 968 sua
2635 924 2975 988 argumen—

376 1420 599 1463 Hincmari

359 1483 597 1525 sententia.

355 2559 600 2614 Opiniones

404 2629 567 2672 variae.

663 1000 910 1065 tatione
973 1000 1308 1065 Pontificis
1382 999 1576 1063 verba
1650 1000 1861 1082 potins
1922 999 2218 1063 retulisse
2280 1000 2488 1083 quoad
2547 1022 2834 1077 sensum,
2915 1003 2978 1061 et

665 1118 777 1179 pro
824 1118 1013 1181 scopo
1057 1118 1205 1172 suo,
1264 1118 1429 1179 quae
1476 1095 1847 1160 Hadrianus
1901 1094 2226 1160 moderate
2271 1097 2550 1179 scripsit,
2611 1096 2977 1162 exhibuisse

664 1195 737 1255 ut
790 1193 1095 1257 mandata
1150 1194 1605 1276 peremptoria,
1665 1214 1829 1276 quae
1886 1192 2391 1256 dominationem
2446 1193 2593 1257 stilo
2650 1214 2764 1257 suo
2823 1214 2976 1276 prae

664 1310 731 1353 se
778 1289 1087 1353 ferebant.
2520 1292 2524 1296 ’

839 1418 1155 1483 Omnibus
1202 1418 1618 1483 consideratis
1666 1420 1864 1503 igitur
1901 1416 2253 1501 censemuS,
2298 1437 2429 1483 non
2479 1440 2661 1501 posse
2694 1440 2772 1487 ex
2819 1419 2974 1483 scri-

661 1516 790 1598 ptis
850 1515 1186 1580 Hincmari
1248 1514 1627 1579 Rhemensis
1690 1516 1932 1599 colligi,
1988 1519 2311 1599 suspectas
2369 1516 2426 1579 ei
2484 1515 2679 1578 fuisse
2736 1515 2977 1579 Decre-

661 1614 823 1676 tales
872 1612 1101 1677 Isidori
1148 1619 1222 1676 ut
1249 1641 1257 1649 ·
1285 1614 1562 1696 spuriae,
1624 1612 1738 1677 sed
1800 1635 1876 1677 ex
1938 1612 2160 1675 iisdem
2220 1612 2550 1695 consequi,
2613 1614 2821 1695 ipsum
2871 1634 2974 1675 eas

660 1708 956 1773 habuisse
1019 1715 1093 1773 ut
1139 1710 1519 1774 documenta
1580 1710 1893 1793 genuina,
1957 1730 2119 1793 quae
2180 1712 2402 1773 tamen
2464 1730 2595 1780 non
2656 1709 2974 1773 haberent

660 1806 1111 1870 anctoritatem
1154 1807 1521 1871 canonicam
1569 1806 1787 1889 legum
1837 1802 2484 1889 ecclesiasticarum.¹)

1748 2166 1879 2240 ΙΙΙ.

798 2279 925 2343 De
967 2277 1309 2358 influoeu
1355 2278 1937 2342 Decretalium
1985 2278 2353 2343 Pseudo·
2368 2279 2690 2342 Isidore·
2734 2279 2838 2342 iu

1292 2374 1846 2453 disciplcnam
1892 2374 2333 2440 Ecclesiae.

838 2549 938 2612 71.
1009 2534 1239 2612 Restat
1300 2546 1702 2612 discutienda
1762 2570 1839 2611 ea
1911 2547 2231 2631 quaestiO,
2303 2552 2522 2612 utrum
2582 2569 2801 2612 verum
2868 2548 2969 2624 sit,

662 2644 993 2710 Nicolaum
1047 2643 1101 2708 I.
1174 2645 1437 2730 ejusque
1497 2665 1922 2709 successorem
1981 2643 2384 2708 Hadrianum
2445 2643 2527 2710 Π.
2593 2645 2767 2708 omni
2845 2666 2970 2728 quo
3026 2726 3033 2734 ι

658 2743 1000 2826 potuerint
1076 2740 1260 2806 modo
1337 2740 1694 2805 obtrusisse
1774 2741 2020 2805 coaevis
2099 2738 2775 2813 Pseudo-Decretales
2862 2741 2972 2804 Isi·

657 2839 824 2920 dori,
881 2843 955 2903 ut
1010 2838 1251 2902 abolita
1309 2837 1579 2920 antiqua
1626 2837 1949 2902 Ecclesiae
2005 2837 2340 2920 disciplina
2390 2836 2564 2901 aliud
2615 2838 2724 2922 jus
2768 2839 2969 2902 ‚eccle-

656 2935 987 3001 siasticum
1047 2932 1451 3010 inducerent,
1519 2938 1715 3017 atque
1782 2933 1877 2998 ita
1940 2934 2390 2998 auctoritatem
2446 2932 2630 3000 Sedis
2689 2934 2970 3018 Aposto-

656 3033 814 3098 licae
892 3033 1375 3115 amplificarent.
1497 3029 1680 3093 Talia
1749 3052 1786 3094 a
1854 3029 2114 3094 Balutio
2193 3031 2392 3095 asseri
2460 3033 2596 3115 jam
2673 3031 2970 3111 diximuS,

651 3129 999 3213 eademque
1065 3151 1102 3191 a
1156 3127 1347 3192 variis
1410 3126 1775 3191 auctoribus
1839 3118 2129 3210 repetita*
2170 3125 2429 3205 fuere.²)
2506 3148 2511 3152 ·
2553 3125 2721 3212 Sunt
2775 3149 2968 3210 porro

651 3226 765 3309 qui
825 3230 1134 3289 excusant
1190 3223 1442 3308 quidem
1500 3221 1868 3302 Nicolaum,
1935 3230 2009 3288 eo
2074 3224 2244 3306 quod
2305 3225 2494 3288 etiam
2553 3224 2690 3307 ipse
2732 3221 2968 3289 Isidori

654 3321 1029 3386 Mercatoris
1098 3319 1487 3385 Collectione
1552 3318 1858 3403 deceptus
1922 3320 2032 3397 sit,
2108 3320 2513 3385 contendunt
2580 3310 2801 3385 tamen
2871 3343 2965 3384 re-

655 3440 806 3482 vera
861 3417 1048 3494 inde,
1103 3416 1273 3501 quod
1329 3415 1697 3499 hujusmodi
1744 3415 2395 3482 Pseudo-Decretales
2441 3415 2745 3481 Nicolaus
2801 3419 2966 3501 ejus*-

654 3537 779 3600 que
837 3535 1233 3579 successores
1285 3513 1787 3595 acceptaverint,
1850 3514 2148 3598 legesque
2209 3513 2279 3577 in
2334 3515 2410 3579 iis
2463 3517 2803 3579 contentas
2866 3515 2964 3579 in·

649 3612 1077 3688 calcaverint,
1143 3609 1456 3690 evenisse,
1520 3613 1595 3672 ut
1655 3610 1925 3694 antiqua
1984 3609 2318 3694 disciplina
2377 3611 2444 3675 in
2505 3611 2694 3675 aliam
2756 3613 2962 3676 multo

648 3709 965 3772 diversam
1009 3711 1397 3781 mutaretur3
1462 3705 1657 3789 idque
1703 3705 2025 3772 Ecclesiae
2070 3708 2281 3791 potius
2321 3707 2710 3772 detrimento
2765 3729 2961 3791 quam

652 3805 926 3869 utilitati
991 3804 1209 3869 fuisse.
1328 3802 1424 3867 Ea
1486 3803 1619 3866 fere
1681 3804 1935 3868 ratione
1997 3826 2130 3868 rem
2197 3803 2460 3869 exhibet
2522 3803 2600 3867 de
2662 3804 2956 3888 Regnon.

833 4030 871 4100 ¹)
916 4029 1022 4084 Cfr.
1059 4023 1142 4085 De
1180 4029 1383 4096 Smedt,
1420 4029 1527 4084 Les
1566 4028 1779 4082 fausses
1818 4029 2135 4101 Decretales
2175 4036 2278 4084 etc.
2311 4048 2362 4084 n.
2402 4031 2446 4084 Ι.

811 4109 871 4176 ,2)
911 4109 1017 4163 Cfr.
1058 4125 1102 4163 e.
1142 4126 1196 4177 g.
1236 4123 1343 4163 von
1381 4109 1648 4173 Noorslen‚
1687 4107 1958 4161 Hinkmar
1995 4125 2100 4162 von
2138 4108 2380 4175 RheimS‚
2418 4126 2469 4177 p.
2509 4112 2609 4164 199
2649 4126 2765 4178 sqq.
