3270 5028
1037 445 1265 500 Photius
1304 446 1837 515 pseudopatriarcha.
2052 489 2057 492 ,
2488 448 2592 500 369

282 586 598 652 audaciae
665 588 941 668 quodam
1009 607 1270 652 excessu
1336 585 1711 651 adulterare
1777 585 2198 651 conabantur.
2313 585 2367 648 Ο
2435 586 2593 650 mali

282 683 614 749 daemonis
656 685 872 750 artes!
934 683 1262 766 Spiritum
1306 686 1605 748 sanctum
1645 703 1778 748 non
1824 703 1904 747 ex
1943 682 2147 748 Patre
2191 681 2427 761 solum,
2485 682 2594 747 sed

283 779 479 845 etiam
525 802 606 845 eoe
650 780 826 846 Filio
862 780 1204 863 procedere
1248 780 1502 845 noviter
1545 779 1854 846 docentes,
1949 779 2111 859 Quis
2156 799 2448 861 unquam
2495 784 2591 844 ta-

284 876 406 942 lem
449 898 661 966 vocem
705 878 786 942 ab
832 878 920 943 iis
965 876 1080 959 qui
1125 876 1294 942 alias
1345 876 1543 960 impie
1588 881 1744 942 sunt
1793 876 1990 941 locuti
2025 876 2358 957 prolatam
2405 875 2592 941 audi·

283 972 426 1038 vit?
518 974 682 1054 Quis
743 975 1032 1041 lubricus
1090 973 1331 1057 anquis
1391 994 1612 1039 eorum
1675 973 1973 1039 cordibus
2035 963 2152 1037 hoc
2194 972 2596 1038 instillavit?

288 1070 452 1151 Quis
496 1071 758 1137 omnino
804 1092 1025 1137 eorum
1072 1071 1187 1154 qui
1228 1070 1407 1136 inter
1449 1068 1871 1160 Christianos
1916 1074 2127 1153 ayunt
2167 1070 2345 1152 ferre
2378 1073 2597 1151 posset

283 1168 358 1233 in
402 1173 630 1234 sancta
686 1169 1016 1235 Trinitate
1059 1168 1187 1234 duo
1225 1168 1601 1245 introducta
1646 1167 1988 1250 principia
2032 1171 2094 1231 et
2141 1186 2402 1246 causas,
2467 1165 2596 1232 Pa-

287 1270 449 1329 trem
494 1286 721 1348 nempe
760 1286 1025 1331 causam
1054 1263 1222 1330 Filii
1268 1269 1330 1328 et
1363 1264 1675 1346 SpirituS,
1727 1264 2023 1347 Spiritus
2068 1268 2285 1329 autem
2333 1282 2596 1328 causam

286 1360 590 1425 Filium?
679 1362 821 1428 Hoc
865 1366 958 1427 est
1005 1360 1451 1427 monarchiam
1495 1362 1570 1426 in
1616 1360 1934 1443 duplicem
1991 1360 2292 1424 deitatem
2339 1358 2595 1438 solvere,

287 1463 346 1522 et
391 1479 525 1523 non
562 1457 785 1524 minus
829 1479 1025 1541 quam
1063 1457 1464 1541 gentilitiam
1511 1456 2000 1540 mytholoqiam,
2060 1455 2597 1522 Christianorum

263 1556 642 1637 *discerpere
691 1555 1102 1639 theoloyiam,
1151 1560 1345 1637 atque
1387 1554 1488 1619 ita
1541 1552 1897 1619 Trinitatis
1941 1553 2324 1635 diynitatem
2370 1573 2596 1634 super-

287 1652 742 1718 substantialis
787 1658 848 1717 et
893 1651 1342 1717 monarchicae
1375 1672 1501 1733 per
1546 1649 2003 1716 contumeliam
2048 1648 2454 1715 imminuere.

468 1798 567 1860 61.
619 1796 958 1873 QQQ'QQ
973 1794 1123 1858 dein
1168 1794 1490 1878 praesules
1537 1794 1611 1857 ad
1645 1794 1979 1876 synodum,
2027 1801 2102 1856 ut
2151 1815 2394 1858 errores
2439 1795 2596 1859 istos

2637 901 2645 940 ¹.

2642 1801 2906 1844 Convocatio

2532 1892 2544 1903 .
2616 1863 2672 1905 ad
2704 1862 2928 1916 synodum.

288 1915 433 1957 cum
480 1891 847 1957 auctoribus
892 1913 1109 1955 eorum
1163 1892 1471 1979 damnent
1528 1894 1595 1954 et
1656 1889 2074 1954 orthodoxam
2124 1889 2479 1955 doctrinam
2526 1914 2598 1954 m

290 1988 599 2072 Bulgaria
661 1987 1043 2051 custodiant.
1150 1985 1272 2051 Sed
1340 1987 1533 2050 etiam
1598 1985 2006 2050 manifestius
2069 1987 2304 2050 bellum
2374 1991 2599 2051 contra

292 2083 519 2149 Sedem
568 2085 929 2149 Romanam
986 2084 1371 2150 movendum
1423 2083 1695 2156 indicat,
1734 2082 2068 2162 referem,
2125 2106 2202 2147 ex
2253 2081 2597 2148 Occidente

291 2182 547 2245 missam
596 2203 731 2245 esse
788 2181 1121 2263 epistolam
1178 2180 1551 2263 synodalem
1608 2179 1829 2243 multis
1889 2201 2031 2242 cum
2078 2180 2596 2244 accusationibus

292 2282 518 2342 contra
562 2276 923 2353 Nicolaum,
971 2282 1036 2341 et
1078 2277 1198 2340 hac
1244 2277 1321 2341 de
1365 2300 1434 2341 re
1482 2299 1732 2361 quoque
1777 2276 2167 2340 sententiam
2215 2299 2350 2341 esse
2394 2277 2598 2340 feren-

292 2375 457 2439 dam.
548 2372 662 2437 Ex
700 2371 1006 2455 partibus
1053 2371 1224 2437 enim
1271 2372 1537 2452 Italiae,
1603 2373 1855 2447 scribit,
1917 2370 2225 2453 synodica
2284 2371 2599 2453 quaedam

292 2470 561 2554 epistola
606 2471 693 2535 ad
735 2490 853 2535 nos
898 2469 1105 2535 allata
1149 2474 1259 2550 est,
1308 2472 1607 2534 seaecenta
1653 2469 1829 2535 mala
1861 2468 2197 2535 continens
2243 2473 2303 2533 et
2347 2468 2599 2555 delicta,

292 2589 456 2650 quae
500 2569 811 2634 adversus
857 2567 1210 2650 proprium
1274 2587 1495 2631 eorum
1560 2566 1924 2649 episcopum
1985 2565 2089 2630 illi
2151 2566 2265 2647 qui
2327 2565 2601 2631 Italiam

179 2728 198 2733 q
289 2664 584 2731 incolunt
651 2668 1175 2746 conqueruntur;
1255 2667 1588 2729 seoecentas
1658 2663 1854 2728 etiam
1936 2661 2386 2727 obtestationes
2455 2683 2601 2727 cum

292 2783 533 2846 mayna
568 2763 710 2827 irae
744 2762 875 2827 Dei
908 2761 1405 2827 comminatione
1434 2759 1621 2827 nobis
1653 2759 1975 2837 adhibent,
2008 2780 2089 2824 ne
2117 2759 2294 2841 ipsos
2308 2763 2600 2841 praeter-

2704 1920 2892 1946 “affl-‘’⁹⁰⁴‘'

291 2859 629 2924 mittamus
674 2859 772 2924 ita
817 2858 1047 2923 misere
1082 2857 1375 2940 perditos
1434 2861 1495 2920 et
1549 2861 1739 2921 tanta
1796 2861 1857 2920 et
1912 2857 2068 2921 adeo
2121 2857 2317 2937 ,qr-avi
2375 2860 2632 2937 tyran-⁴

289 2956 442 3022 nide
500 2975 864 3038 oppressos;
918 2954 1343 3019 sacerdotales
1397 2957 1735 3035 praeterea
1800 2953 1962 3034 leyes
2018 2957 2079 3017 et
2140 2972 2356 3017 omnes
2418 2952 2600 3016 eccle-

292 3053 593 3118 siasticas
637 3051 899 3134 reculas
945 3051 1350 3116 conculcatas
1390 3054 1695 3115 narrant.
1775 3050 1955 3130 Quae
1986 3050 2135 3132 jam
2182 3049 2300 3113 diu
2346 3047 2602 3129 quidem

294 3170 336 3215 a
397 3147 730 3214 monachis
790 3154 851 3212 et
905 3147 1312 3230 presbyteris
1376 3145 1529 3211 inde
1592 3145 2090 3229 aufuyientibus
2153 3146 2239 3210 ad
2311 3143 2598 3209 omnium

294 3267 489 3313 aures
533 3245 942 3310 devenerunt.
1032 3244 1229 3310 Nunc
1269 3264 1435 3323 vera
1481 3247 1557 3308 ut
1600 3243 1906 3325 superius
1951 3243 2112 3322 dixi,
2160 3242 2451 3307 diversae
2497 3240 2600 3304 lit-

294 3349 469 3409 terae
515 3343 919 3408 diversorum
965 3341 1117 3407 inde
1159 3343 1476 3405 venerunt
1519 3338 1899 3421 hujusmodi
1942 3338 2310 3422 trayoediae
2357 3341 2419 3401 et
2462 3357 2600 3401 secc-

295 3446 625 3507 centorum
688 3438 1011 3504 malorum
1064 3438 1327 3521 plenae,
1404 3455 1685 3517 quarum
1754 3436 2043 3519 exempla
2108 3437 2315 3519 juaeta
2382 3453 2603 3498 eorum

284 3559 508 3621 preces
554 3542 614 3602 et
660 3534 1153 3601 contestationes
1193 3585 1206 3598 .
1256 3585 1269 3597 .
1317 3583 1331 3597 .
1378 3532 1483 3597 his
1525 3533 1772 3597 nostris
1817 3533 2055 3598 litteris
2101 3530 2481 3614 adjecimu8,
2529 3534 2603 3594 ut

294 3635 370 3699 de
415 3634 519 3700 his
559 3633 751 3698 rebus
796 3633 1009 3711 etiam,
1058 3635 1286 3696 sancta
1318 3629 1682 3694 universali
1727 3630 1969 3712 synodo
2015 3630 2087 3695 in
2121 3628 2410 3694 Domino
2457 3647 2603 3692 con-

289 3735 590 3815 cremia,
650 3751 813 3812 quae
858 3727 1236 3813 placuerint
1284 3727 1423 3791 Deo
1470 3726 1796 3791 communi
1851 3726 2169 3792 sententia
2227 3725 2601 3805 confirmen-

293 3821 426 3908 tur,
474 3832 535 3892 et
578 3848 820 3909 mayna
857 3847 999 3909 pam
1043 3824 1371 3890 Ecclesiae
1422 3822 1683 3887 Christi
1727 3822 2197 3909 restituatur.¹)

467 4106 517 4174 ‚¹)
563 4106 704 4160 Vide
751 4105 971 4160 litteras
1019 4103 1204 4158 Photii
1253 4120 1337 4171 ap.
1379 4104 1574 4157 Baron.
1625 4103 1695 4155 ad
1744 4118 1790 4155 a.
1830 4105 1950 4166 863,
2001 4118 2051 4153 n.
2090 4103 2158 4153 33
2205 4115 2346 4168 sqq.;
2397 4098 2604 4166 Migne‚

297 4188 450 4240 Patr.
490 4186 585 4239 Gr.
616 4194 743 4240 tom.
783 4185 899 4239 CII.
936 4201 988 4252 p.
1028 4187 1129 4237 722
1168 4199 1282 4251 sqq.

404 4281 668 4332 Jungmann,
701 4279 1059 4322 Dissertationes.
1112 4279 1235 4320 Tom.
1270 4277 1357 4319 ΙΙΙ.
2222 4268 2292 4318 24
