3270 5028
598 436 702 488 334
1223 450 1231 460 ⁷·
1271 434 1450 487 XVII.
1487 435 1571 488 De
1610 434 1903 489 schismate
1941 435 2230 490 Photian0.

775 574 877 639 20.
919 574 997 639 In
1042 574 1284 657 synodo
1340 573 1665 639 Trullana
1713 574 1938 641 Graeci
1993 577 2267 660 superba
2312 577 2709 662 arrogantia,
2763 578 2937 641 sine
3034 573 3042 578 ’

600 672 735 736 ullo
797 674 1067 751 motivo,
1138 672 1539 755 disciplinam
1604 672 2062 738 occidentalem
2127 672 2699 755 reprehenderant,
2775 674 2935 738 imo

598 768 790 832 etiam
855 767 1162 834 Romanis
1228 767 1650 834 Pontificibus
1714 775 1780 832 et
1845 768 2178 834 Occidenti
2242 770 2418 854 leges
2479 770 2931 853 praescribere

596 868 1103 930 attentaverant.
1221 863 1391 930 Dein
1458 863 1778 930 violenter
1839 867 2209 949 eripuerant
2280 866 2428 931 Sedi
2495 866 2927 949 Apostolicae

255 940 273 1014 i
306 955 537 1028 Pr⁰vi¹¹<²J³
587 958 969 1042 provincias
1011 959 1356 1042 Illyrica-3,
1419 961 1735 1028 dioeceses
1783 961 2010 1027 Italiae
2057 962 2520 1040 meridionalis,
2581 984 2655 1027 ac
2711 964 2919 1045 patri·

330 1016 517 1070 Illyrici.

505 1137 515 1168 t

601 1057 814 1121 monia
865 1058 1254 1141 amplissima
1306 1058 1375 1120 in
1430 1058 1623 1122 Italia
1681 1062 1748 1122 et
1793 1056 2010 1123 Sicilia
2066 1058 2210 1123 sita.
2304 1056 2440 1123 Nec
2495 1059 2711 1124 omnia
2754 1060 2920 1135 ista,

596 1153 885 1239 quamvis
944 1155 1300 1240 justissime
1375 1156 1830 1220 reclamassent
1902 1153 2181 1219 Romani
2255 1155 2629 1231 Pontifices,
2713 1156 2916 1221 resti-

596 1253 742 1314 tuta
804 1250 1094 1330 fuerant,
1163 1251 1356 1316 etiam
1418 1257 1759 1335 postquam
1818 1252 2069 1316 devicta
2130 1251 2696 1317 Iconomachorum
2756 1251 2935 1324 hae:

595 1345 723 1412 resi
794 1370 918 1431 pax
986 1350 1296 1412 renovata
1365 1348 1511 1413 fuit.
1626 1346 1938 1431 Spoliatio
2004 1349 2118 1413 illa
2187 1347 2517 1413 Romanae
2585 1347 2916 1413 Ecclesiae

597 1444 780 1508 valde
843 1444 1001 1508 dura
1071 1447 1137 1508 et
1202 1443 1430 1509 nociva
1497 1448 1669 1521 erat,
1735 1450 2109 1530 summaque
2179 1445 2417 1529 injuria
2483 1446 2621 1528 ipsa
2673 1445 2914 1509 affecta

597 1540 755 1619 fuit,
817 1540 966 1605 dum
1028 1541 1393 1624 provinciae
1456 1542 1750 1625 integrae
1807 1543 1945 1628 ejus
2001 1542 2432 1626 jurisdictioni
2494 1540 2915 1624 patriarchali

594 1638 1166 1703 subtrahebantur.
1236 1637 1549 1718 Vidimus,
1594 1637 1998 1703 Hadrianum
2045 1640 2097 1704 I.
2147 1640 2218 1703 in
2266 1660 2340 1703 ea
2373 1639 2661 1721 epistola,
2708 1661 2909 1723 quam

595 1756 710 1818 pro
772 1733 1055 1800 Concilio
1119 1732 1408 1798 Nicaeno
1463 1733 1548 1801 II.
1614 1735 1869 1819 scripsit
1931 1737 2008 1800 ad
2073 1734 2373 1800 Carolum
2438 1734 2555 1811 M..
2621 1735 2699 1799 de
2763 1737 2913 1801 istis

597 1830 1132 1913 usurpationibus¹
1189 1852 1424 1915 magna
1495 1853 1638 1896 cum
1713 1830 2139 1898 amaritudine
2205 1853 2421 1917 agere,
2501 1831 2913 1916 Graecosque

592 1927 744 1990 inde
790 1927 1019 2012 dignos
1050 1928 1281 2013 dicere,
1331 1930 1439 2012 qui
1488 1933 1564 1993 ut
1593 1928 1978 1993 schismatici
2011 1930 2187 2015 rejici
2234 1934 2516 2012 possent.
2561 1964 2649 1973 —
2694 1928 2914 1994 Multa

532 2021 537 2026 ’
595 2025 798 2108 igitur
849 2028 1038 2089 erant
1091 2024 1264 2089 facta
1321 2046 1397 2088 ex
1452 2028 1640 2107 parte
1687 2023 2146 2103 Orientalium,
2204 2029 2462 2108 propter
2516 2047 2676 2109 quae
2725 2021 2910 2092 Occi-

598 2121 889 2185 dentales
945 2121 1022 2185 iis
1076 2121 1305 2185 merito
1358 2122 1845 2187 succensebant.
1928 2120 2364 2186 Nihilominus
2410 2121 2690 2187 Romani
2719 2122 2909 2188 Pon·

595 2217 798 2282 tifices
862 2218 1133 2283 sollicite
1196 2218 1547 2283 studebant
1613 2240 1837 2302 pacem
1905 2224 1970 2283 et
2039 2218 2438 2284 concordiam
2506 2240 2908 2298 conservare,

595 2315 895 2397 prudenti
942 2315 1311 2379 oeconomia
1363 2315 1565 2379 multa
1621 2315 1818 2379 tacite
1876 2316 2287 2398 tolerabant,
2333 2318 2401 2379 et
2443 2315 2908 2381 discordiarum

598 2412 960 2475 occasiones
1010 2415 1324 2494 quantum
1369 2415 1675 2494 poterant
1719 2411 2071 2477 evitabant.

774 2571 878 2634 21.
942 2567 1067 2634 Sed
1127 2567 1494 2632 Orientales
1545 2569 1897 2635 ambitione
1956 2580 2022 2634 et
2075 2571 2404 2636 simultate
2465 2570 2717 2654 abrepti
2762 2571 2906 2655 jam

599 2667 837 2732 dudum
912 2665 1458 2730 vehementiorem
1539 2665 1732 2730 etiam
1806 2666 2237 2751 irritationem
2315 2666 2387 2730 in
2463 2665 2906 2733 Occidentales

453 2832 481 2842 ,Δ
595 2763 930 2843 fovebant,
991 2784 1065 2827 ac
1121 2761 1497 2827 decurrente
1558 2766 1847 2846 tempore
1910 2785 2130 2828 eorum
2199 2765 2443 2830 aversio
2511 2763 2712 2847 magis
2774 2785 2906 2827 ma·

594 2861 820 2945 gisque
887 2859 1106 2925 crevit.
1227 2857 1662 2943 Displicuerat
1739 2858 2018 2924 CPtanis
2090 2860 2304 2938 valde,
2387 2861 2552 2945 quod
2623 2859 2903 2925 Romani

595 2957 943 3022 Pontifices
1008 2977 1143 3021 sese
1193 2962 1619 3039 ,opponerent
1693 2955 1819 3019 illis
1892 2956 2320 3022 Conciliorum
2395 2955 2640 3020 CPtani
2711 2955 2903 3038 primi

596 3059 662 3119 et
714 3053 1251 3120 Chalcedonensis
1316 3051 1616 3131 decretis,
1690 3053 1923 3137 quibus
1981 3054 2318 3138 privilegia
2376 3053 2540 3117 sedis
2597 3051 2904 3117 CPtanae

594 3152 983 3235 amplificata
1040 3155 1241 3214 erant.
1287 3185 1374 3193 —
1419 3148 1629 3224 Quum
1677 3147 1902 3214 Latini
1955 3149 2027 3214 in
2071 3149 2520 3215 controversiis
2563 3148 2716 3212 fidei
2757 3169 2905 3213 con·

592 3250 778 3313 tinuo
840 3269 975 3312 sese
1039 3246 1398 3329 superiores
1455 3246 1902 3324 ostenderent,
1970 3252 2036 3310 et
2091 3252 2314 3312 contra
2372 3246 2696 3330 praesules
2757 3245 2905 3309 hae—

592 3346 825 3410 reticos
892 3343 1190 3408 Orientis.
1253 3342 1334 3406 ab
1400 3343 1553 3424 ipsis
1622 3340 2038 3408 orthodoxiae
2115 3343 2511 3409 conservatio
2564 3345 2733 3408 esset
2798 3363 2906 3426 pe—

594 3440 812 3524 tenda,
856 3439 1182 3504 simultate
1227 3442 1293 3503 et
1337 3437 1581 3502 invidia
1626 3439 1977 3503 multorum
2027 3434 2456 3505 Orientalium
2501 3438 2700 3503 animi
2748 3438 2900 3502 affe-

596 3694 816 3749 CPtano
855 3689 1002 3756 dari,
1052 3689 1193 3757 quod
1230 3689 1404 3743 locum
1440 3687 1676 3756 aliquem
1725 3688 2076 3743 habitabilem
2123 3686 2407 3756 gubernet.
2481 3686 2584 3740 Sed
2619 3685 2903 3753 probabile

596 3777 709 3838 est,
766 3787 856 3827 eos
911 3769 1127 3824 nomine
1180 3767 1495 3835 οἰκουμένης
1549 3768 1753 3834 (terrae
1809 3767 2148 3835 habitabilis)
2206 3765 2549 3835 significasse
2602 3763 2899 3833 Imperium

596 3851 862 3907 orientale
916 3847 1271 3903 christianum
1322 3846 1474 3900 illius
1528 3847 1820 3915 temporiS‚
1882 3851 2151 3914 quatenus
2207 3844 2469 3913 ejusmodi
2523 3859 2720 3898 nomen
2770 3842 2901 3897 huic

594 3930 832 3998 Imperio
869 3927 981 3980 κατ’
1024 3927 1217 3995 ἐξοχὴν
1255 3925 1626 3980 conveniebat.
1699 3925 1966 3994 Reliquae
2013 3925 2266 3994 regiones
2313 3939 2382 3978 ex
2420 3922 2695 3977 sententia
2731 3921 2901 3976 Grae-

597 4025 781 4064 corum
827 4024 859 4061 a
897 4005 1138 4061 barbaris
1186 4004 1502 4059 nationibus
1547 4003 2015 4059 inhabitabantur.
2103 4002 2227 4058 Tali
2277 4016 2438 4057 sensu
2485 4000 2664 4070 igitur
2703 4016 2899 4055 nomen

594 4086 940 4156 patriarchae
988 4083 1316 4139 oecumenici
1367 4082 1736 4152 exponebant3
1789 4083 2204 4152 explicationem
2244 4097 2375 4137 vero
2412 4080 2744 4135 Anastasius
2789 4096 2899 4135 non

596 4168 664 4222 ad
700 4165 976 4232 amussim,
1014 4164 1109 4218 sed
1145 4165 1361 4217 tantum
1397 4177 1464 4216 ex
1499 4167 1658 4230 parte
1695 4163 2060 4219 intellexerat.
