3270 5028
361 3255 603 3298 Refutatio.

668 431 740 482 40
1362 462 1379 477 2
1402 427 1485 482 De
1522 427 1736 481 haeresi
1770 427 2248 482 Iconoclastarum.

672 573 1076 634 erraverunt.
1166 567 1555 634 Damnandi
1611 570 1830 632 autem
1884 565 1964 631 ab
2019 565 2123 629 his
2181 565 2296 647 qui
2352 566 2503 632 bene
2556 567 2847 633 sentiunt
2903 589 2977 632 eo

671 665 840 748 quod
883 665 1587 748 incomprehensibilem
1628 668 1690 728 et
1714 662 2348 746 incircumscriptam
2392 663 2684 730 divinam
2720 663 2975 730 Christi

669 767 982 828 naturam
1016 761 1294 845 pinyere
1339 765 1669 841 conentur,
1707 761 2000 843 profecto
2045 760 2132 826 ad
2170 760 2372 825 aliam
2420 760 2795 844 confuqient
2835 781 2974 826 ma·

669 858 769 925 lae
813 859 1321 924 machinationis
1351 856 1803 941 defensionem,
1855 857 2012 938 quia
2057 855 2259 922 solius
2290 856 2511 921 carnis
2547 855 2731 943 illius
2776 877 2975 938 quam

667 956 954 1021 vidimus
1001 960 1061 1021 et
1093 955 1516 1039 palpavimus
1561 958 1622 1018 et
1668 974 1813 1019 cum
1858 973 1989 1035 qua
2034 952 2394 1035 conversati
2449 973 2676 1019 sumus
2715 952 2975 1019 iconam

668 1052 1094 1136 depingimus.
1189 1052 1374 1133 Quod
1417 1056 1508 1116 est
1562 1050 1843 1132 impium
1899 1055 1960 1114 et
2002 1048 2386 1114 Nestoriani
2429 1049 2703 1132 pessimi
2745 1069 2974 1115 sensus

665 1149 973 1215 inventio.
1018 1200 1030 1213 .
1081 1201 1093 1214 .
1145 1148 1468 1229 Quomodo
1513 1146 1836 1212 insensati
1880 1152 1941 1211 et
1986 1150 2217 1214 cuncta
2245 1145 2828 1212 irrationabilitate
2871 1167 2974 1210 re-

657 1245 824 1329 pleti
868 1244 1171 1311 dividunt
1217 1266 1506 1324 carnem,
1570 1263 1735 1325 quae
1790 1264 1934 1309 cum
1980 1242 2326 1309 divinitate
2382 1263 2672 1308 connexa
2722 1247 2782 1307 et
2840 1242 2971 1306 dei-

663 1342 860 1424 ficata
904 1346 1024 1421 est,
1084 1347 1145 1406 et
1190 1342 1380 1424 quasi
1417 1341 1582 1425 puri
1624 1340 1908 1407 hominis
1953 1340 2308 1424 imayinem
2345 1339 2621 1423 pinyere
2666 1338 2976 1405 tentant?

667 1439 844 1504 Nam
889 1444 950 1505 et
993 1439 1069 1504 in
1112 1439 1239 1504 isto
1285 1439 1356 1519 in
1403 1438 1588 1504 aliud
1632 1436 2011 1520 iniquitatis
2058 1438 2444 1503 barathrum
2487 1435 2816 1516 incidunt,
2873 1456 2970 1500 se-

656 1541 975 1618 parantes
1030 1555 1290 1601 carnem
1336 1555 1377 1599 a
1424 1534 1770 1600 divinitate
1822 1539 1881 1598 et
1926 1535 2235 1617 privatae
2288 1533 2741 1600 subsistentiae
2783 1532 2970 1597 illam

666 1636 1132 1712 asseverantes,
1198 1636 1258 1695 et
1310 1630 1512 1697 aliam
1565 1652 1914 1714 personam
1978 1631 2166 1697 carni
2213 1630 2594 1710 tribuentes,
2662 1649 2858 1711 quam
2909 1633 2975 1693 et

663 1729 1034 1813 imaginare
1076 1729 1409 1811 fatentur:
1467 1749 1547 1793 ex
1591 1720 1713 1793 hoc'
1751 1728 2147 1793 ostendentes
2192 1732 2467 1810 quartae
2492 1746 2813 1810 personae
2856 1725 2969 1791 ad-

665 1825 1096 1890 ditamentum
1140 1825 1214 1891 in
1268 1825 1628 1891 Trinitate:
1681 1845 1878 1908 super
1922 1824 2076 1890 haec
2136 1829 2196 1889 et
2255 1823 2759 1906 assumptionem
2805 1843 2977 1905 quae

664 1922 986 1988 divinitus
1031 1927 1124 1986 est
1168 1926 1460 2004 suscepta
1515 1922 1815 1987 atheoton
1860 1921 2276 2006 depingentes
2336 1923 2428 2006 (τὸ
2473 1923 2729 1986 θεῶθεν
2773 1922 2968 2004 πρός-

663 2023 884 2104 λημμα
959 2023 1340 2104 ἱστοροῦντες
1415 2018 1747 2102 ἃθέωτον).
1869 2018 2214 2102 Colligitur
2277 2039 2453 2102 er90,
2529 2017 2608 2082 ab
2684 2016 2787 2081 his
2854 2015 2971 2098 qui

669 2113 924 2181 Christi
952 2115 1303 2199 imayinem
1338 2115 1742 2199 pinyendam
1788 2115 2187 2196 existimant,
2236 2120 2354 2181 aut
2385 2113 2796 2180 divinitatem
2842 2111 2968 2177 cir-

665 2213 1124 2295 cumscriptam
1171 2217 1231 2277 et
1276 2232 1470 2278 carne
1516 2212 1873 2296 confusam,
1921 2216 2040 2278 aut
2085 2233 2317 2296 corpus
2367 2210 2621 2276 Christi
2665 2208 2971 2275 atheoton

661 2313 723 2374 et
773 2309 1057 2375 divisum
1114 2329 1190 2375 ac
1232 2329 1584 2392 personam
1628 2309 1935 2392 privatae
1992 2308 2397 2375 substantiae
2452 2327 2646 2390 super
2707 2326 2973 2371 carnem

665 2409 788 2491 (ἐπὶ
840 2417 947 2491 τῆς
1005 2405 1266 2491 σαρκὸς)
1326 2405 1505 2486 dari,
1562 2405 1806 2471 similes
1858 2405 1931 2471 in
1992 2405 2107 2471 hoc
2162 2405 2369 2488 effecti
2421 2402 2968 2469 Nestorianorum

659 2503 1148 2588 impuynationi
1202 2524 1366 2586 quae
1423 2503 1497 2569 in
1544 2503 1764 2570 Deum
1809 2507 1917 2568 est.
2009 2501 2097 2568 In
2148 2502 2342 2569 talem
2400 2500 2858 2585 blasphemiam
2906 2503 2969 2564 et

659 2601 1057 2684 impietatem
1101 2602 1510 2666 incurrentes
1564 2600 2059 2683 confundantur
2112 2605 2173 2665 et
2228 2603 2675 2678 revereantur,
2731 2603 2792 2663 et
2840 2618 2967 2662 ces-

662 2703 803 2763 sent
848 2697 962 2779 qui
997 2701 1297 2781 patrant,
1349 2702 1409 2762 et
1441 2697 1829 2778 desiderant,
1878 2701 1940 2762 et
1984 2697 2201 2763 colunt
2228 2696 2582 2781 imaq'inem
2627 2715 2791 2777 quae
2833 2693 2965 2778 fal-

662 2794 889 2859 laciter
948 2795 1028 2860 ab
1094 2794 1187 2859 eis
1247 2794 1429 2876 facta
1494 2798 1554 2858 et
1617 2793 1794 2861 dicta
1862 2798 1956 2859 est
2015 2794 2287 2860 Christi.
2404 2792 2611 2858 Cesset
2666 2791 2863 2857 etiam
2923 2811 2965 2856 a

659 2890 844 2957 nobis
889 2912 969 2956 ex
1014 2912 1214 2974 aequo
1262 2895 1323 2955 et
1366 2890 1660 2956 Nestorii
1695 2890 2003 2973 partitio,
2052 2896 2244 2972 atque
2292 2889 2474 2968 Arii,
2533 2887 2857 2967 Dioscori,
2905 2891 2965 2952 et

618 2988 1071 3071 ·Eutychetis,
1127 2993 1187 3052 et
1233 2986 1455 3054 Severi
1505 2987 1826 3070 confusio,
1886 3007 2049 3070 quae
2102 2992 2257 3052 sunt
2311 2986 2627 3052 immensa
2684 2985 2860 3051 mala
2905 2988 2966 3048 et

655 3084 995 3168 impietate
1032 3083 1379 3167 comparia.
1388 3082 1437 3169 1)

834 3229 938 3291 44.
982 3227 1320 3310 Expositio
1361 3226 1554 3311 hujus
1587 3225 1814 3308 synodi
1843 3226 1912 3288 in
1944 3224 2229 3290 Concilio
2261 3224 2547 3290 Nicaeno
2567 3224 2650 3288 ΙΙ.
2685 3224 2970 3289 Actione

658 3326 842 3387 sexta
876 3324 1151 3399 ‚recitata
1207 3326 1308 3387 est,
1351 3323 1540 3386 simul
1596 3344 1737 3386 cum
1794 3320 2188 3386 refutatione
2236 3321 2593 3405 Anonymi,
2652 3343 2816 3405 quae
2861 3342 2966 3385 re·

659 3420 917 3503 sponsio
985 3420 1277 3503 quamvis
1345 3418 1578 3502 passim
1648 3419 1840 3484 nimis
1910 3418 2136 3482 diffusa
2208 3419 2320 3497 sit,
2391 3423 2617 3504 tamen
2686 3439 2963 3483 errorem

658 3515 1210 3581 Iconoclas'oarum
1272 3515 1436 3580 bene
1505 3514 1713 3579 diluit.
1822 3515 1924 3580 Ita
1990 3517 2446 3581 convenienter
2515 3515 2592 3579 ad
2659 3537 2733 3579 ea
2798 3536 2969 3600 quae

660 3614 998 3676 citavimus
1056 3614 1227 3677 inter
1273 3612 1398 3675 alia.
1442 3611 1599 3676 haec
1648 3617 2077 3693 reponuntur:
2137 3610 2505 3677 Christiani
2549 3633 2759 3678 unum
2804 3613 2962 3678 Em-

662 3708 922 3774 manuel
981 3708 1252 3773 scientes
1310 3706 1652 3772 Christum
1707 3706 2097 3786 Dominum,
2160 3708 2377 3791 ipsum
2444 3708 2804 3792 depinyunt
2864 3730 2961 3774 se-

659 3804 944 3870 cundum
1001 3804 1169 3887 quod
1229 3804 1501 3869 Verbum
1555 3823 1706 3868 caro
1763 3804 2014 3886 factum
2069 3808 2197 3884 est,
2257 3809 2318 3869 et
2371 3805 2758 3889 multiplices
2804 3827 2964 3890 yar-

658 3901 960 3967 rulitates
1015 3924 1057 3967 a
1113 3922 1178 3966 se
1227 3900 1463 3984 procul
1525 3899 1877 3983 repellunt,
1940 3900 2219 3983 simplici
2277 3903 2459 3967 corde
2521 3903 2740 3970 omnia
2796 3923 2965 3986 quae

837 4159 875 4225 ¹)
913 4158 1070 4213 Cone.
1109 4160 1407 4216 Nicaenum
1444 4160 1520 4213 ΙΙ.
1559 4161 1682 4214 Act.
1712 4161 1806 4214 VI.
1847 4160 2046 4226 Labbe,
2086 4162 2211 4214 VII.
2250 4164 2368 4215 435.
2407 4165 2527 4217 439.
2565 4168 2685 4218 442.
