3270 5028
888 415 1142 470 Elevatio
1179 415 1357 483 Pipini
1396 414 1452 468 in
1490 430 1682 484 regem
1716 415 2064 468 Francorum.
2532 416 2635 468 121

314 555 578 640 jejunia
640 556 929 639 aliasque
987 556 1370 622 afflictiones
1431 561 1548 621 etc.
1661 557 1763 621 Ita
1825 578 2082 639 prorsus
2142 556 2402 640 politica
2456 558 2639 639 pote-

327 656 462 716 stas
518 652 719 716 habet
756 674 904 717 suos
957 653 1304 737 principeS,
1360 655 1561 738 leges,
1611 653 1890 737 judicia,
1953 657 2021 717 et
2075 653 2377 717 similiter
2433 653 2633 716 eccle-

324 748 585 812 siastica
629 771 779 813 suos
825 749 1179 832 episcopOS,
1230 772 1540 828 canones,
1587 750 1852 834 judicia.
1943 750 2065 813 Illa
2112 750 2309 814 habet
2355 771 2469 832 pro
2513 749 2641 812 fine

328 846 747 927 temporalem
823 867 1071 928 pacem,
1156 848 1282 911 ista
1367 849 1634 911 salutem
1720 852 2069 911 aeternam.
2204 845 2641 910 Inveniuntur

328 941 717 1025 quandoque
763 946 1116 1025 separatae,
1166 947 1243 1006 ut
1288 943 1438 1007 olim
1484 948 1770 1026 tempore
1808 943 2309 1026 Apostolorum,
2357 940 2639 1025 quando·

326 1059 454 1119 que
516 1039 930 1122 conjunctae,
994 1045 1067 1102 ut
1130 1061 1320 1104 nunc.
1422 1039 1690 1115 Quando
1754 1043 1971 1104 autem
2037 1044 2193 1105 sunt
2255 1039 2640 1122 conjunctae

327 1156 531 1197 unum
607 1157 833 1218 corpus
910 1135 1229 1212 efficiunt,
1305 1136 1573 1220 ideoque
1649 1136 1891 1200 debent
1969 1157 2104 1200 esse
2172 1156 2504 1200 connexae
2576 1139 2641 1198 et

329 1230 596 1295 inferior
651 1232 963 1314 superiori
1022 1231 1311 1316 subjecta
1373 1239 1439 1295 et
1496 1233 1933 1297 subordinate..
2041 1231 2277 1315 Itaque
2335 1231 2639 1314 spiritua·-

321 1326 405 1391 lis
466 1349 600 1391 non
666 1349 735 1391 se
803 1329 1026 1391 miscet
1093 1329 1555 1412 temporalibus
1623 1328 1938 1412 negotiiS,
2016 1328 2126 1391 sed
2197 1329 2354 1392 sinit
2423 1329 2641 1392 omnia

327 1425 696 1507 procedere,
747 1425 914 1489 sicut
971 1428 1322 1508 antequam
1369 1429 1587 1489 essent
1643 1427 2056 1509 conjunctae,
2117 1424 2458 1488 dummodo
2505 1446 2640 1488 non

325 1520 546 1584 obsint
604 1521 720 1584 fini
781 1521 1132 1604 spirituali,
1191 1527 1303 1585 aut
1357 1544 1490 1586 non
1550 1521 1685 1585 sint
1737 1523 2096 1585 necessaria
2158 1521 2238 1585 ad
2296 1542 2441 1584 eum
2496 1541 2641 1584 con·

328 1614 745 1701 sequendum.
862 1617 929 1681 Si
1003 1623 1215 1682 autem
1280 1617 1410 1681 tale
1481 1618 1634 1700 quid
1702 1617 1974 1696 accidat,
2040 1617 2391 1702 spiritualis
2459 1620 2640 1699 pote-

324 1719 460 1778 stas
520 1718 736 1798 potest
797 1719 863 1778 et
927 1714 1117 1779 debet
1178 1719 1466 1779 coercere
1526 1715 1947 1797 temporalem
2013 1715 2187 1779 omni
2250 1713 2503 1777 ratione
2568 1735 2642 1777 ac

326 1810 457 1884 via,
517 1831 681 1894 quae
735 1809 814 1873 ad
872 1810 936 1874 id
994 1811 1350 1874 necessaria
1406 1832 1541 1875 esse
1598 1810 1942 1874 videbitur.
1989 1858 2003 1871 .
2059 1863 2071 1875 .
2121 1860 2134 1873 .
2184 1809 2513 1885 Quantum
2560 1810 2640 1874 ad

327 1928 633 1989 personas
701 1929 834 1987 non
903 1912 1116 1990 potest
1185 1907 1389 1991 Papa,
1460 1912 1530 1970 ut
1596 1907 1800 1990 Papa,
1868 1907 2189 1972 ordinarie
2255 1907 2642 1990 temporales

327 2004 645 2086 principes
691 2004 1041 2087 deponere,
1098 2004 1291 2067 etiam
1344 2005 1521 2086 justa
1574 2003 1652 2066 de
1709 2025 1928 2080 causa,
1991 2025 2066 2067 eo
2123 2004 2310 2068 modo
2368 2026 2494 2087 quo
2540 2004 2643 2067 de-

324 2100 514 2182 ponit
562 2100 908 2185 episcopOS,
955 2100 1018 2163 id
1068 2106 1168 2163 est
1212 2104 1523 2183 tanquam
1558 2099 1917 2165 ordinarius
1955 2099 2186 2184 judex:
2234 2106 2455 2165 tamen
2501 2104 2641 2184 pot-

325 2200 427 2260 est
473 2202 723 2260 mutare
782 2217 984 2280 regna
1030 2200 1095 2259 et
1147 2198 1261 2260 uni
1319 2197 1573 2260 auferre
1630 2201 1825 2279 atque
1878 2197 2066 2260 alteri
2123 2196 2441 2275 conferre,
2504 2204 2643 2261 tan-

323 2315 520 2375 quam
575 2314 857 2375 sgmmus
890 2368 897 2371 .
908 2293 1209 2377 princeps
1267 2293 1652 2377 spiritualim
1715 2293 1767 2356 si
1824 2291 1888 2355 id
1937 2294 2368 2357 necessarium
2419 2293 2505 2357 sit
2561 2293 2640 2357 ad

325 2390 685 2452 animarum
727 2389 1063 2452 salutem.“
1088 2388 1129 2469 ¹)

505 2539 611 2603 46.
684 2538 964 2602 Adducit
1031 2538 1179 2602 dein
1257 2537 1392 2621 ipse
1460 2537 1894 2601 Bellarminus
1968 2538 2210 2603 factum
2279 2538 2642 2616 Zachariae,

326 2636 477 2719 „qui
550 2640 812 2719 rogatus
881 2657 920 2698 a
994 2633 1379 2717 primoribus
1449 2633 1871 2710 Francorum,
1950 2634 2377 2700 Childericum
2447 2635 2642 2719 depo·-

328 2733 488 2808 suit,
560 2737 626 2795 et
684 2732 753 2795 in
819 2733 956 2816 ejus
1022 2732 1228 2795 locum
1286 2731 1588 2814 Pipinum
1648 2729 1861 2795 Caroli
1917 2729 2139 2815 Magni
2200 2738 2482 2815 patrem,
2551 2755 2644 2797 re·

328 2849 471 2912 gem
538 2829 737 2892 creari
801 2829 1014 2912 jussit.
1132 2827 1328 2911 Cujus
1391 2849 1581 2892 causa
1639 2827 1797 2901 fuit,
1879 2828 2031 2910 quia
2105 2834 2367 2912 propter
2435 2851 2643 2894 socor-

322 2925 496 2988 diam
576 2923 917 2990 Childerici
996 2931 1061 2988 et
1138 2924 1438 3008 religioni
1514 2928 1580 2989 et
1653 2944 1856 3007 regno
1931 2925 2000 2987 in
2074 2923 2283 2988 Gallia
2355 2930 2643 2988 extrema

327 3021 517 3084 ruina
591 3020 924 3085 imminere
1001 3017 1467 3099 videbatur“.²)
1585 3019 1673 3084 Et
1750 3020 1930 3085 alibi:
2023 3020 2223 3094 „Cum
2302 3020 2640 3085 Zacharias

323 3117 755 3198 intelligeret,
827 3117 963 3200 jam
1032 3137 1144 3199 per
1209 3116 1447 3180 multos
1524 3138 1730 3181 annos
1792 3137 1976 3199 reges
2041 3115 2442 3181 Francorum
2505 3117 2641 3181 solo

321 3213 521 3277 titulo
579 3212 779 3276 fuisse
845 3233 1054 3296 reges,
1127 3219 1195 3275 et
1251 3210 1678 3277 Childericum
1740 3213 1852 3295 qui
1905 3218 2063 3276 tunc
2126 3213 2444 3297 regnabat
2509 3236 2642 3278 non

324 3310 534 3374 solum
596 3331 769 3373 more
834 3310 1150 3393 majorum
1223 3307 1387 3371 nihil
1461 3331 1714 3390 curare,
1787 3309 1898 3373 sed
1962 3311 2159 3374 etiam
2223 3310 2402 3374 omni
2462 3332 2642 3392 pror-

321 3427 434 3469 sus
491 3405 757 3489 ingenio
818 3426 1072 3481 vacare,
1131 3454 1145 3468 .
1200 3454 1214 3467 .
1266 3454 1280 3470 .
1343 3408 1411 3469 et
1473 3405 1663 3468 simul
1729 3405 1975 3470 videret
2033 3426 2305 3489 regnum
2368 3410 2436 3471 et
2496 3406 2643 3470 reli-

324 3501 584 3585 gionem
646 3501 712 3564 in
779 3500 1008 3565 Galliis
1066 3522 1279 3578 ruere,
1345 3504 1411 3565 et
1468 3522 1689 3564 omnes
1747 3523 2038 3585 proceres
2098 3504 2282 3585 regni
2339 3501 2641 3585 Pipinum

327 3619 543 3681 regem
602 3601 855 3681 optare,
917 3597 1181 3661 tandem
1246 3602 1318 3661 ut
1374 3598 1459 3674 is,
1521 3598 1600 3661 ad
1664 3619 1854 3682 quem
1915 3598 2249 3681 spectabat
2309 3598 2642 3681 providere

328 3695 617 3758 omnium
689 3715 948 3758 suorum
1026 3694 1249 3770 saluti,
1321 3693 1672 3779 judicavit,
1768 3695 1957 3758 licere
2030 3693 2294 3759 Francis
2369 3715 2640 3778 regnum

328 3789 665 3854 childerici
725 3790 794 3853 in
841 3789 1144 3874 Pipinum
1204 3791 1588 3873 transferre,
1655 3794 1848 3874 atque
1905 3791 2042 3874 ipse
2110 3813 2216 3855 eos
2269 3791 2642 3874 juramento

327 3908 456 3970 quo
518 3909 586 3951 se
648 3885 1006 3952 Childerico
1068 3887 1554 3950 obstrinxerant
1612 3886 1828 3951 solvit.
1939 3886 2119 3963 Quod
2180 3908 2333 3951 sane
2387 3887 2641 3971 justum

512 4137 550 4203 ι)
590 4138 673 4191 De
710 4137 863 4190 Rom.
901 4138 1058 4192 Pont.
1098 4137 1159 4190 L.
1185 4138 1250 4191 V.
1291 4155 1336 4192 c.
1373 4140 1421 4190 6.
1743 4137 1789 4205 ²)
1827 4091 1968 4192 lbid:
2009 4155 2053 4192 c.
2093 4141 2141 4192 8.
