3270 5028
968 466 1051 519 De
1088 464 1470 520 Decretalibus
1508 462 2092 519 Pseudo-Isidorianis.
2540 464 2644 516 263

327 608 631 691 Capitula
693 607 1018 671 habentur
1075 607 1484 691 nequaquam
1545 606 1626 671 ab
1674 605 2008 669 Hadriano
2068 604 2343 684 tradita,
2403 605 2534 672 sed.
2562 606 2642 669 ab

331 705 548 789 aliquo
624 708 884 768 auctore
962 704 1033 767 in
1102 702 1375 767 Francia
1453 702 1822 785 composita.
1941 700 2262 784 Pleraque
2342 700 2643 784 Capitula

333 823 465 865 non
529 799 934 883 disciplinam
994 799 1296 863 ecclesiae
1357 798 1720 875 Romanae,
1783 798 1894 862 sed
1956 796 2270 862 Franciae
2330 797 2643 874 referunt,

325 900 398 960 et
455 896 668 961 fontes
740 896 905 960 unde
973 900 1129 961 sunt
1184 899 1485 979 excerpta
1550 895 1594 958 ii
1659 900 1841 971 sunt,
1912 896 2024 979 qui
2086 894 2336 960 saeculo
2394 893 2508 959 IX.
2573 894 2640 958 in

332 992 605 1058 Francia
648 992 989 1077 divulgati,
1045 997 1114 1056 at
1157 992 1395 1057 Romae
1454 995 1570 1055 aut
1614 992 1878 1056 omnino
1934 994 2050 1055 aut
2102 992 2207 1054 vix
2255 1013 2389 1055 non
2434 991 2644 1075 ignoti

321 1094 546 1167 erant,
601 1093 679 1154 ut
724 1087 1015 1153 Oanones
1067 1089 1458 1172 synodorum
1503 1087 1816 1154 Franciae
1863 1093 1931 1153 et
1975 1088 2346 1172 Hispaniae.
2437 1087 2644 1152 Accu-

329 1192 470 1250 rata
519 1187 865 1252 collatione
909 1186 1217 1250 instituta
1263 1185 1607 1269 detegitur,
1654 1189 1980 1250 auctorem
2028 1184 2470 1268 Capitulorum
2501 1185 2644 1250 An-

319 1283 629 1366 gilramni
678 1283 1082 1365 exscripsisse
1129 1283 1315 1365 plura
1363 1304 1439 1346 ex
1485 1280 1840 1346 Benedicto
1887 1281 2136 1347 Levita.
2227 1280 2644 1365 Angilramni

324 1384 543 1444 autem
593 1379 987 1445 Collectione
1044 1401 1194 1443 usus
1245 1383 1343 1442 est
1398 1377 1683 1443 Isidorus
1739 1378 2062 1444 Mercator
2119 1378 2190 1442 in
2248 1377 2642 1443 Collectione

325 1498 440 1540 sua
486 1475 897 1541 conficienda.
946 1512 1019 1521 —-
1073 1474 1291 1539 Unum
1351 1475 1775 1559 eumdemque
1829 1476 2026 1539 fuisse
2072 1474 2497 1539 Benedictum
2543 1479 2641 1542 at-

321 1595 449 1656 que
496 1572 814 1636 Isidorum
867 1572 1102 1637 criticis
1161 1572 1375 1637 minus
1430 1572 1764 1655 probabile
1811 1572 2095 1649 videtur,
2155 1573 2305 1655 quia
2355 1572 2425 1635 in
2471 1580 2639 1636 utro-

319 1691 451 1751 que
497 1689 688 1752 opere
733 1669 967 1752 passim
1001 1668 1363 1732 differentia
1409 1668 1737 1752 quaedam,
1784 1672 1849 1733 et
1889 1669 2162 1734 mutatio
2206 1668 2458 1733 diversa
2503 1691 2639 1733 ver-

326 1767 553 1833 borum
600 1764 958 1829 advertitur
1016 1763 1224 1849 quoad
1269 1786 1376 1843 ea,
1433 1786 1598 1848 quae
1658 1787 1735 1828 ex
1782 1786 1911 1829 uno
1966 1765 2146 1839 fonte
2203 1765 2501 1850 originali
2548 1766 2638 1831 di-

326 1865 615 1926 manant.
706 1860 803 1925 Ac
863 1862 1064 1945 major
1120 1865 1218 1924 est
1273 1861 1606 1925 diversitas
1664 1862 1735 1925 in
1790 1861 2182 1926 Collectione
2230 1861 2640 1929 Pseudo-Isi·

319 1959 497 2040 dori,
558 1958 728 2022 unde
788 1956 940 2021 huic
995 1956 1414 2040 praecessisse
1475 1957 1711 2022 dixeris
1770 1957 2230 2024 Collectionem
2283 1958 2636 2024 Benedicti.

325 2054 735 2138 Angilramni
790 2058 1005 2118 autem
1056 2052 1356 2137 Capitula
1403 2077 1441 2118 a
1494 2052 2026 2120 Pseudo-Isidoro
2082 2054 2435 2139 composita
2483 2078 2638 2138 esse,

323 2151 654 2234 probabile
715 2156 937 2215 censet
991 2147 1415 2230 Hinschius.¹)
1479 2186 1561 2196 —-
1624 2151 1762 2216 Imo
1817 2153 1871 2216 si
1932 2151 2100 2216 forte
2159 2153 2452 2216 consulto
2514 2152 2637 2217 dif-

320 2247 633 2312 ferentiae
686 2248 997 2331 quaedam
1055 2248 1125 2311 in
1184 2250 1370 2310 textu
1426 2246 1761 2313 Benedicti
1816 2252 1880 2312 et
1934 2240 2466 2345 Pseudo-Isidori
2524 2273 2637 2334 po-

323 2344 487 2408 sitae
556 2349 735 2422 sunt,
810 2366 1014 2407 unum
1084 2342 1501 2427 eumdemque
1573 2344 1897 2409 variarum
1970 2345 2433 2411 Collectionum
2504 2370 2639 2413 esse

318 2443 606 2524 potuisse
649 2447 970 2506 auctorem
1016 2439 1272 2504 dixeris,
2479 2453 2486 2467 ³

503 2599 605 2662 51.
678 2598 779 2661 Ad
845 2602 1094 2680 tempus
1164 2600 1342 2683 quod·
1413 2600 1684 2677 attinet,
1760 2622 1886 2684 quo
1960 2600 2329 2668 Decretales
2403 2604 2637 2670 Isidori
2687 2618 2936 2660 Decretales

325 2695 703 2760 Mercatoris
762 2696 1093 2761 confectae
1150 2700 1215 2759 et
1263 2696 1566 2781 vulgatae
1611 2702 1795 2775 sunt,
1854 2697 2013 2761 illud
2070 2700 2294 2764 subtili
2340 2703 2636 2766 examine
2652 2679 2966 2784 quass‘ssssaffn‘

319 2792 630 2856 instituto
705 2791 861 2855 satis
940 2797 1236 2858 accurate
1322 2792 1819 2858 determinatum
1897 2799 1995 2857 est
2071 2818 2147 2859 ea
2232 2798 2636 2878 certitudine,

312 2909 489 2972 quae
557 2888 625 2951 in
698 2888 936 2952 talibus
1011 2889 1499 2973 quaestionibus
1576 2889 1853 2953 obtineri
1924 2895 2155 2972 potest.
2276 2893 2634 2960 Inveniun-

323 2989 434 3048 tur
501 2988 799 3067 excerpta
860 2985 1104 3068 aliquot
1167 3007 1243 3050 ex
1310 2985 1539 3050 Isidori
1598 2984 2044 3050 Decretalibus
2108 2989 2309 3053 allata
2367 2993 2437 3055 in
2500 2994 2634 3076 epi-

314 3082 488 3145 stola
543 3081 863 3163 synodali,
924 3103 1119 3164 quam
1178 3103 1349 3146 anno
1405 3082 1531 3145 857
1587 3082 1894 3166 episcopi,
1955 3085 2068 3167 qui
2122 3084 2425 3151 Carisiaci
2482 3111 2636 3172 syn-

317 3177 511 3241 odum
569 3178 968 3255 habuerunt,
1030 3177 1343 3242 dederunt
1404 3177 1482 3241 ad
1539 3176 1836 3242 Carolum
1890 3178 2175 3246 Calvum.
2262 3183 2402 3247 Imo
2455 3186 2636 3251 valde

319 3274 653 3356 probabile
728 3278 856 3350 est,
934 3276 1072 3356 jam
1150 3296 1324 3338 anno
1400 3275 1555 3350 853,
1644 3296 1843 3358 quum
1897 3269 2274 3344 ¹haberetur
2351 3283 2636 3365 synodus

321 3369 803 3435 Suessionensis
873 3371 939 3434 in
1003 3392 1194 3435 causa
1254 3370 1573 3448 Wulfadi,
1644 3394 1681 3434 a
1739 3371 2049 3440 Wulfado
2118 3377 2383 3461 ejusque
2449 3381 2635 3445 sociis

318 3465 694 3532 Decretales
750 3466 1260 3533 Pseudo-Isidori
1316 3467 1600 3551 allegari.
1706 3468 1786 3533 In
1850 3492 1966 3535 sua
2021 3474 2194 3536 enim
2250 3474 2656 3541 narratione-

316 3564 399 3628 de
457 3563 851 3647 depositione
914 3564 1200 3629 Ebbonis
1261 3586 1434 3629 anno
1492 3565 1617 3631 835
1680 3565 1880 3650 facta,
1951 3569 2046 3633 illi
2107 3570 2318 3637 clerici
2380 3579 2634 3658 urgent,

315 3658 491 3743 quod
555 3657 890 3745 episcopus
954 3680 1069 3724 ‘nec
1132 3658 1650 3741 archiepiscopus
1718 3660 1857 3727 suis
1918 3664 2217 3732 omuibus
2284 3666 2466 3733 bonis
2525 3690 2631 3735 εω-

318 3754 640 3838 spoliatus
706 3754 948 3837 subque
1014 3755 1305 3821 custodia
1366 3760 1584 3822 tentus
1645 3762 1705 3821 et
1767 3757 1846 3823 ab
1908 3760 2168 3827 ecclesia
2228 3785 2353 3830 sua
2414 3786 2633 3848 seque-

319 3857 591 3932 stratuS,
638 3851 712 3916 in
759 3853 1001 3936 syuodo
1049 3851 1400 3935 apostolica
1432 3853 1822 3920 auctoritate
1865 3849 1998 3922 'nou
2040 3866 2385 3927 convocata
2429 3883 2634 3945 ‘neque

316 3950 463 4032 ejus
511 3948 824 4032 leyatioue
871 3948 1175 4015 roborata
1231 3947 1540 4014 damnari
1594 3950 1972 4019 nullatenus
2014 3955 2264 4038 juxta
2320 3959 2633 4025 decreta

503 4195 543 4260 ¹)
579 4195 639 4248 L.
680 4212 724 4248 0.
762 4212 813 4262 p.
856 4195 1117 4248 CLXXX.
