3270 5028
719 444 823 494 228
1059 441 1207 494 XVI.
1247 441 1455 496 Causae
1493 441 1733 495 celebres
1772 446 1829 494 et
1863 441 2179 497 Decretales
2214 442 2674 498 Pseudo-Isidori.

722 584 926 648 banus
973 582 1268 660 Maurus,
1326 578 1480 649 tunc
1526 584 1722 648 abbas
1768 582 2136 667 FuldensiS‚
2184 586 2397 648 minus
2442 584 2701 668 provide
2746 586 3052 650 severio·

640 729 651 747 ,
715 682 889 744 ribus
944 680 1272 762 principiis
1326 679 1669 745 inhaerens
1726 701 1847 744 nec
1902 701 2049 744 suae
2102 683 2465 746 sententiae
2526 683 3050 766 consequentias

714 777 980 860 periculi
1032 777 1256 859 plenas
1318 776 1747 860 perpendens,
1812 773 2223 842 Godeschalci
2286 776 2638 843 dimissioni
2695 799 2762 842 se
2822 800 3042 863 oppo-

714 874 866 952 suit,
935 875 1299 977 scriptoque
1367 874 1670 957 opusculo
1747 873 2187 938 demonstrare
2259 874 2442 940 nisus
2518 882 2648 953 est,
2726 896 2830 940 eos
2911 876 3042 960 qui

711 971 897 1054 pueri
947 992 983 1032 a
1037 954 1412 1053 parentibus
1474 970 1552 1034 ad
1598 971 1795 1042 vitam
1861 969 2224 1054 religiosam
2273 971 2473 1036 oblati
2520 976 2732 1054 erant,
2786 972 3038 1036 debere

711 1069 902 1132 etiam
955 1071 1180 1132 contra
1233 1067 1551 1151 propriam
1602 1066 2090 1131 inclinationem
2154 1068 2223 1131 in
2280 1067 2591 1152 ejusmodi
2641 1074 2815 1133 statu
2869 1071 3044 1133 reli-

707 1163 886 1248 gioso
949 1186 1306 1240 remanere3
1385 1185 1575 1247 quam
1646 1164 2039 1228 sententiam
2110 1164 2304 1229 etiam
2372 1165 2598 1249 synodi
2661 1166 3043 1230 Toletanae

706 1261 903 1325 tertia
948 1265 1013 1326 et
1059 1261 1299 1325 decima
1345 1260 1708 1326 emiserant.

347 1390 608 1501 Ιαξοῖζξὴᾶ
588 1397 673 1503 ‘³2⁶³
887 1413 946 1477 8.
1019 1409 1321 1475 Obtinuit
1379 1408 1685 1473 Rabanus
1749 1431 1786 1472 a
1849 1408 2176 1475 Ludovico
2236 1410 2384 1490 Pio,
2452 1414 2528 1474 ut
2582 1408 3038 1476 Godeschalco

706 1530 998 1593 egressus
1065 1530 1143 1571 ex
1214 1500 1439 1572 ordine
1497 1505 1917 1570 Benedictino
1989 1528 2121 1570 non
2193 1507 2700 1590 permitteretur,
2765 1507 2877 1570 sed
2947 1513 3038 1572 ut

703 1610 964 1670 tantum
1046 1605 1498 1671 concederetur
1578 1602 1851 1667 mutatio
1921 1603 2324 1680 monasterii,
2393 1608 2715 1699 quatenus
2786 1604 3036 1669 exinde

701 1703 771 1766 in
827 1703 1087 1766 abbatia
1136 1699 1484 1766 Orbacensi
1539 1698 1842 1764 dioecesis
1890 1688 2365 1764 Suessionensis
2419 1688 2765 1764 monachus
2822 1706 3031 1767 esset.

698 1798 945 1862 Ibidem
992 1799 1089 1861 vir
1135 1797 1333 1861 animi
1378 1795 1710 1879 irrequieti
1759 1793 1850 1860 Ss.
1882 1796 2237 1880 Augustini
2286 1802 2350 1860 et
2397 1795 2728 1881 Fulgentii
2774 1799 3032 1881 scripta

700 1896 1101 1978 perlustrans
1158 1899 1227 1959 at
1282 1916 1413 1958 non
1469 1892 1874 1977 intelligens,
1933 1913 2009 1955 ex
2067 1893 2357 1975 abruptis
2406 1915 2625 1981 eorum
2671 1896 3033 1981 sententiis

702 2013 1036 2056 erroneam
1058 1991 1183 2078 de
1215 1984 1801 2074 praedestinatione
1859 1980 2218 2071 doctrinam
2272 1975 2687 2069 concinnavit
2733 2013 3028 2076 moxque

698 2110 1053 2173 propagare
1100 2071 1327 2171 coepit.
1404 2087 1753 2169 Presbyter
1796 2086 2146 2164 ordinatuS,
2193 2087 2396 2151 inscio
2446 2075 2808 2152 Rothadio
2814 2080 3022 2152 Sues-

698 2185 1010 2262 sionensi,
1073 2208 1111 2249 a
1173 2182 1528 2248 Richboldo
1591 2182 2041 2265 chorepiscopo
2101 2180 2477 2263 Rhemensi‚
2545 2184 2670 2248 iter
2728 2185 3024 2267 suscepit

695 2268 1407 2366 peregrinationemque
1462 2277 1898 2343 Romanam.
1934 2279 2034 2341 Ex
2095 2277 2273 2343 Urbe
2331 2280 2586 2344 rediens
2648 2280 3020 2345 diversatus

698 2384 798 2443 est
860 2379 1028 2462 apud
1093 2375 1535 2441 Eberhardum
1601 2375 1898 2439 comitem
1963 2374 2508 2460 Forojuliensem‚
2573 2377 2780 2440 virum
2845 2377 3016 2441 insi·

693 2497 884 2562 gnem
929 2496 1001 2541 ac
1046 2495 1358 2560 generum
1406 2471 1714 2537 Ludovici
1761 2471 1894 2550 Pii,
1954 2474 2135 2557 cujus
2181 2473 2380 2537 filiam
2428 2472 2706 2539 Giselam
2752 2474 2821 2537 in
2867 2495 3010 2538 ma-

691 2574 1068 2638 trimonium
1132 2571 1423 2635 duxerat.
1530 2569 1630 2633 Ibi
1695 2569 1950 2633 invenit
2013 2571 2205 2635 etiam
2270 2571 2662 2655 Nottingum
2726 2573 3010 2636 electum

694 2671 1056 2753 episcopum
1094 2668 1566 2750 Veronensem‚
1614 2670 1683 2729 et
1727 2688 1870 2729 cum
1920 2688 1992 2731 eo
2037 2667 2445 2732 collationem
2495 2668 2721 2732 habuit
2760 2667 2835 2732 de
2881 2668 3010 2732 du-

644 2738 847 2904 xplici
891 2762 1519 2847 praedestinatione,
1579 2761 1713 2826 sive
1767 2759 2105 2828 electorum
2162 2763 2247 2828 ad
2298 2763 2530 2843 vitam,
2591 2763 2725 2828 sive
2778 2786 3006 2847 repro-

693 2861 917 2926 borum
978 2860 1064 2926 ad
1121 2865 1405 2925 mortem.
1498 2859 1818 2944 Nottingo
1867 2858 2337 2926 Godeschalcus
2401 2862 2566 2926 visus
2630 2868 2727 2927 est
2785 2864 3012 2926 minus

690 2965 861 3026 recte
921 2960 1191 3035 sentire;
1259 2959 1677 3043 quamobrem
1739 2978 1886 3019 eum
1950 2957 2360 3022 denuntiavit
2417 2957 2688 3023 Rabano
2745 2958 3010 3037 Maur0,

692 3057 940 3143 Otgarii
1006 3058 1076 3121 in
1136 3056 1684 3139 archiepiscopatu
1739 3051 2131 3136 Moguntino
2185 3057 2553 3136 successori,
2613 3056 2726 3140 qui
2780 3056 3004 3121 adver·

687 3177 797 3220 sus
862 3157 999 3237 ejus
1062 3175 1303 3219 errores
1352 3153 1604 3217 litteras
1663 3150 1919 3232 scripsit
1978 3151 2058 3214 ad
2104 3151 2552 3217 Eberhardum
2613 3158 2677 3217 et
2731 3151 2998 3219 Nottin·

685 3273 857 3333 gum.
951 3250 1069 3314 His
1114 3251 1349 3315 litteris
1394 3248 1682 3332 pulsatus
1731 3245 2200 3312 Godeschalcus
2248 3248 2602 3314 Eberhardi
2655 3250 2840 3314 domo
2887 3273 3001 3314 ex-

684 3349 911 3425 cessit,
961 3346 1444 3430 peragratisque
1491 3344 1758 3423 Norico,
1816 3344 2050 3409 Suevia
2095 3349 2160 3409 et
2215 3346 2358 3409 aliis
2407 3346 2785 3429 quibusdam
2835 3346 2999 3411 Ger-

684 3444 940 3507 maniae
986 3443 1297 3526 partibus,
1346 3464 1516 3505 anno
1561 3442 1688 3505 848
1738 3442 1914 3505 venit
1961 3440 2387 3526 Moguntiam.

861 3600 918 3662 9.
983 3597 1165 3661 Tunc
1209 3596 1520 3661 Rabanus
1577 3596 1845 3661 Maurus
1904 3599 2217 3681 synodum
2274 3598 2512 3683 coegit,
2576 3599 2676 3663 cui
2736 3611 2998 3681 praeter

684 3695 1029 3761 Rabanum
1088 3693 1304 3779 plures
1368 3694 1643 3778 episcopi
1705 3697 1771 3758 et
1829 3692 2192 3759 Ludovicus
2258 3717 2372 3760 rex
2439 3694 2825 3760 Germaniae
2887 3697 2999 3760 in·

682 3793 1066 3858 terfuerunt.
1165 3790 1628 3856 Godeschalcus
1675 3790 2016 3855 damnatus
2062 3794 2160 3855 est
2208 3798 2273 3856 et
2315 3793 2615 3856 remissus
2670 3790 2750 3854 ad
2802 3814 2991 3857 suum

681 3876 1703 3973 metropolitanuffifiincmarum
1737 3883 2188 3953 Rhemensem.
2267 3888 2364 3952 Ex
2397 3889 2632 3953 litteris
2677 3888 2756 3952 ad
2785 3886 2994 3955 Hinc-

680 4007 928 4049 marum
1006 4007 1043 4049 a
1107 3984 1378 4049 Rabano
1456 3985 1625 4049 datis
1702 3984 2029 4049 sententia
2102 3986 2329 4067 synodi
2403 3987 2480 4050 de
2557 3984 2991 4052 Godeschalco

680 4082 1018 4166 colligitur.
1131 4079 1376 4146 Notum
1445 4079 1560 4160 sit,
1642 4081 1866 4145 scribit
1931 4082 2215 4163 praesul,
2295 4079 2652 4146 Dilectioni
2716 4085 2989 4161 vestrae,

680 4178 849 4260 quod
901 4176 1169 4260 quidam
1219 4197 1592 4261 qyrovaqus
1652 4175 2006 4241 monachus
2058 4176 2317 4243 nomine
2379 4176 2797 4259 Godeschalk,
2870 4180 2999 4261 qui
