3270 5028
926 217 945 248 Ι

898 464 981 517 De
1019 463 1400 518 Decretalibus
1437 463 2017 518 Pseudo-IsidorianiS.
2511 465 2616 516 265

300 605 645 671 recentiori
717 610 1002 688 tempore
1069 605 1482 668 eminuerunt
1547 606 1624 670 A.
1681 602 2023 687 Theinerl)
2088 610 2153 669 et
2214 601 2617 687 Eichhorn‚²)

303 703 544 768 Romae
616 703 776 766 illud
852 723 1010 784 opus
1087 702 1477 779 confectum,
1571 710 1637 764 et
1710 700 2170 766 Collectionem
2246 701 2615 765 auctoribus

307 799 614 863 Romanis
673 797 1098 863 Pontificibus
1161 797 1238 862 ad
1300 797 1812 881 amplificandam
1881 799 2160 881 ipsorum
2225 801 2612 881 potestatem

305 897 713 978 compilatam
779 916 935 959 esse.
987 912 993 918 ’
1047 893 1170 960 Sed
1230 894 1390 958 haec
1451 894 1782 958 sententia
1839 896 1978 978 jam
2043 899 2117 958 ut
2180 893 2442 958 omnino
2509 914 2611 956 ex·
2661 886 2926 990 mintigna-

302 993 486 1076 plosa
545 990 840 1055 habenda
898 995 1010 1054 est.
1127 989 1423 1055 Sufficiat
1492 991 2033 1068 animadvertere,
2106 988 2172 1054 1⁰
2237 991 2442 1075 prima
2509 1012 2615 1054 ve·
2834 978 2844 988 ’

303 1088 501 1170 stigia
563 1087 971 1152 Collectionis
1031 1109 1153 1151 nec
1215 1086 1457 1151 Romae
1512 1110 1632 1151 nec
1689 1088 1759 1152 in
1823 1088 2013 1152 Italia
2071 1088 2365 1173 invenxiri.
2478 1086 2618 1150 Imo

307 1183 378 1247 2⁰
442 1207 520 1248 ex
582 1184 866 1267 epistolis
929 1183 1368 1248 Romanorum
1434 1184 1825 1248 Pontificum
1889 1185 2063 1249 illius
2127 1185 2386 1259 aetatis,
2457 1182 2619 1247 L'eo—

304 1282 405 1345 nis
466 1278 582 1346 IV.
652 1284 717 1344 et
781 1279 1027 1345 Nicolai
1090 1281 1139 1344 Ι.
1208 1284 1500 1364 apparet,
1568 1281 1722 1364 ipsis
1785 1279 2458 1345 Pseudo-Decretales
2517 1279 2620 1342 vel

304 1377 476 1441 haud
515 1381 705 1442 notas
752 1377 966 1455 fuisse,
1017 1378 1115 1440 vel
1161 1376 1384 1441 iisdem
1434 1398 1540 1441 eos
1587 1399 1721 1442 non
1766 1379 1941 1441 nisos
1989 1399 2156 1454 esse,
2206 1377 2303 1441 uti
2350 1377 2620 1441 inferius

306 1474 678 1538 videbimus.
783 1473 1004 1556 Atque
1071 1471 1141 1536 3⁰
1203 1474 1397 1537 etiam
1464 1474 1891 1557 subsequenti
1953 1478 2241 1558 tempore
2312 1495 2428 1557 per
2495 1473 2621 1536 duo

306 1571 556 1635 saecula
627 1592 826 1654 usque
902 1570 980 1633 ad
1046 1570 1329 1635 Leonem
1393 1569 1510 1634 IX.
1587 1570 1863 1635 Romani
1926 1571 2269 1636 Pontifices
2341 1572 2410 1634 in
2487 1570 2624 1634 suis

299 1668 555 1752 juribus
618 1667 874 1732 tuendis
940 1689 1074 1731 non
1141 1671 1576 1751 provocarunt
1638 1667 1719 1730 ad
1785 1667 2441 1733 Pseudo-Decretales
2506 1666 2619 1730 Isi-

307 1765 462 1830 dori.
572 1764 1047 1828 Tantummodo
1111 1764 1482 1828 Hadrianus
1536 1763 1619 1828 H.
1686 1764 2029 1847 aliquando
2089 1768 2338 1828 textum
2408 1786 2485 1827 ex
2544 1765 2625 1826 iis

307 1862 539 1926 citasse
585 1866 886 1925 censetur
918 1858 1183 1944 (Anteri
1215 1861 1598 1944 epistolam),
1642 1862 2017 1924 nullatenus
2063 1865 2282 1925 tamen
2331 1860 2409 1924 ad
2442 1882 2622 1924 suam

309 1959 752 2023 auctoritatem
802 1957 1275 2034 vindicandam,
1333 1957 1443 2021 sed
1490 1957 1909 2040 comprobans
1964 1957 2209 2021 factum
2253 1958 2620 2041 praesulum

311 2055 587 2131 Galliae,
654 2055 763 2139 qui
826 2055 907 2119 ob
969 2076 1197 2138 graves
1256 2055 1539 2118 rationes
1605 2056 1967 2138 episcopum
2029 2076 2106 2118 ex
2162 2077 2295 2119 una
2349 2054 2493 2119 sede
2553 2054 2622 2117 in

310 2154 500 2216 aliam
568 2151 1057 2216 transtulerant.
1172 2149 1510 2215 Caeterum
1587 2148 1661 2213 4⁰
1723 2151 1979 2234 quando
2056 2150 2334 2215 Romani
2404 2151 2623 2214 Ponti·

309 2250 456 2313 fices
518 2250 725 2312 citant
784 2252 1002 2312 textus
1049 2248 1464 2324 Pontificum,
1526 2269 1634 2311 eos
1695 2247 2092 2317 attribuunt.
2124 2248 2202 2312 iis
2260 2247 2626 2312 recentiori·

310 2347 429 2410 bus
495 2367 764 2430 quorum
829 2367 1052 2409 revera
1113 2349 1297 2422 sunt,
1366 2367 1416 2409 e.
1461 2366 1520 2429 g.
1584 2343 1968 2408 Innocentio
2029 2345 2126 2408 vel
2189 2343 2427 2421 Leoni,
2490 2365 2625 2407 non

309 2464 459 2507 vero
507 2442 978 2526 antiquioribus
1012 2443 1139 2506 illis
1180 2443 1377 2505 trium
1423 2441 1711 2526 priorum
1755 2441 2150 2505 saeculorum
2183 2440 2627 2517 Pontificibus.

311 2540 540 2624 quibus
593 2539 785 2603 iidem
844 2545 1064 2604 textus
1115 2540 1183 2603 in
1243 2538 1990 2604 Pseudo-Decretalibus
2052 2540 2477 2622 applicantur.
2537 2572 2624 2582 ———

312 2636 411 2718 Ex
473 2635 643 2699 hisce
708 2635 958 2701 abunde
1019 2641 1228 2720 patet,
1293 2637 1665 2701 nullatenus
1725 2634 1967 2699 Romae
2026 2635 2396 2699 auctoribus
2461 2634 2625 2697 Pon-

310 2733 623 2807 tificibus‚
672 2737 745 2795 ut
790 2755 972 2797 suam
1017 2734 1484 2818 amplificarent
1529 2734 2011 2808 auctoritatem,
2063 2733 2240 2796 illam
2288 2730 2621 2803 Collectio·

310 2851 458 2893 nem
509 2828 745 2893 editam
792 2829 1008 2894 fuisse.

490 2961 591 3025 54.
657 2961 878 3044 Aliqui
941 2966 1230 3026 auctores
1273 2964 1689 3036 censuerunt,
1754 2961 1820 3024 in
1882 2957 2215 3040 Hispania
2264 2960 2622 3044 confectam

311 3058 508 3122 fuisse
575 3057 1030 3122 Collectionem
1105 3056 1875 3134 Pseudo-Decretalium,
1955 3078 2027 3119 eo
2096 3055 2264 3139 quod
2333 3077 2484 3139 prae
2556 3077 2629 3118 se

310 3155 478 3218 ferat
543 3152 793 3217 Isidori
850 3175 1116 3230 nomen,
1173 3153 1340 3237 quod
1402 3175 1477 3217 ea
1534 3154 1870 3217 contineat
1930 3175 2094 3236 quae
2152 3154 2222 3216 in
2282 3150 2346 3218 S.
2396 3151 2623 3215 Isidori

309 3252 709 3335 Hispalensis
783 3250 1175 3315 Collectione
1246 3249 1747 3322 inveniebantur
1824 3247 1991 3333 (aliis
2060 3246 2347 3333 additis),
2428 3247 2621 3332 quod·

313 3370 438 3433 que
506 3347 600 3413 ita
671 3347 1135 3411 existimaverit
1197 3346 1586 3410 Hincmarus
1655 3345 2064 3424 Rhemensi8‚
2150 3347 2259 3429 qui
2325 3348 2390 3409 in
2460 3345 2624 3410 libro

314 3445 761 3528 Capitulorum
811 3442 946 3507 LV.
1009 3447 1237 3507 contra
1292 3441 1719 3507 Hincmarum
1766 3442 2094 3525 juniorem
2150 3443 2398 3507 scribit:
2462 3439 2622 3505 Cam

314 3540 390 3604 de
433 3539 598 3623 ipsis
642 3538 981 3605 sententiis
1033 3538 1229 3621 plena
1276 3537 1364 3601 sit
1408 3538 1539 3602 ista
1586 3542 1796 3616 terra,
1852 3537 2021 3603 sicat
2064 3543 2125 3603 et
2170 3539 2244 3603 de
2291 3538 2455 3603 libro
2502 3538 2622 3603 col-

315 3637 623 3701 lectarum
672 3635 1094 3718 epistolarum
1141 3634 1219 3698 ab
1267 3633 1552 3713 Isidoro,
1615 3654 1801 3715 quem
1848 3634 1923 3697 de
1967 3634 2301 3718 Hispania
2346 3635 2623 3700 allatum

315 3733 630 3815 Ricalfns
696 3731 1132 3814 Moqnntinus
1191 3730 1521 3812 episcopus
1584 3730 1659 3795 in
1723 3729 2122 3813 hujusmodi,
2193 3731 2363 3797 sicut
2434 3737 2493 3795 et
2550 3732 2621 3796 in

316 3829 602 3913 epistolis
655 3828 855 3911 reyiis
918 3827 1248 3893 studiosus
1310 3827 1591 3891 obtinuit
1603 3876 1620 3907 ,
1688 3830 1749 3891 et
1804 3826 1967 3892 istas
2034 3828 2328 3911 reqiones
2387 3849 2466 3893 ex
2509 3828 2630 3893 illo

314 3926 553 4009 repleri
603 3925 776 4008 fecit.
836 3963 922 3971 —-
983 3927 1294 3991 Attamen
1357 3927 1551 3988 etiam
1607 3924 1765 3988 haec
1826 3925 2041 4008 opmio
2102 3928 2181 3991 ob
2239 3926 2472 3991 solidas
2529 3949 2627 3990 ra·

499 4118 539 4189 1)
578 4120 660 4174 De
698 4118 1246 4173 Pseudo-Isidoriana
1285 4117 1619 4171 Collectione
1661 4119 1811 4171 1827.
1850 4135 1900 4185 p.
1941 4119 2025 4170 71.

494 4197 539 4265 2)
577 4198 991 4262 Kirchenrech‘r,
1031 4197 1093 4251 B.
1131 4196 1174 4248 Ι.
1213 4212 1265 4262 p.
1308 4198 1423 4248 158.
