3270 5028
523 403 560 468 Χ

864 454 1074 510 Causae
1112 454 1305 521 quibus
1344 453 1582 510 schisma
1617 461 2019 524 praeparatum.
2252 511 2255 514 ,
2493 457 2596 507 325

288 596 633 666 Occidente
694 597 1085 680 conjunctim
1182 594 1308 665 Sed
1368 597 1610 661 multae
1668 598 1938 662 aderant
1995 603 2131 661 tum
2194 618 2271 659 ex
2328 598 2594 680 antiquo

283 699 422 757 tum
472 715 550 757 ex
595 692 935 758 recentiori
981 698 1269 776 tempore
1317 693 1630 776 reliquiae
1689 698 1755 758 et
1799 694 2092 777 germina
2137 692 2485 757 discordiae
2533 697 2598 756 et

285 790 627 866 scissionis,
676 789 1096 873 omnibusque
1140 790 1265 853 illis
1313 790 1650 854 elementis
1695 812 1847 855 usus
1895 796 1993 854 est
2024 788 2307 853 'Photius
2358 789 2598 852 effecit-

284 908 438 970 que,
505 890 582 949 ut
635 883 1043 967 differentiae
1097 886 1483 972 multiplices
1528 886 1703 950 inter
1763 886 2129 951 Orientales
2182 891 2247 949 et
2294 884 2596 949 Occiden-

285 983 449 1048 tales
496 987 903 1047 verterentur
947 983 1014 1047 in
1063 981 1524 1068 oppositionem
1570 984 1954 1061 violentam,
2021 980 2326 1061 schisma,
2387 986 2451 1045 et
2506 1001 2597 1044 se-

276 1078 693 1160 parationem
742 1102 779 1142 a
826 1077 987 1142 Sede
1033 1077 1344 1146 Romana.
1432 1078 1556 1143 Illa
1600 1080 1890 1162 germina
1945 1079 2273 1143 scissionis
2320 1079 2604 1162 istasque-

286 1176 681 1264 differentias
728 1175 1062 1259 aliquanto
1110 1176 1470 1242 accuratius
1520 1173 2162 1255 commemoremusst)

465 1324 523 1386 7.
571 1322 815 1406 Magna
851 1325 986 1408 jam
1036 1324 1115 1387 ab
1163 1323 1434 1405 antiquo
1480 1328 1767 1405 tempore
1813 1321 2159 1387 diversitas
2206 1328 2341 1386 erat
2388 1318 2601 1403 quoad
2658 1320 2903 1425 Ῑζξὶξῑῧῑῒω

286 1418 721 1484 characterem
791 1424 850 1482 et
916 1417 1196 1483 indolem
1263 1420 1435 1483 inter
1500 1425 1728 1503 gentes
1796 1415 2013 1503 stirpis
2051 1418 2414 1483 xsso‘manae
2488 1440 2598 1482 seu
2763 1395 2786 1425 ⁰
2825 1397 2858 1425 δ’

288 1514 581 1601 Latinae,
631 1511 698 1579 et
729 1516 902 1581 inter
933 1538 1039 1581 eas
1073 1538 1235 1601 quae
1270 1538 1347 1580 ex
1392 1514 1955 1604 stirpef‘Hellenica
1997 1539 2108 1580 seu
2144 1515 2390 1581 Graeca
2419 1515 2602 1599 prod·

284 1616 524 1695 ierant3
614 1612 961 1696 eademque
1044 1613 1380 1676 diversitas
1417 1605 1631 1676 ‘ratio
1709 1617 1847 1680 erat
1925 1613 2258 1697 cujusdam
2328 1618 2598 1695 antago-

286 1711 508 1787 nismi,
586 1712 691 1794 qui
756 1732 871 1794 per
932 1703 1309 1794 religionem
1375 1709 1792 1774 christianam
1854 1711 2060 1773 minui
2124 1710 2412 1793 quidem,
2489 1709 2601 1773 sed

287 1830 421 1871 non
466 1808 721 1890 penitus
764 1805 961 1870 deleri
1007 1807 1239 1889 potuit.
1334 1805 1773 1870 Romanorum
1823 1807 2013 1870 etiam
2060 1807 2402 1891 gentilium
2453 1829 2601 1890 pro-

287 1905 628 1987 pensiones
682 1904 1057 1981 severioreS,
1120 1908 1186 1966 et
1246 1925 1456 1967 mores
1504 1903 1708 1987 magis
1753 1902 1969 1988 viriles
2028 1925 2100 1967 ac
2144 1924 2405 1987 graves»,
2460 1925 2599 1968 sae-

287 2001 431 2083 pius
478 1995 770 2064 auctores
814 2005 951 2063 tum
1000 1999 1237 2083 pagani
1282 2005 1417 2063 tum
1467 1998 1801 2064 christiani
1850 2000 2400 2081 commendarunt,
2449 2000 2597 2063 dum

286 2097 569 2164 indolem
629 2098 993 2160 naturalem
1053 2098 1306 2160 illorum
1374 2096 1753 2179 depingunt.
1863 2095 2144 2160 Celebris
2207 2101 2308 2161 est
2367 2097 2598 2161 descri-

205 2266 209 2270 ⁴
288 2196 428 2276 ptio
483 2193 720 2256 indolis
780 2215 852 2257 ac
912 2214 1162 2257 morum
1224 2191 1552 2256 Romanae
1612 2194 1858 2272 gentis,
1933 2210 2093 2275 quae
2153 2195 2220 2257 in
2280 2194 2460 2257 libris
2523 2191 2599 2256 de

295 2287 570 2353 Civitate
646 2287 779 2351 Dei
851 2311 889 2352 a
958 2288 1021 2353 S.
1091 2289 1462 2373 Augustino
1530 2287 1892 2353 exhibetur.
2017 2289 2198 2353 Inter
2274 2292 2400 2354 alia
2475 2292 2596 2354 ait:

303 2385 551 2449 Veteres
587 2383 801 2467 iyitur
834 2383 1170 2466 primique
1215 2380 1522 2463 Romani,
1571 2432 1585 2446 .
1635 2432 1649 2446 .
1699 2434 1711 2445 .
1760 2383 2056 2465 quamvis
2112 2390 2188 2451 nt
2233 2386 2403 2451 aliae
2442 2407 2595 2467 yen-

289 2486 382 2547 tes
434 2481 579 2546 deos
634 2480 839 2563 falsos
896 2479 1197 2561 colerent,
1265 2484 1481 2546 tamen
1538 2479 1754 2546 laudis
1815 2480 2022 2563 avidi,
2074 2484 2393 2565 pecuniae
2450 2482 2597 2549 libe-

288 2579 460 2644 rales
524 2582 747 2658 erant;
809 2566 1093 2660 yloriam
1159 2576 1515 2661 inqentem,
1585 2576 1854 2644 divitias
1920 2578 2221 2646 honestas
2287 2580 2596 2659 volebant,

289 2676 458 2741 hanc
503 2674 956 2740 ardentissime
1001 2674 1398 2753 dilexerunt,
1451 2679 1720 2756 propter
1765 2674 1932 2740 hanc
1976 2675 2190 2741 vivere
2234 2677 2596 2756 voluerunt,
2646 2732 2651 2735 Α

281 2794 408 2860 pro
482 2771 603 2836 hac
678 2775 739 2836 et
814 2771 981 2836 mori
1049 2791 1182 2836 non
1250 2770 1729 2836 dubitaverunt.
1849 2771 2150 2838 Caeteras
2213 2773 2599 2855 cupiditates

289 2868 491 2950 hujus
549 2866 753 2933 unius
812 2866 1065 2950 inqenti
1125 2866 1480 2949 cupiditate
1532 2873 1936 2950 presserunt.
2040 2868 2265 2950 Ipsam
2327 2868 2598 2951 denique

289 2963 581 3047 patriam
626 2983 840 3042 snam,
899 2963 1212 3044 quoniam
1262 2963 1507 3028 servire
1565 2963 1922 3030 videbatur·
1956 2965 2339 3048 inqlorium,
2399 2965 2598 3031 domi-

290 3061 447 3127 nari
493 3081 639 3125 vero
686 3064 878 3141 atque
922 3060 1245 3140 imperare
1285 3059 1670 3141 yloriosmm
1720 3060 1919 3142 prius
1965 3061 2142 3128 omni
2188 3062 2402 3128 stadio
2451 3062 2598 3127 libe-

290 3178 457 3236 ram,
507 3155 733 3222 deinde
775 3155 1104 3221 dominam
1136 3175 1267 3220 esse
1297 3155 1831 3241 concupierant.2)
1900 3158 2058 3222 Inde
2094 3161 2287 3223 etiam
2320 3161 2600 3244 dignitas

475 3399 752 3465 ¹)'Fusius
792 3399 1043 3467 exposita
1080 3398 1329 3452 invenies
1368 3399 1503 3453 haec
1541 3400 1684 3466 apud
1721 3398 2156 3468 Hergenrother,
2195 3400 2444 3467 PhotiuS,
2483 3408 2521 3455 t.
2556 3401 2601 3456 Ι.

332 3521 344 3535 .
384 3481 679 3533 295--312,

293 3499 326 3548 p
471 3558 515 3625 ²)
553 3558 635 3612 De
674 3557 792 3611 Civ.
832 3558 932 3612 Dei
969 3558 1032 3612 L.
1070 3557 1137 3612 V.
1175 3573 1219 3612 e.
1260 3559 1341 3610 12.
1380 3587 1448 3593 „
1485 3556 1758 3624 Virgilius
1796 3557 1863 3610 ab
1901 3558 2215 3626 Augustino
2255 3560 2458 3614 citatus
2495 3561 2601 3614 Ro-

293 3655 570 3693 manorum
609 3638 842 3692 indolem
880 3638 1008 3692 istis
1045 3636 1293 3691 versibus
1332 3635 1510 3689 canit:

640 3718 931 3772 Excudent
966 3717 1061 3770 alii
1102 3715 1372 3783 spirantia
1409 3714 1627 3770 mollius
1668 3730 1822 3782 aera;

644 3795 815 3851 Credo
854 3795 1120 3864 equidem,
1159 3793 1316 3848 vivos
1355 3795 1557 3848 ducent
1594 3794 1662 3847 de
1698 3808 1966 3848 marmore
2004 3795 2216 3849 vultus:

645 3875 889 3930 Orabunt
927 3890 1120 3945 causas
1159 3874 1378 3942 melius3
1419 3873 1663 3940 coelique
1700 3880 1912 3926 meatus

643 3954 971 4009 Describent
1006 3953 1158 4007 radio
1193 3959 1254 4008 et
1292 3952 1577 4020 surgentia
1614 3951 1795 4006 sidera
1833 3951 2030 4006 dicent.

647 4033 956 4102 Turegere
994 4032 1217 4101 imperio
1255 4031 1498 4099 populos,
1536 4030 1799 4092 Romane,
1836 4035 2122 4084 memento,

645 4111 764 4165 Hae
799 4112 901 4166 tibi
939 4121 1103 4167 erunt
1140 4103 1286 4164 artes
1324 4109 1552 4178 pacique
1588 4109 1865 4176 imponere
1903 4124 2124 4172 morem,

646 4191 879 4245 Parcere
915 4189 1199 4258 subjectiS,
1238 4195 1295 4243 et
1332 4189 1606 4244 debellare
1647 4188 1923 4256 superbos,
1995 4187 2214 4242 AEneid.
2252 4191 2347 4243 VI.
