3270 5028
944 457 1151 513 Causae
1188 457 1554 526 principatum
1588 462 2005 526 praeparantes.
2168 514 2177 522 ,
2556 458 2625 510 93

313 623 466 667 suos
522 601 978 684 gubernabant
1037 601 1245 664 instar
1300 599 1635 664 feudorum
1705 598 2166 683 independenti
2222 599 2355 663 fere
2408 601 2628 664 aucto-

314 700 514 764 ritate
532 744 548 774 ,
622 703 689 762 et
747 699 893 781 jure
953 695 1382 760 haereditario
1446 716 1562 778 pro
1624 695 1886 761 familiis
1949 695 2101 760 suis.
2217 693 2403 760 Inter
2466 695 2625 760 istos

313 797 583 860 ducatus
644 794 917 877 majores
978 794 1166 856 erant
1215 790 1451 856 Forum
1512 792 1701 868 Julii,
1764 790 2099 875 Spoletum
2162 796 2229 856 et
2296 790 2626 856 Beneven-

317 899 488 970 tum,
546 895 612 955 et
656 889 996 974 praecipue
1050 889 1238 953 duces
1286 884 1678 972 Spoletanus
1731 911 1805 953 ac
1851 887 2347 953 Beneventanus
2390 889 2626 972 passim

311 987 570 1074 regibus
637 987 1033 1052 resistebant
1099 988 1166 1049 et
1229 986 1671 1050 autonomiam
1737 986 1862 1051 sibi
1927 985 2361 1050 vindicabant.
2468 984 2625 1049 Fre-

316 1089 594 1170 quenter
643 1083 835 1147 etiam
881 1083 1057 1146 inter
1102 1082 1310 1146 varios
1361 1081 1551 1147 duces
1609 1082 2037 1147 dissensiones
2095 1086 2282 1146 erant
2329 1088 2394 1147 et
2438 1082 2626 1159 bella,

313 1203 588 1266 suasque
631 1179 1060 1264 possessiones
1108 1178 1354 1262 singuli
1400 1184 1717 1262 quantum
1763 1183 2067 1264 poterant
2097 1178 2370 1243 dilatare
2415 1177 2626 1243 stude-

315 1281 504 1356 bant,
569 1275 756 1341 Italis
819 1297 933 1340 seu
997 1274 1274 1359 Imperio
1329 1273 1618 1340 Orientis
1683 1275 1915 1359 oppida
1978 1297 2050 1340 ac
2112 1275 2439 1339 territoria
2502 1275 2626 1339 eri-

315 1375 585 1460 pientes,
677 1372 960 1437 Maxima
1020 1371 1273 1456 quidem
1339 1377 1526 1455 parte
1585 1396 1622 1437 a
1686 1371 2133 1457 Longobardis
2181 1371 2371 1437 Italia
2427 1395 2626 1455 expu-

312 1474 516 1557 gnata
558 1470 715 1548 fuit,
774 1473 1065 1533 attamen
1114 1469 1196 1533 ab
1244 1490 1463 1533 eorum
1515 1470 1676 1555 jugo
1723 1469 1912 1534 liberi
1958 1473 2453 1554 permanserunt
2498 1447 2663 1605 Im-)

313 1568 620 1653 perioque
691 1565 925 1630 addicti
1001 1564 1381 1630 exarchatus
1457 1564 1978 1631 Ravennatensis
2046 1588 2191 1631 cum
2259 1564 2636 1653 Pentapoli„

311 1665 578 1729 ducatus
622 1661 986 1737 RomanuS,
1046 1659 1470 1726 Venetiarum
1517 1662 1875 1745 territoria,
1936 1667 2002 1726 et
2046 1662 2277 1727 Italiae
2328 1662 2626 1727 meridio-

314 1762 482 1827 nalis
524 1760 741 1843 plures
786 1758 1173 1842 provinciae.

496 1858 598 1924 15.
646 1854 1086 1937 Longobardi,
1135 1855 1247 1938 qui
1295 1876 1491 1938 quum
1541 1853 1611 1918 in
1657 1853 1914 1919 Italiam
1960 1856 2417 1940 irrumperent,
2462 1876 2625 1940 gens
2645 1868 2774 1912 Italis
2812 1881 2957 1911 exosa·

313 1959 501 2021 erant
562 1952 905 2018 admodum
969 1952 1271 2028 barbara,
1339 1973 1454 2034 per
1517 1952 1732 2034 plures
1797 1974 2003 2016 annos
2070 1952 2368 2017 caedibus
2432 1926 2656 2111 atque(

313 2051 556 2135 rapinis
619 2070 781 2133 quas
844 2047 1312 2131 expugnabant
1384 2048 1684 2131 regiones
1742 2052 2182 2113 vastaverunt.
2302 2048 2625 2113 Paulatim

314 2148 572 2233 quidem
620 2145 1089 2229 aliquantisper
1133 2149 1481 2228 coeperunt
1524 2166 2000 2223 mansuescere,
2058 2146 2343 2210 moribus
2402 2149 2626 2209 tamen

313 2245 396 2310 ab
455 2242 642 2308 Italis
705 2263 959 2324 semper
1015 2241 1210 2305 alieni
1269 2245 1751 2318 remanserunt,
1823 2263 1945 2307 nec
2004 2264 2287 2326 unquam
2347 2241 2498 2306 Itali
2561 2247 2627 2306 et

315 2337 728 2424 Longobardi
758 2338 1034 2402 victores
1082 2338 1176 2402 ita
1221 2338 1549 2403 commixti
1593 2342 1768 2416 sunt,
1818 2342 1894 2402 ut
1940 2361 2132 2403 unam
2173 2339 2376 2403 veluti
2420 2339 2626 2403 natio·

311 2459 464 2502 nem
510 2436 887 2501 formarent.
963 2435 1279 2499 Italorum
1315 2435 1522 2500 ‚animi
1565 2458 1603 2499 a
1633 2434 2078 2520 Longobardis
2123 2436 2384 2521 penitus
2431 2436 2627 2500 alieni

314 2538 533 2616 erant,
593 2538 661 2597 et
705 2532 964 2597 nonnisi
1009 2532 1213 2596 invite
1258 2533 1765 2597 dominationem
1812 2540 1879 2598 et
1923 2535 2156 2618 jugum
2203 2555 2423 2598 eorum
2469 2533 2627 2598 fere·

310 2633 489 2696 bant.
606 2630 729 2694 Per
798 2629 1045 2713 aliquot
1115 2628 1423 2694 decennia
1490 2630 1801 2714 religione
1835 2621 2124 2715 ‘quoque
2187 2629 2622 2715 Longobardi,

257 2759 262 2764 ·
313 2749 514 2812 quum
563 2725 799 2790 Ariani
860 2728 1105 2804 essent,
1170 2726 1251 2790 ab
1313 2725 1497 2790 Italis
1554 2726 2196 2804 discriminabantur,
2259 2727 2368 2791 sed
2426 2727 2623 2792 etiam

310 2828 653 2909 postquam
699 2843 892 2906 opera
939 2824 1313 2905 praesertim
1346 2821 1821 2910 Theodolindae
1867 2824 2128 2908 reginae
2167 2826 2436 2889 ineunte
2483 2846 2620 2888 sae-

312 2920 455 2984 culo
503 2920 778 3003 septimo
841 2919 1119 2983 maxima
1179 2941 1326 3003 pars
1388 2920 1767 2985 catholicam
1828 2919 2017 2984 fidem
2068 2922 2376 3005 suscepit,
2435 2942 2619 3003 sepa-

311 3016 478 3081 ratio
540 3017 622 3081 ab
680 3016 1006 3100 indigenis
1075 3014 1305 3081 Italiae
1360 3016 1586 3080 incolis
1649 3016 2036 3099 perduravit.
2144 3015 2220 3080 Id
2283 3017 2619 3100 praecipue

310 3112 461 3177 inde
506 3113 823 3198 provenit,
868 3111 1038 3196 quod
1084 3112 1204 3176 sub
1249 3116 1541 3197 respectu
1586 3113 1757 3177 civili
1803 3116 1997 3198 atque
2051 3114 2313 3197 politico
2360 3112 2618 3197 Longo-

310 3208 655 3274 bardorum
702 3209 884 3273 natio
927 3207 1050 3272 sibi
1094 3209 1212 3273 soli
1244 3208 1597 3274 dominium
1646 3212 1713 3273 et
1755 3210 2292 3295 gubernationem
2328 3209 2620 3291 retinuit,

311 3305 640 3390 Italosque
685 3309 762 3370 ut
817 3305 1141 3389 subjectos
1186 3305 1433 3370 habuit.
1523 3304 1724 3371 Initio
1779 3306 2131 3371 invasionis
2178 3308 2617 3384 barbarorum,

308 3402 404 3467 uti
465 3402 770 3479 diximus,
836 3403 1067 3486 ingens
1121 3406 1368 3486 strages
1427 3409 1492 3467 et
1549 3403 1875 3486 oppressio
1932 3404 2245 3468 Italorum
2308 3403 2557 3481 accidit,
2570 3400 2619 3486 ι)

1387 3591 1405 3616 1

490 3633 533 3700 ¹)
578 3633 783 3687 Paulus
821 3633 1078 3688 diaconus
1125 3638 1413 3702 postquam
1463 3634 1746 3689 enarravit
1790 3641 2018 3690 mortem
2055 3634 2277 3691 Alboini
2323 3643 2381 3693 et
2426 3638 2618 3706 Clephi

310 3711 401 3781 qui
457 3711 643 3780 paucis
699 3713 855 3766 annis
913 3718 1242 3782 regnarunt,
1291 3714 1462 3769 refert
1511 3714 1637 3768 dein
1685 3713 2061 3783 interregnum
2116 3717 2301 3771 decem
2357 3734 2618 3773 annorum

307 3791 479 3845 fuisse
520 3792 618 3844 sub
668 3791 800 3844 solis
839 3792 1092 3857 ducibus,
1143 3809 1206 3847 ac
1243 3794 1310 3848 de
1354 3792 1464 3847 isto
1511 3799 1757 3862 tempore
1796 3794 2009 3848 scribit:
2062 3794 2196 3863 „His
2235 3796 2422 3851 diebus
2457 3797 2618 3852 multi

308 3868 569 3924 nobilium
605 3869 972 3924 Romanorum
1009 3871 1077 3926 ob
1116 3870 1473 3940 cupiditatem
1511 3873 1706 3927 ducum
1741 3873 2026 3927 interfecti
2064 3879 2219 3942 sunt,
2256 3875 2452 3942 reliqui
2486 3892 2616 3931 vero

309 3964 410 4016 per
446 3948 690 4016 hospites
729 3949 919 4015 divisi,
957 3954 1021 4003 ut
1056 3951 1283 4005 tertiam
1320 3956 1533 4019 partem
1570 3967 1790 4006 suarum
1825 3952 2045 4021 frugum
2082 3952 2462 4023 Longobardis
2500 3972 2618 4023 per-

310 4027 613 4094 solverent,
662 4027 939 4082 tributarii
978 4028 1299 4085 efficiuntur.
1373 4030 1484 4085 Per
1520 4031 1619 4085 hos
1656 4030 2145 4100 Longobardorum
2182 4033 2346 4088 duces
2384 4035 2616 4102 septimo

309 4120 451 4160 anno
489 4106 556 4160 ab
594 4108 839 4161 adventu
863 4107 1064 4162 Albuin
1102 4113 1159 4163 et
1190 4109 1365 4164 totius
1405 4108 1610 4178 gentis,
1649 4109 1902 4178 spoliatis
1940 4110 2207 4178 ecclesiis,
2247 4113 2616 4167 sacerdotibus

308 4183 642 4252 interfectis,
688 4184 1009 4241 civitatibus
1047 4186 1317 4252 subrutis,
1369 4188 1583 4257 populis
1632 4189 1725 4257 qui
1770 4202 1919 4243 more
1964 4194 2214 4259 segetum
2260 4198 2618 4248 excreverant
