3270 5028
389 3878 648 3930 Legatorum

402 3940 615 3982 adventus

693 448 799 498 384
1369 445 1547 498 XVII.
1585 446 1670 499 De
1700 442 1993 540 schismate
2028 444 2318 499 Photiano.

873 587 974 651 77.
1036 586 1215 652 Sicut
1269 588 1392 651 ista
1445 582 1892 670 Imperatoris,
1953 587 2047 650 ita
2103 588 2378 651 maxime
2434 586 2676 672 Ignatii
2737 588 3051 671 epistola.

693 684 1010 767 singulari
1064 684 1132 747 in
1194 683 1572 748 Pontificem
1621 683 1982 768 Romanum
2041 685 2408 748 reverentia
2468 685 2834 768 conscripta
2893 691 3040 759 est,

696 783 892 864 atque
945 780 1016 844 in
1063 780 1184 844 hac
1240 781 1611 844 continetur
1656 782 1975 863 primatus
2030 781 2101 844 in
2159 782 2520 844 universam
2571 780 2930 845 Ecclesiam
2989 803 3041 844 a.

657 875 952 940 =Christo
1001 877 1288 941 instituti
1319 881 1543 960 aperta
1592 880 1659 940 et
1688 878 1991 942 solemnis
2036 877 2367 960 professio.
2442 876 2787 941 Exordium
2834 878 3032 940 enim

696 973 1003 1055 epistolae
1060 972 1373 1056 ejusmodi
1431 979 1555 1037 est:
1620 971 1875 1036 Eorum
1921 971 2265 1037 vulnerum
2328 976 2520 1053 atque
2565 971 2847 1037 livorum
2898 970 3035 1053 qni

693 1068 767 1132 in
812 1066 1116 1131 membris
1171 1067 1453 1134 hominis
1509 1068 1873 1133 consistunt
1928 1068 2165 1133 multos
2219 1068 2492 1133 medicos
2533 1069 2815 1151 protulit
2876 1088 3028 1147 ατε,

694 1164 863 1230 hanc
908 1164 1164 1246 quidem
1212 1165 1585 1247 passionem
1641 1165 1771 1230 alio
1826 1165 2177 1248 accipiente
2229 1170 2290 1230 et
2333 1165 2609 1231 alteram
2654 1166 2891 1245 altero,
2952 1171 3029 1230 et

686 1282 810 1344 per
854 1261 1320 1344 experientiam
1368 1266 1752 1343 amputante
1798 1266 1858 1326 et
1897 1263 2217 1342 medente;
2261 1283 2482 1328 eorum
2527 1283 2676 1327 vero
2721 1283 2891 1344 quae
2938 1263 3025 1326 in

694 1358 1001 1423 membris
1065 1362 1223 1423 sunt
1281 1357 1538 1423 Christi
1609 1364 1672 1423 et
1730 1359 1862 1423 Dei
1926 1358 2292 1424 Salvatoris
2354 1358 2644 1424 omnium
2704 1364 3023 1424 nostrum

696 1455 958 1537 capitis,
1032 1458 1092 1519 et
1161 1475 1433 1536 sponsae
1497 1455 1844 1520 catholicae
1901 1455 2257 1535 Ecclesiae,
2325 1476 2532 1521 unum
2601 1456 3021 1539 sinyularem

685 1551 1176 1635 praecellentem
1238 1557 1433 1633 atque
1490 1552 2061 1617 catholicissimum
2126 1552 2440 1617 medicum
2503 1552 2643 1640 ipse
2700 1553 3027 1636 princeps

694 1669 1013 1729 summus,
1080 1653 1140 1713 et
1200 1649 1605 1741 fortissimus
1667 1670 1902 1729 serm0,
1963 1653 2025 1713 et
2079 1649 2418 1714 ordinator
2478 1654 2539 1714 et
2593 1654 2888 1730 curator,
2955 1655 3025 1715 et

693 1747 869 1810 solus
915 1766 995 1810 ex
1026 1750 1155 1811 toto
1187 1746 1514 1828 mayister,
1563 1746 1751 1811 Deus
1783 1745 2073 1811 omnium
2104 1746 2442 1828 produxit,
2486 1746 2775 1811 videlicet
2822 1751 3021 1813 tuam

690 1843 1062 1925 fraternam
1110 1841 1540 1908 Sanctitatem
1585 1847 1646 1906 et
1682 1846 2032 1925 paternam
2077 1842 2491 1920 Almitatem;
2526 1848 2799 1925 propter
2842 1864 3026 1925 quae

694 1937 868 2003 dixit
912 1938 1108 2004 Petro
1152 1960 1388 2022 mayno
1447 1943 1509 2003 et
1556 1960 1804 2004 summo
1852 1939 2343 2022 Apostolorum:
2405 1940 2507 2004 Tu
2551 1960 2616 2004 es
2659 1940 2904 2006 Petrus
2955 1947 3023 2005 et

694 2056 889 2117 super
941 2036 1110 2101 hanc
1155 2042 1413 2119 petram
1468 2040 1576 2100 etc.
1681 2035 1774 2100 Et
1825 2035 2101 2101 iterum:
2169 2036 2316 2101 Tibi
2361 2036 2522 2101 dabo
2569 2036 2774 2102 claves
2817 2038 3022 2122 reyni

695 2132 1011 2197 coelorum
1056 2137 1166 2198 etc.
1267 2133 1453 2198 Tales
1491 2132 1665 2197 enim
1723 2133 1941 2197 beatas
1985 2154 2163 2198 voces
2206 2154 2339 2198 non
2383 2134 2733 2200 secundum
2781 2155 3018 2217 quam-

693 2229 844 2294 elam
887 2230 1113 2310 utique
1143 2235 1377 2295 sortem
1415 2228 1877 2312 Apostolorum
1916 2228 2213 2311 principi
2243 2230 2451 2295 solum
2497 2229 3019 2314 circumscripsit

694 2331 755 2390 et
799 2326 1108 2406 definivit,
1155 2328 1264 2391 secl
1300 2348 1423 2410 per
1467 2348 1613 2391 eum
1661 2327 1747 2391 ad
1791 2347 2025 2404 omnes,
2073 2326 2187 2408 qai
2220 2331 2372 2409 post
2414 2326 2604 2392 illum
2649 2329 3009 2394 secundum

693 2423 911 2506 ipsum
958 2423 1281 2505 efficiendi
1323 2427 1528 2494 erant
1578 2424 1819 2488 summi
1864 2427 2190 2506 pastores,
2254 2428 2315 2487 et
2364 2423 2762 2489 divinissimi
2806 2426 3014 2490 sacri·

695 2542 816 2603 que
850 2521 1205 2602 Pontifices
1257 2521 1535 2587 senioris
1579 2521 1856 2601 Romae,
1913 2520 2297 2587 transmisit.
2389 2521 2484 2585 Et
2534 2521 2674 2587 ideo
2727 2523 2806 2588 ab
2849 2523 3010 2588 olim

693 2623 755 2683 et
789 2618 1010 2701 prisco
1054 2623 1334 2702 tempore
1379 2619 1454 2684 in
1500 2618 1746 2683 exortis
1795 2617 2170 2682 haeresibus
2214 2622 2275 2682 et
2321 2618 3012 2700 praevaricationibus

693 2715 1124 2780 eradicatores
1179 2721 1240 2779 et
1294 2716 1785 2797 interemptores
1839 2715 2167 2780 malarum
2222 2715 2665 2795 eieaniarum‚
2725 2720 2787 2780 et
2836 2716 3008 2782 labe-

688 2812 1019 2894 factorum
1064 2818 1123 2877 et
1166 2813 1437 2895 penitus
1492 2811 1955 2877 insanabiliter
2013 2811 2496 2894 aeqrotantium
2551 2812 3007 2889 membrorum,

692 2909 885 2974 multi
929 2911 1254 2976 multoties
1295 2908 1462 2992 facti
1499 2913 1656 2974 sunt
1686 2929 1925 2988 eorum,
1975 2908 2088 2989 qui
2120 2907 2548 2973 Sanctitatem
2590 2913 2652 2972 et
2682 2929 3008 2974 summam

694 3004 1172 3073 Paternitatem
1202 3011 1386 3072 tuam
1417 3006 1553 3070 illic
1570 3010 2086 3088 praecesserunt,
2131 3025 2522 3070 successores
2551 3005 2790 3070 scilicet
2808 3006 3004 3089 prin-

692 3103 855 3185 cipis
910 3103 1400 3187 Apostolorum,
1470 3108 1529 3167 et
1598 3101 1783 3166 illius
1840 3101 2048 3166 zelum
2102 3102 2176 3166 in
2234 3101 2359 3180 fide
2425 3121 2589 3182 quae
2650 3103 3005 3167 secundum

697 3199 1039 3266 Christum
1085 3205 1178 3265 est
1214 3201 1564 3279 imitantes,
1613 3204 1674 3263 et
1713 3219 1890 3264 nunc
1933 3198 2179 3263 nostris
2224 3197 2616 3279 temporibus
2646 3198 3009 3264 Beatituclo

693 3301 810 3361 tua
855 3297 1048 3380 diyne
1094 3296 1404 3362 tractavit
1450 3296 1675 3361 datam
1720 3295 1846 3359 sibi
1890 3314 1931 3360 a
1984 3293 2250 3360 Christo
2284 3293 2743 3376 potestatem.¹)
2821 3294 2999 3360 Nihil

693 3396 1210 3479 magnificentius
1279 3396 1492 3459 afferri
1561 3398 1775 3477 potest
1836 3393 1916 3456 ad
1981 3392 2409 3476 probandum,
2491 3392 2771 3457 Graecos
2848 3400 3009 3458 ante

689 3491 970 3557 schisma
1030 3492 1303 3556 Romani
1352 3491 1690 3555 Pontificis
1753 3491 2099 3573 primatum
2155 3491 2304 3574 jure
2358 3488 2576 3553 divino
2629 3490 3001 3554 institutum

692 3589 1065 3672 agnovisse,
1116 3588 1488 3672 praesertim
1537 3610 1681 3652 cum
1729 3591 1951 3670 postea
1994 3585 2233 3667 Synodi
2281 3589 2544 3649 octavae
2586 3584 2815 3650 Patres
2861 3607 3001 3649 eam

689 3684 932 3770 Ignatii
983 3686 1317 3768 epistolam
1364 3686 1669 3749 canonice
1716 3684 2018 3766 scriptam
2067 3685 2134 3745 et
2189 3683 2445 3765 plenam
2487 3682 2786 3766 justitiae
2831 3682 3003 3745 dixe·

691 3783 844 3860 rint,
892 3786 958 3845 et
1005 3781 1269 3846 Actioni
1313 3782 1545 3846 tertiae
1593 3779 1836 3863 synodi
1883 3780 2395 3843 interseruerint.

872 3879 973 3944 78.
1052 3877 1286 3963 Legati
1356 3878 1622 3943 Romam
1694 3877 2144 3960 pervenientes
2205 3872 2542 3939 Nicolaum
2611 3873 2852 3958 Papam
2920 3875 3000 3938 ad

621 3971 630 3982 ’
693 3975 897 4039 Deum
962 3977 1266 4059 migrasse
1327 3976 1747 4051 invenerunt,
1820 3973 1919 4038 cui
1983 3972 2084 4035 die
2158 3971 2258 4034 14.
2323 3970 2691 4035 Decembris
2752 3993 2807 4034 a.
2873 3970 2998 4035 867

877 4183 913 4249 ¹)
950 4183 1049 4249 Ap.
1092 4182 1274 4236 Labbe
1302 4182 1457 4236 VIII.
1497 4181 1596 4235 col.
1640 4184 1791 4234 1009.
