3270 5028
624 397 727 449 164
1150 394 1298 461 XIV.
1338 394 1420 448 De
1459 393 1610 447 civili
1646 394 1711 447 R.
1748 393 2029 448 Pontificis
2065 393 2393 462 principatu.

621 535 839 601 Minus
908 537 1072 602 bene
1135 559 1285 602 vero
1350 537 1676 620 perspexit
1731 537 2026 600 Martens
2078 535 2221 612 illa,
2294 556 2455 618 quae
2522 557 2600 600 ex
2661 559 2928 620 respon-

618 635 800 698 sione
862 633 1088 700 Oarolo
1148 634 1298 697 data
1360 633 1428 697 in
1492 633 1882 715 vituperium
1943 632 2130 696 affert
2188 631 2545 697 PontificiS.
2650 632 2929 697 Hadria-

618 752 770 808 nus,
844 735 1181 816 postquam
1246 729 1557 794 refutavit
1631 750 1709 792 ea.
1774 750 1939 812 quae
2008 730 2232 791 contra
2303 725 2631 810 Synodum
2696 729 2926 796 Nicae-

617 849 770 892 nam
835 848 872 889 a
917 826 1146 892 Oarolo
1209 827 1500 910 opposita
1563 829 1781 901 erant,
1845 828 2039 907 atque
2103 823 2417 902 Ostendit,
2484 824 2693 908 quoad
2756 826 2929 893 hanc

619 924 1064 1007 quaestionem
1109 924 1188 987 de
1235 923 1414 986 cultu
1458 923 1815 1007 imaginum
1861 922 2025 984 bene
2071 922 2273 1006 egisse
2323 919 2719 1001 Orientales,
2775 945 2924 988 con-

617 1020 935 1103 queritur,
999 1042 1105 1084 eos
1167 1041 1302 1083 non
1360 1013 1447 1082 in⁴
1493 1018 1791 1082 omnibus
1856 1017 2188 1082 obsecutos
2244 1038 2379 1081 esse
2440 1020 2577 1102 ejus
2632 1019 2926 1085 admoni-

524 1160 527 1161 ν
617 1116 933 1194 tionibuS,
989 1138 1062 1181 ac
1113 1122 1455 1199 propterea
1510 1116 1604 1179 ait
1652 1114 2197 1178 confirmationem
2249 1113 2517 1178 Concilii
2563 1138 2601 1178 a
2652 1137 2719 1180 se
2766 1139 2925 1182 non-

616 1212 767 1276 dum
823 1211 1036 1275 datam
1087 1234 1241 1277 esse.
1333 1211 1673 1296 Agebatur
1727 1216 1942 1275 autem
2000 1234 2133 1274 non
2194 1212 2403 1276 solum
2456 1211 2533 1275 de
2579 1213 2923 1277 restituen-

617 1310 712 1373 dis
766 1309 1168 1392 patrimoniis
1215 1308 1484 1386 ablatiS,
1542 1307 1652 1371 sed
1696 1304 1980 1371 maxime
2033 1305 2501 1393 degprovincia
2555 1307 2918 1387 tota-*eccle-

613 1402 882 1470 siastica
965 1399 1256 1486 Illyrici,
1351 1426 1543 1488 quam
1625 1404 2058 1489 jurisdictioni
2147 1405 2557 1487 patriarchali
2643 1406 2921 1470 Romani

616 1480 1423 1586 anffis‘ffmp‘eratores
1481 1503 1909 1566 iconoclastae
1953 1502 2430 1567 subtraxerant.
2521 1502 2726 1578 Quum
2786 1525 2918 1568 mo·

615 1602 771 1665 nitis
834 1599 1149 1664 Hadriani
1206 1599 1326 1662 hac
1384 1600 1455 1663 in
1516 1620 1585 1662 re
1641 1597 1863 1662 surdas
1924 1619 2108 1660 aures
2172 1596 2400 1662 Graeci
2459 1598 2919 1682 praebuissent,

612 1697 1063 1780 indignatione
1128 1695 1436 1760 Pontifex
1510 1695 1881 1770 tenebatur,
1961 1697 2026 1756 et
2091 1716 2306 1759 secum
2381 1695 2775 1760 deliberabat
2843 1696 2921 1760 de

616 1793 902 1881 censuris
967 1792 1407 1856 ecclesiasticis
1477 1791 1547 1855 in
1605 1792 1751 1856 illos
1812 1790 2209 1855 adhibendis,
2318 1791 2453 1857 Hos
2518 1793 2717 1856 animi
2772 1792 2921 1856 sen2

615 1880 729 1956 sus*
768 1878 1280 1972 Caroloaperit,
1336 1889 1486 1952 dum
1533 1888 1780 1952 scribit:
1836 1886 1965 1964 „Et
2019 1888 2091 1951 in
2145 1888 2266 1953 hoc
2311 1889 2705 1967 ostenditur,
2769 1890 2920 1972 quia

616 2010 695 2051 ex
742 2009 873 2051 uno
919 1987 1198 2069 capitulo
1258 1986 1338 2049 ab
1393 2007 1609 2050 errore
1667 1985 1908 2048 reversi
1967 1990 2149 2062 sunt,
2213 1990 2278 2049 et
2338 2007 2414 2049 ex
2472 1985 2616 2050 aliis
2671 1985 2919 2058 duobus

614 2085 685 2148 in
749 2083 968 2148 eodem
1041 2086 1426 2166 permanent
1498 2104 1733 2146 errore.
1842 2079 1912 2144 Si
1976 2082 2147 2145 enim
2211 2083 2447 2166 ubique
2512 2083 2921 2148 Christiano-

612 2205 758 2246 rum
835 2180 1132 2244 ecclesiae
1203 2179 1510 2243 canonice
1583 2180 1862 2243 intactas
1942 2201 2089 2242 suas
2173 2180 2501 2262 possident
2575 2180 2920 2244 dioeceses:

615 2281 858 2366 quanto
904 2277 1178 2360 amplius
1224 2281 1450 2340 sancta
1503 2275 1817 2340 catholica
1863 2281 1929 2339 et
1986 2277 2335 2358 apostolica
2376 2276 2667 2341 Romana
2720 2278 2918 2341 eccle-

614 2377 736 2453 sia,
789 2395 954 2458 quae
1001 2377 1100 2438 est
1144 2377 1335 2456 caput
1383 2373 1669 2437 omnium
1715 2373 2154 2456 ecclesiarum,
2202 2372 2445 2456 sua[m]
2493 2371 2917 2456 dioecesi[m],

612 2471 910 2539 videlicet
968 2469 1579 2554 archiepiscoporum
1640 2473 1707 2533 et
1771 2469 2237 2553 episcoporum,
2304 2470 2433 2533 imo
2494 2477 2562 2534 et
2618 2470 2920 2554 patrimo-

614 2573 721 2636 nia
789 2592 902 2652 pro
970 2566 1387 2630 luminarium
1455 2565 1952 2630 concinnatione
2022 2570 2213 2650 atque
2292 2568 2612 2631 alimoniis
2682 2590 2919 2651 paupe-

618 2690 781 2744 rum,
842 2663 1272 2747 irrefragabili
1307 2665 1455 2747 jure
1504 2667 1569 2727 et
1615 2667 1841 2727 tenere
1892 2666 1959 2725 et
2002 2663 2326 2746 possidere
2372 2664 2669 2728 omnibus
2716 2664 2919 2728 modis

613 2765 818 2830 debet.
914 2760 1100 2825 Unde
1160 2760 1215 2823 si
1262 2763 1474 2823 vestra
1537 2760 1839 2824 annuerit
1894 2781 1931 2822 a
1992 2759 2129 2825 Deo
2186 2764 2475 2843 protecta
2531 2762 2766 2844 regalis
2816 2783 2919 2825 ex-

613 2860 942 2935 cellentia,
1011 2856 1303 2921 eumdem
1376 2853 1887 2939 (Imperatorem)
1957 2856 2399 2933 adhortamur,
2479 2858 2727 2941 impetu
2801 2880 2916 2941 pro

613 2958 807 3024 sacris
872 2954 1293 3039 imaginibus,
1372 2957 1438 3017 et
1504 2955 1573 3016 in
1647 2953 1991 3036 pristinum
2064 2957 2309 3017 statum
2385 2954 2708 3018 erectione
2774 2975 2917 3038 gra-

614 3057 772 3120 tiam
847 3056 1132 3137 agenteS.
1235 3048 1358 3113 Sed
1430 3050 1507 3113 de
1585 3049 1857 3113 dioecesi
1933 3055 2195 3114 sanctae
2266 3055 2525 3115 nostrae
2584 3050 2917 3115 Romanae

616 3151 915 3216 ecclesiae
975 3152 1110 3212 tam
1174 3148 1797 3230 archiepiscoporum
1857 3169 2049 3232 quarn
2114 3147 2584 3231 episcoporum,
2660 3170 2772 3211 seu
2842 3147 2921 3210 de

613 3246 1049 3332 patrimoniiS,
1121 3246 1358 3310 iterum
1433 3245 1838 3327 increpantes
1911 3264 2404 3308 commonemus,
2527 3244 2614 3307 Et
2672 3245 2727 3307 si
2803 3266 2920 3308 no-

614 3344 810 3409 luerit
856 3365 930 3407 ea
974 3346 1235 3406 sanctae
1294 3347 1556 3405 nostrae
1603 3340 1933 3405 Romanae
1990 3341 2292 3405 ecclesiae
2340 3342 2706 3406 restituere:
2762 3340 2919 3404 hae-

613 3441 884 3505 reticum
931 3460 1075 3502 eum
1125 3460 1237 3521 pro
1290 3437 1672 3523 hujusmodi⁸
1712 3436 1939 3500 erroris
1986 3438 2463 3519 perseverantia
2512 3460 2648 3503 esse
2702 3437 2916 3501 decer-

615 3559 866 3601 nemus:
950 3536 1093 3619 plus
1167 3534 1338 3597 enim
1414 3535 1706 3617 cupimus
1780 3535 2055 3597 salutem
2130 3536 2490 3598 animarum
2567 3540 2633 3599 et
2704 3527 2918 3599 rectae

615 3632 762 3697 fidei
809 3632 1321 3696 stabilimentum
1377 3652 1781 3708 conservare,
1836 3652 2029 3713 quam
2088 3630 2278 3714 hujus
2334 3631 2645 3696 ambitum
2693 3630 2915 3696 mundi

618 3726 1060 3813 possidere“.¹)

794 3826 897 3891 93.
957 3824 1190 3909 Itaque
1245 3823 1580 3889 consilium
1639 3823 1947 3905 puniendi
2003 3845 2274 3889 censura
2326 3826 2751 3890 ecclesiastica
2796 3824 2919 3887 Im-

616 3923 999 4031 peratricem
1048 3920 1327 3985 Orientis
1373 3922 1453 3984 ob
1498 3920 1740 3984 violata
1788 3920 1940 4002 jura
1986 3918 2163 3985 Sedis
2219 3923 2601 4005 apostolicae
2647 3920 2915 3984 Hadria-

797 4128 841 4196 1)
878 4129 945 4185 V.
983 4134 1067 4198 a‘p.
1104 4131 1298 4184 Baton.
1337 4131 1407 4183 ad
1443 4144 1530 4182 an.
1571 4131 1688 4182 794.
1727 4145 1779 4182 n.
1819 4131 1905 4182 50.
