3270 5028
2750 388 2775 395 —

624 429 729 480 332
1301 428 1479 482 XVII.
1520 427 1603 482 De
1641 427 1942 496 schismate
1980 428 2270 482 Photiano.

626 568 1076 634 orientalium:
1133 569 1331 635 Gesta
1359 571 1713 637 Justiniani
1745 571 1798 635 I.
1831 573 2060 634 contra
2092 568 2422 653 vigilium,
2458 569 2500 635 J
2503 567 2819 633 ustiniani
2848 564 2976 631 Π.

626 668 852 729 contra
907 664 1230 750 Sergium,
1291 668 1573 731 maxime
1633 690 1784 732 vero
1844 666 2187 730 violentiae
2252 664 2622 730 commissae
2680 687 2718 728 a
2773 662 2977 728 Con-

626 764 846 826 stante
906 768 1133 826 contra
1190 761 1253 827 S.
1302 761 1660 828 Martinum
1728 784 1946 827 amara
2009 770 2226 825 mente
2288 761 2368 825 ab
2400 759 2973 826 ,occidentalibus

626 858 1175 943 memorabantur3
1239 861 1623 925 recentiores
1690 861 1883 924 etiam
1945 859 2159 921 minae
2228 858 2468 923 feroces
2533 856 2768 921 Leonis
2816 855 2962 920 III.

627 952 932 1018 oblivioni
977 955 1273 1037 profecto
1325 955 1496 1019 haud
1543 961 1731 1021 erant
1787 953 2082 1018 traditae.
2173 953 2383 1029 Quum
2437 976 2626 1037 porro
2676 951 2965 1018 exarchi

624 1048 827 1113 Italos
875 1061 1065 1134 saepe
1104 1052 1548 1116 exactionibus
1594 1074 1667 1116 ac
1710 1051 1948 1116 duritie
1987 1052 2473 1135 oppressissent,
2519 1072 2718 1134 quum
2765 1050 2962 1132 prin-

628 1147 794 1229 cipes
841 1147 1032 1229 plane
1076 1148 1357 1231 indigni,
1404 1148 1706 1227 violenti,
1766 1147 2080 1225 crudeleS,
2139 1148 2474 1225 haeretici,
2533 1148 2726 1231 longa
2772 1146 2966 1210 serie

627 1243 935 1308 thronum
989 1251 1436 1327 occupassent,
1493 1235 1740 1310 aiersio
1800 1251 1863 1309 et
1919 1251 2324 1328 contemptus
2364 1243 2752 1309 Graecorum
2805 1242 2963 1305 ani-

625 1361 761 1403 mos
832 1338 1336 1405 Occidentalium
1410 1348 1798 1425 pervaserat.
1867 1378 1956 1386 --
2003 1340 2436 1405 Vehementer
2500 1341 2695 1404 etiam
2753 1338 2960 1402 Lati-

623 1435 726 1499 nis
802 1435 1215 1519 displicuerat
1285 1438 1794 1521 patriarcharum
1874 1438 2280 1503 GPtanorum
2355 1436 2718 1520 usurpatio,
2807 1457 2953 1517 qua

623 1533 935 1613 paulatim
999 1534 1429 1616 acquisierant
1491 1536 2068 1617 praeeminentiam
2135 1555 2288 1617 prae
2354 1533 2621 1617 reliquis
2683 1531 2954 1596 sedibus

623 1628 1158 1711 patriarchalibus
1235 1629 1553 1708 Orientis,
1633 1636 1701 1695 et
1775 1632 2110 1715 privilegia
2186 1652 2260 1695 ac
2326 1632 2476 1715 jura
2551 1628 2733 1694 Sedis
2807 1626 2944 1691 Ro-

622 1747 851 1789 manae
898 1747 1152 1809 quoque
1207 1727 1444 1812 passim
1487 1728 1743 1792 laedere
1790 1729 2187 1792 videbantur.
2257 1726 2747 1792 Perseverantia
2792 1725 2945 1789 obs-

624 1823 864 1898 tinata,
941 1844 1066 1906 qua
1127 1829 1361 1888 nomen
1416 1821 1851 1909 Pgttriarchae
1907 1823 2294 1908 oecumenici
2349 1824 2472 1889 sibi
2521 1821 2946 1888 vindicabant

623 1918 949 2001 praesules
1010 1917 1632 2003 Constantinopolis,
1701 1909 1930 1987 merito
1989 1922 2314 1986 Romanos
2370 1921 2717 1985 Pontifices
2778 1941 2944 2002 pun-

624 2015 845 2099 gebat,
910 2015 1349 2099 sollicitosque
1379 2016 1734 2100 reddebat,
1795 2042 1878 2084 ne
1934 2021 2156 2103 pejora
2206 2019 2399 2082 etiam
2443 2018 2563 2082 viri
2616 2017 2948 2083 honorum

511 2171 520 2176 „
626 2110 837 2193 cupidi
882 2117 1303 2177 attentarent.
2652 2170 2671 2178 -

326 2204 575 2307 Ρξῑξξξζδῖ-
809 2209 909 2272 19.
998 2207 1209 2283 Quum
1295 2217 1521 2274 contra
1595 2232 1833 2276 nomen
1919 2211 2322 2294 patriarchae
2393 2209 2782 2276 oecumenici
2852 2207 2945 2286 ab

290 2328 418 2369 onae
460 2339 606 2398 ‹30911-
629 2304 755 2367 illis
814 2304 1213 2386 praesulibus
1286 2307 1406 2370 sibi
1468 2307 1786 2370 tributum
1851 2329 2038 2391 saepe
2106 2308 2601 2372 reclamaverint
2658 2304 2944 2369 Romani

346 2400 561 2430 ¹¹¹⁰¹³¹⁰¹·
626 2399 1004 2480 Pontifices,
1079 2402 1394 2485 quaedam
1468 2402 1542 2466 de
1614 2403 1926 2487 ejusmodi
1993 2405 2184 2468 titulo
2258 2404 2517 2489 juvabit
2581 2402 2938 2467 advertere.

627 2495 808 2561 Licet
861 2496 1027 2560 forte
1080 2498 1218 2583 jam
1269 2503 1461 2563 antea
1515 2500 1675 2565 illud
1734 2521 1970 2565 nomen
2033 2500 2356 2566 interdum
2418 2499 2680 2565 honoris
2745 2519 2939 2562 eausa

625 2593 1028 2677 patriarchae
1087 2593 1349 2660 CPtano
1415 2596 1705 2679 daretur,
1774 2599 2014 2681 primus
2078 2619 2220 2661 cum
2285 2597 2723 2662 ostentatione
2780 2615 2937 2677 qua-

625 2690 770 2754 dam
838 2689 1007 2755 hanc
1070 2693 1564 2776 appellationem
1634 2696 1978 2779 assumpsit
2048 2693 2336 2759 Joannes
2412 2692 2520 2758 IV.
2591 2693 2938 2776 Jejunator

626 2810 683 2850 a.
736 2787 878 2850 588.
970 2786 1128 2867 Hic,
1176 2790 1270 2853 ait
1317 2787 1379 2854 S.
1431 2789 1562 2854 Leo
1606 2789 1720 2855 IX.
1767 2789 2032 2873 (Labbe,
2083 2789 2194 2854 IX.
2243 2789 2400 2873 954)
2450 2786 2694 2853 ‘nimiae
2746 2784 2934 2851 va‘ni-

628 2881 785 2946 tatis
829 2903 1060 2948 nomen
1102 2883 1227 2949 sibi
1264 2884 1527 2967 primas
1568 2885 1942 2968 usurpavit,
2002 2884 2115 2950 ubi
2159 2905 2224 2948 se
2271 2905 2311 2949 a
2358 2884 2606 2949 canetis
2656 2902 2929 2948 oecume-

627 2979 847 3044 nicam
897 2979 1384 3063 patriarcham,
1446 2982 1488 3046 i.
1531 3002 1581 3049 e.
1629 2981 2090 3063 universalem,
2155 2987 2217 3046 et
2267 2981 2396 3046 dici
2458 2985 2518 3045 et
2575 2979 2770 3044 scribi
2823 2978 2929 3042 de·
3010 3034 3017 3039 .

628 3076 769 3140 bere
837 3076 1131 3142 decrevit.
1242 3077 1446 3143 Sensu
1513 3080 1781 3144 litterali
1841 3103 2088 3165 usuque
2145 3072 2312 3164 apud
2342 3084 2658 3144 'auctores
2721 3098 2934 3141 sacros

626 3179 690 3237 et
751 3175 1053 3257 profanos
1111 3183 1366 3258 recepto
1427 3179 1766 3260 οἰκουμένη
1832 3173 2519 3259 significabat'orbem
2591 3179 2929 3247 terrarum,

625 3270 906 3354 adeoque
966 3271 1350 3355 significatio
1408 3273 1594 3338 obvia
1659 3273 2110 3357 appellationis
2177 3272 2580 3357 patriarchae
2644 3290 2926 3334 oecume-

626 3366 756 3430 nici
825 3388 1047 3430 revera
1115 3389 1189 3433 ea
1268 3373 1435 3446 erat,
1513 3374 1588 3432 ut
1659 3369 2044 3453 exprimeret
2114 3368 2542 3454 patriarcham
2605 3367 2931 3432 universa·-

624 3463 749 3527 lem
817 3464 1017 3527 totius
1085 3464 1256 3529 orbis
1327 3465 1690 3545 christiani,
1763 3467 1965 3530 totius
2035 3465 2384 3543 Ecclesiae,
2457 3487 2573 3529 seu
2649 3463 2926 3528 omnium

627 3558 1139 3624 Christianorum
1196 3561 1266 3624 in
1324 3562 1475 3625 orbe
1517 3562 1874 3635 terrarum.
1968 3563 2186 3647 Atque
2227 3563 2308 3627 ob
2370 3558 2703 3648 ejusmodi·
2735 3560 2927 3644 signi-

626 3654 989 3719 ficationem
1058 3658 1258 3722 verbo
1321 3659 1579 3723 insitam
1652 3655 1717 3724 S.
1791 3658 2137 3743 Gregorius
2205 3659 2292 3724 M.
2366 3663 2628 3743 ejusque
2695 3679 2927 3722 succes-

623 3773 795 3815 sores
864 3752 1094 3817 acriter
1165 3776 1231 3818 se
1301 3759 1734 3838 opposuerunt
1811 3757 2210 3839 usurpationi
2282 3757 2454 3821 illius
2526 3756 2736 3868 ¹³inst
2809 3777 2926 3819 nec

625 3848 763 3911 ausi
830 3853 983 3911 sunt
1054 3851 1430 3934 plerumque
1509 3851 1910 3934 patriarchae
1988 3852 2232 3918 GPtani
2306 3854 2377 3917 in
2453 3853 2777 3937 rescriptis
2850 3853 2924 3916 ad

605 3942 852 4007 *Sedem
913 3943 1347 4028 Apostolicam
1411 3947 1595 4011 illum
1669 3949 1928 4012 titulum
2000 3971 2336 4014 assumere.
2447 3949 2512 4014 S.
2580 3948 2923 4034 Gregorius

627 4038 1084 4125 Mag..aliique
1124 4041 1469 4108 Pontifices
1528 4043 1597 4107 in
1644 4066 1761 4107 sua
1815 4047 2297 4130 oppugnatione
2351 4051 2922 4130 supponunt,'pa·.

625 4136 936 4202 triarchas
996 4159 1218 4203 revera
1286 4142 1631 4223 primatum
1702 4141 2039 4225 quemdam
2102 4143 2528 4208 universalem
2595 4142 2713 4206 sibi
2777 4143 2924 4206 arri·
