3270 5028
652 428 766 479 394
1335 424 1515 478 XVII.
1554 424 1638 479 De
1675 423 1968 478 schismate
2003 422 2290 477 PhotianO.

653 568 816 643 ficia,
867 571 1061 630 antea
1106 565 1478 630 solemniter
1523 565 2029 631 declaraverunt.
2105 566 2210 629 Ita
2255 565 2529 629 habetur
2576 566 2647 629 in
2691 564 3003 631 Actione

657 668 898 748 quarta
944 659 1214 746 Synodi:
1267 659 1684 726 Sanctissimi
1726 659 1965 725 vicarii
2008 660 2285 726 senioris
2329 661 2578 726 Romae
2621 660 3003 725 dixerunt:

661 759 756 823 Εἰ
814 779 971 842 quos
1026 756 1245 822 dicitis
1307 756 1665 836 introduci,
1730 756 2070 840 ignorant,
2140 756 2299 839 quid
2345 757 2677 846 judicavit
2739 760 2997 821 sancta

661 857 968 922 Romana
1037 852 1347 919 ecclesia?
1434 854 1703 920 Baanes
1766 853 2446 936 maynificentissimus
2504 853 2839 936 patricius
2919 857 2995 917 et

650 951 1067 1042 praepositus
1131 950 1334 1015 dixit:
1397 949 1765 1033 Iynorant;
1827 970 1967 1016 cum
2029 950 2202 1016 enim
2263 972 2396 1017 non
2458 956 2665 1016 essent
2716 950 2991 1032 ibidem,

659 1069 774 1115 nec
819 1047 1154 1114 audissent
1212 1067 1372 1129 opus
1416 1051 1705 1112 vestrum
1749 1046 1825 1113 in
1876 1047 2144 1132 faciem,
2200 1048 2465 1130 ‘qualem
2517 1047 2985 1113 certitudinem

650 1145 890 1211 ,habere
933 1144 1080 1209 illos
1136 1163 1217 1209 ex
1273 1143 1510 1209 auditu
1555 1143 1756 1209 vultis
1809 1144 1896 1210 ad
1943 1164 2130 1209 suam
2189 1143 2401 1227 ipsius
2441 1144 2777 1229 (ipsorum)
2823 1165 2981 1209 con—

647 1242 1130 1308 demnationem
1146 1240 1183 1303 ‚9
1273 1239 1584 1306 Donatus
1658 1244 1719 1304 et
1774 1239 2145 1323 Stephanus
2210 1240 2340 1307 Dei
2401 1239 2784 1306 amicissimi
2836 1240 2983 1323 epi-

650 1340 834 1423 scopi
879 1342 939 1403 et
983 1337 1298 1402 Marinus
1343 1336 1920 1403 reverendissimus
1965 1337 2278 1404 diaconus
2321 1342 2583 1403 sanctae
2628 1338 2985 1404 Romanae

649 1434 971 1515 ecclesiae,
1020 1431 1417 1499 sanctissimi
1458 1432 1698 1498 vicarii
1741 1434 2019 1499 senioris
2061 1436 2327 1515 Romae,
2373 1436 2720 1501 dixerunt:
2765 1434 2983 1500 Nobis

658 1555 791 1600 non
847 1532 991 1597 licet
1045 1529 1406 1596 rescindere
1450 1529 1785 1613 judicium
1841 1552 2178 1597 sacrorum
2233 1532 2685 1598 Romanorum
2740 1530 2981 1597 Ponti-

646 1630 888 1712 ficum;
932 1628 1047 1693 hoc
1090 1626 1263 1692 enim
1310 1626 1717 1692 contrarium
1759 1632 1853 1692 est
1896 1628 2224 1695 canonicis
2267 1628 2612 1709 institutis,
2660 1628 2982 1711 quoniam

655 1730 1025 1811 praesentes
1084 1723 1220 1789 illic
1268 1745 1393 1806 per
1450 1724 1758 1807 proprios
1829 1724 2057 1790 missos
2129 1730 2189 1791 et
2251 1725 2499 1791 Romae
2565 1726 2983 1791 demorantes

659 1828 886 1889 contra
960 1842 1025 1885 se
1099 1820 1486 1887 sententiam
1566 1825 1627 1885 et
1691 1822 2023 1903 prolatam
2094 1823 2579 1888 damnationem
2647 1822 2722 1887 in
2798 1822 2979 1887 Pho-

653 1920 827 1986 tium
899 1924 961 1983 et
1026 1917 1099 1984 in
1164 1938 1402 1984 manus
1469 1916 1944 1999 impositionem
2013 1919 2154 2002 ejus
2220 1923 2280 1984 et
2335 1918 2691 1985 audierunt
2759 1924 2821 1984 et
2893 1919 2982 1983 Zi—

650 2016 853 2099 quido
908 2014 1291 2080 didicerunt.
1396 2014 1851 2079 Verumtamen
1896 2020 1973 2080 ut
2017 2015 2526 2099 manifestiorem
2575 2015 2685 2098 eis„
2707 2017 2980 2099 justam

645 2112 1121 2196 judicationem
1199 2114 1459 2176 sanctae
1530 2110 1871 2176 Romanae
1945 2112 2237 2177 ecclesiae
2306 2112 2665 2195 faciamus,
2749 2113 2977 2197 inqre-

651 2210 936 2275 diantur
995 2213 1054 2273 et
1115 2206 1476 2272 eaeaudiant
1539 2206 1666 2291 leqi
1726 2208 2068 2289 synodicas
2135 2209 2537 2290 definitiones
2604 2214 2664 2275 et
2703 2210 2976 2294 judicia

655 2305 1018 2372 beatissimi
1081 2304 1302 2387 Papae
1366 2303 1652 2384 Nicolai,
1715 2308 1776 2368 et
1838 2305 2272 2387 certificentur
2331 2306 2542 2389 mayis
2605 2328 2681 2373 ac
2740 2308 2976 2389 magis.

663 2400 1301 2486 Maynifi'centissimi
1369 2405 1429 2464 et
1490 2400 1951 2484 yloriosissimi
2013 2402 2349 2486 principes
2412 2402 2756 2469 dixerunt:
2825 2405 2977 2469 Hoc

653 2501 898 2566 honum
944 2502 1038 2564 est
1081 2502 1140 2563 et
1187 2496 1530 2580 optimum,
1590 2497 1871 2565 audiant
1915 2498 2018 2564 illi
2047 2499 2380 2583 judicium
2439 2499 2792 2567 beatissimi
2835 2501 2971 2568 Pa-

651 2617 780 2680 pae
810 2594 1072 2661 Nicolai
1116 2594 1190 2660 in
1236 2599 1574 2677 conspectu
1618 2599 1859 2676 nostr0,
1908 2600 1967 2660 et
1995 2596 2054 2661 si
2084 2597 2432 2673 habuerint
2478 2598 2647 2679 quod
2691 2598 2777 2663 ad
2821 2620 2969 2664 con·

660 2693 1132 2771 tradictionem,
1178 2691 1408 2772 dicent,
1457 2697 1576 2757 aut
1608 2693 1918 2774 persuasi
1950 2693 2385 2774 acquiescent,·
2431 2694 2601 2776 quod
2644 2695 2703 2760 si
2733 2694 2972 2760 habent

661 2789 1162 2869 contradicendi,
1210 2788 1578 2872 suscipiant
1614 2789 1962 2872 propriam
1993 2790 2510 2870 damnationem
2555 2790 2614 2856 si
2643 2813 2790 2857 vero
2835 2813 2968 2857 non

649 2886 1086 2970 susceperint,
1137 2891 1292 2951 tunc
1332 2885 1442 2966 fiet
1491 2885 1660 2966 quod
1702 2885 1914 2951 visum
1956 2886 2167 2969 fuerit
2212 2888 2584 2954 canonibus,
2637 2927 2715 2936 —
2764 2891 2966 2966 Quum

657 2987 857 3071 legati
912 2986 1244 3066 timerent,
1306 3006 1388 3047 ne
1443 2984 1716 3047 nimium
1773 2983 1928 3067 quid
1984 2985 2080 3048 illi
2135 2985 2378 3049 vellent
2426 2986 2762 3052 Photianis
2818 3009 2968 3051 con-

654 3083 815 3161 cedi,
865 3086 929 3146 et
975 3080 1449 3164 aliquantulum
1497 3080 1615 3143 hac
1663 3080 1740 3144 de
1786 3102 1853 3144 re
1887 3081 2377 3165 disceptaretur,
2423 3086 2743 3165 postremo
2787 3106 2969 3168 prae-

655 3178 803 3245 cisis
852 3179 1059 3242 verbis
1111 3177 1446 3241 dixerunt:
1494 3175 1988 3256 Incrediantur,
2037 3177 2146 3241 sed
2190 3198 2308 3242 nos
2337 3198 2469 3242 non
2507 3183 2778 3261 propter
2822 3200 2966 3244 con-

651 3273 1007 3341 tentionem
1072 3271 1459 3337 advocamus
1518 3292 1648 3352 eos,
1724 3272 1832 3338 sed
1887 3278 1964 3338 ut
2024 3277 2283 3339 tantum
2343 3272 2699 3338 beatissimi
2751 3295 2967 3358 papae

653 3370 921 3438 Nicolai
966 3368 1302 3452 epistolam
1349 3368 1706 3455 audiant.¹)
1747 3370 1789 3449 (

836 3469 939 3532 88.
999 3460 1230 3551 Legati
1280 3466 1610 3531 Pontificis
1659 3467 1805 3531 dein
1863 3468 2055 3531 etiam
2104 3468 2485 3550 rescriptum
2530 3467 2840 3532 dederunt
2885 3468 2963 3531 ad

660 3567 1153 3648 Imperatorem,
1218 3583 1346 3645 quo
1394 3563 1825 3646 exponebant,
1875 3564 2178 3628 Photium
2226 3565 2363 3647 jam
2412 3564 2771 3646 judicatum
2830 3586 2962 3628 esse

649 3685 734 3727 ac
778 3661 1186 3737 damnatum,
1247 3659 1532 3743 adeoque
1588 3659 1757 3724 haud
1813 3659 2189 3737 convenire,
2253 3664 2328 3724 ut
2379 3661 2515 3744 ipse
2569 3665 2634 3725 et
2690 3661 2962 3725 asseclae

649 3761 797 3844 ejus
845 3758 1055 3822 denuo
1087 3756 1559 3836 examinentur,
1607 3757 1714 3821 sed
1763 3757 1825 3820 id
1854 3761 2113 3821 tantum
2144 3757 2456 3840 reliquum
2501 3779 2657 3836 esse,
2704 3761 2781 3822 ut
2824 3779 2961 3822 sen·

646 3855 867 3920 *tentia
912 3854 982 3917 in
1029 3873 1137 3916 eos
1184 3853 1317 3917 lata
1362 3855 1729 3918 executioni
1774 3854 2132 3918 mandetur.
2226 3854 2536 3918 Attamen
2593 3877 2792 3939 quum
2834 3853 2958 3919 Im·

652 3956 916 4036 perator
961 3970 1072 4032 spe
1106 3950 1646 4014 reconciliationis
1678 3951 1906 4015 ductus
1952 3972 2095 4015 eum
2139 3955 2204 4014 et
2234 3951 2506 4015 asseclas
2555 3952 2692 4036 ejus
2738 3951 2960 4017 adduci

843 4157 887 4224 1)
925 4157 1030 4210 efr.
1071 4157 1253 4211 Labbe
1280 4157 1436 4211 Vm.
1477 4160 1628 4211 1017.
1673 4161 1823 4212 1018.
