3270 5028
938 381 1024 438 De
1061 382 1442 438 Decretalibus
1478 385 2056 441 Pseudo-Isidorianis
2549 392 2651 443 277

339 523 552 603 deres‚
606 529 671 589 et
717 524 874 588 mihi
933 525 1073 591 dari
1132 526 1404 600 faceres,
1468 532 1541 589 ut
1589 548 1704 610 per
1763 529 1876 593 illa
1934 551 2036 593 me
2095 529 2537 595 concrederem
2588 536 2653 595 et

340 621 516 687 adeo
545 645 646 687 me
692 623 813 688 tibi
859 626 1299 711 subjugarem,
1355 627 1429 687 ut
1482 619 1676 706 (sicut
1714 625 2064 707 mandasti)
2119 627 2315 691 verba
2374 648 2652 712 evange·

340 720 462 783 lica
509 723 574 785 et
630 725 979 807 apostolica
1030 725 1225 805 atque
1281 713 1618 798 canonica,
1678 742 1845 803 quae
1866 779 1867 782 ,
1891 723 2010 786 tibi
2066 726 2132 788 et
2187 724 2484 788 ecclesiae
2530 724 2653 787 tibi

338 818 709 884 commissae
759 821 1146 896 direxeram,
1204 817 1356 901 igne
1414 837 1778 882 cremarem.
1825 867 1841 884 .
1892 867 1908 884 .
1954 868 1969 885 .
2015 819 2157 885 Hoc
2211 842 2487 905 namque
2542 842 2652 904 po·

338 915 553 980 culum
616 917 788 1001 quod
850 915 1192 983 confecisti
1250 934 1368 982 ex.
1395 914 1765 978 nominibus
1829 920 2198 981 sanctorum
2267 917 2652 1001 apostolicae

336 1012 505 1077 sedis
558 1012 981 1091 Pontificum,
1048 1010 1232 1096 quasi
1301 1009 1380 1074 ad
1444 1032 1556 1075 ora
1605 1009 1798 1077 melle
1862 1012 2131 1077 oblitum
2191 1018 2281 1078 et*
2314 1014 2652 1079 indiscrete
2693 1014 2966 1119 Extpextaditur

337 1111 787 1194 commixtum,
856 1112 934 1176 de
1003 1131 1131 1194 quo
1193 1107 1320 1172 tibi
1378 1108 1745 1173 commissos
1816 1110 2075 1175 clericos
2138 1110 2518 1194 potionasti,
2588 1116 2653 1174 et
2767 1090 2819 1119 ⁰¹
2844 1089 2907 1118 ω’

338 1207 508 1290 quod
556 1207 935 1292 quibusdam
985 1205 1296 1291 episcopis
1344 1204 1668 1286 obtulisti,
1729 1209 1796 1271 et
1840 1211 2101 1271 satanas
2156 1199 2379 1290 primis
2424 1229 2650 1290 paren·

338 1304 512 1367 tibus
558 1305 799 1369 nostris
854 1306 926 1369 in
979 1302 1273 1387 paradiso
1318 1301 1583 1378 obtulit,
1641 1301 1901 1385 quando
1958 1303 2216 1387 pomur'n
2275 1304 2514 1369 bonum
2573 1303 2653 1368 ad

339 1400 716 1464 vescendum
769 1406 835 1465 et
881 1400 1219 1485 pulchrum
1266 1397 1464 1463 oculis
1520 1403 1908 1482 aspectuque
1955 1399 2330 1465 delectabile
2377 1400 2656 1465 ostendit

339 1498 557 1581 eisque
622 1498 816 1563 dixit:
882 1497 1088 1563 Eritis
1151 1496 1315 1560 sicut
1380 1494 1491 1559 dii.
1551 1542 1567 1558 .
1621 1498 1682 1558 .“
1744 1532 1834 1540 —
1897 1496 2134 1581 Arguit
2196 1495 2343 1561 dein
2418 1498 2657 1581 episco-

339 1617 492 1678 pum
541 1593 1065 1677 Laudunensem,
1127 1593 1328 1678 quod,
1390 1592 1442 1655 si
1500 1591 1669 1656 forte
1726 1613 1859 1657 non
1907 1594 2145 1671 verbis,
2202 1595 2391 1658 rebus
2437 1600 2651 1659 tamen

341 1690 720 1774 quibusdam
770 1692 1076 1775 episcopis
1139 1688 1545 1774 persuadeat:
1611 1688 1872 1770 ‚‚Hanc‚
1924 1689 2257 1773 inquiens,
2319 1696 2540 1755 tenete
2589 1696 2654 1755 et

343 1810 588 1868 mecum
635 1788 992 1852 evindicate
1040 1776 1584 1868 cobnpilatio‘nem,
1641 1789 1706 1849 et
1760 1785 1925 1850 nulli
1979 1786 2103 1852 nisi
2150 1787 2443 1852 Romano
2488 1787 2654 1853 Pon-

341 1885 496 1949 tifici
543 1883 855 1950 debebitis
902 1884 1401 1970 subjectionem,
1464 1887 1530 1947 et
1584 1882 1978 1967 dissipabitis
2018 1905 2261 1948 mecum
2315 1883 2437 1948 Dei
2493 1885 2654 1948 ordi-

342 1982 674 2047 nationem
741 1982 811 2045 in
882 1981 1235 2047 communis
1314 1980 1693 2064 episcopalis
1764 1979 2005 2044 ordinis
2076 1980 2417 2045 discretam
2493 1981 2653 2044 sedi·

342 2079 460 2142 bus
507 2075 1016 2165 dignitatem.“²)
1108 2077 1234 2143 Sed
1284 2099 1352 2142 re
1407 2098 1722 2161 perpensa
1778 2097 2140 2160 censemw,
2199 2077 2369 2142 haud
2431 2099 2510 2143 ex
2554 2078 2654 2142 his

341 2175 567 2239 inferri
622 2197 833 2259 posse,
908 2175 1272 2240 Decretales
1334 2172 1860 2239 Pseudo-Isidori
1922 2180 1998 2237 ut
2053 2174 2301 2257 spurias
2359 2174 2656 2239 habuisse

343 2271 787 2338 Hincmarum.
879 2272 1046 2337 Dum
1094 2274 1548 2338 commemorat
1605 2273 1961 2335 commenta
2017 2274 2081 2335 et
2129 2268 2436 2353 figmenta
2491 2290 2652 2335 com·

331 2366 579 2450 pilata,
642 2391 776 2433 non
824 2369 1120 2453 designat
1176 2372 1252 2432 ut
1305 2367 1582 2432 conficta
1635 2368 1781 2451 ipsa
1835 2367 2218 2432 documenta
2265 2390 2431 2452 quae
2478 2372 2651 2436 attur

343 2467 505 2530 lerat
550 2465 941 2532 Hincmarus
988 2465 1464 2541 Laudunensis‚
1520 2464 1631 2528 sed
1688 2465 1906 2549 tangit
1963 2464 2172 2548 potius
2219 2463 2359 2547 ejus
2404 2466 2652 2530 senten·

343 2561 473 2626 tias
539 2561 691 2627 ‘inde
757 2561 1089 2642 deductas,
1165 2563 1399 2647 quibus
1474 2561 2041 2646 independentiam
2114 2562 2546 2645 episcoporum
2614 2585 2652 2626 a

343 2660 858 2744 metropolitanis
914 2655 1322 2742 asserebat.²)
1413 2659 1650 2725 Totum
1709 2659 2086 2742 opusculum
2144 2658 2422 2742 episcopi
2481 2657 2652 2723 Lau-

342 2757 648 2822 dunensis
694 2761 797 2821 est
842 2757 935 2821 illi
972 2754 1311 2838 poculum,
1370 2755 1560 2837 quasi
1608 2754 1695 2820 ad
1747 2774 1865 2820 ora
1920 2754 2101 2818 melle
2145 2752 2441 2834 oblitum,
2500 2757 2653 2839 quia

344 3016 667 3086 gegebenen
692 3017 1155 3071 unwandelbaren
1182 3016 1417 3071 Gesetze
1452 3032 1560 3069 von
1598 3015 1819 3070 solchen
1845 3015 2269 3080 unterscheidet‚
2308 3015 2513 3068 welche
2550 3031 2652 3067 nur

340 3096 433 3149 fiir
469 3095 783 3150 bestimmte
820 3095 1013 3151 Zeiten
1051 3097 1159 3149 und
1196 3095 1415 3149 Lander
1452 3094 1680 3149 ertheilt
1715 3096 1959 3148 wurden.
2015 3093 2161 3147 Kein
2198 3092 2505 3158 Einzelner‚
2544 3095 2653 3147 und

343 3181 490 3230 ware
529 3189 588 3230 es
627 3176 721 3229 der
755 3175 953 3242 Papst‚
997 3175 1177 3229 konne
1216 3182 1391 3229 etwas
1445 3173 1795 3240 bestimmen‚
1840 3188 1955 3226 was
1998 3173 2099 3225 mit
2130 3173 2299 3241 Jenen
2337 3171 2392 3224 in
2434 3171 2649 3227 Wider·

346 3253 547 3321 spruch
583 3253 762 3318 stehe,
807 3254 918 3307 und
954 3253 1042 3308 die
1078 3253 1572 3321 Papstdecretalen
1619 3252 1814 3306 hatten
1850 3251 2050 3306 keinen
2088 3253 2383 3319 Anspruch
2420 3251 2518 3305 auf
2549 3252 2653 3304 den

345 3333 651 3386 Charakter
701 3332 1059 3400 allgemeiner
1107 3333 1218 3385 und
1265 3331 1354 3385 fiir
1399 3332 1588 3386 immet
1631 3331 1931 3385 bindender
1966 3331 2464 3399 Kirchengesetze‚
2514 3332 2652 3384 noch

342 3412 589 3480 weniger
632 3411 721 3466 die
771 3411 1034 3480 figmenta
1082 3411 1377 3480 compilata
1424 3413 1519 3464 des
1568 3409 1816 3464 falschen
1865 3409 2066 3474 Isidor‚
2107 3409 2265 3478 jene‚
2321 3410 2422 3463 mit
2464 3409 2652 3477 Honig

344 3491 749 3560 geschmierten
785 3490 1129 3557 Giftbiicher,
1174 3491 1385 3544 welche
1431 3489 1518 3544 die
1562 3488 1949 3557 ehrwurdigen
1986 3488 2196 3542 Namen
2242 3491 2341 3543 der
2377 3488 2526 3543 alten
2563 3489 2654 3541 Bi-

345 3571 528 3625 schofe
585 3570 680 3624 des
736 3569 1140 3637 apostolischen
1186 3569 1373 3623 Stuhls
1424 3567 1933 3636 unrechtmassiger
1982 3566 2173 3622 Weise
2228 3583 2298 3621 an
2354 3569 2448 3622 der
2503 3568 2652 3621 Stirn

342 3655 571 3718 triigen,
615 3650 725 3703 und
765 3649 946 3703 nichts
984 3650 1181 3703 auders
1227 3648 1697 3717 beabsichtigten,
1740 3646 1825 3701 als
1872 3647 1958 3701 die
2005 3653 2308 3716 gesammte
2345 3648 2551 3703 Kirche
2596 3649 2651 3701 in

344 3727 700 3784 knechtische
736 3727 1158 3797 Abhangigkeit
1197 3744 1307 3782 von
1344 3727 1521 3783 einem
1557 3726 1863 3780 Einzelnen'
1894 3742 1960 3778 zu
1997 3725 2277 3795 bringen.“
2355 3727 2415 3780 L.
2456 3744 2499 3781 c.

524 3806 567 3869 ¹)
608 3806 803 3874 Opusc.
844 3806 1080 3875 Capitul.
1121 3807 1233 3860 LV.
1275 3822 1319 3861 c.
1354 3805 1548 3860 XLVI.

523 3884 564 3951 2)
604 3886 1016 3939 Advertendum
1057 3891 1171 3951 est,
1217 3885 1568 3938 Hincmarum
1605 3883 1969 3938 Rhemensem
2014 3899 2123 3937 non
2166 3884 2435 3952 respicere
2483 3885 2651 3938 solam

344 3964 708 4018 Collectionem
744 3966 972 4019 alteram
1008 3963 1409 4030 Laudunensi8‚
1459 3978 1595 4030 quae
1642 3962 1960 4017 continebat
2003 3965 2216 4016 tantum
2262 3968 2450 4018 textus
2488 3965 2650 4018 docu-

346 4050 666 4112 mentorum,
706 4044 802 4097 sed
840 4043 1006 4098 etiam
1032 4042 1421 4097 Collectionem
1454 4042 1694 4110 priorem
1721 4047 1779 4096 et
1814 4039 2076 4110 epistolas,
2115 4041 2308 4109 quibus
2346 4042 2652 4097 sententias

346 4138 474 4176 suas
501 4122 588 4176 hic
615 4123 950 4191 proponebat
975 4129 1034 4176 et
1059 4121 1387 4176 vindicabat.
1428 4120 1534 4174 Cfr.
1555 4121 1767 4174 Hincm.
1789 4120 1892 4175 Rh.
1915 4119 2048 4189 Opp.
2075 4126 2115 4174 t.
2146 4121 2219 4174 II.
2247 4136 2298 4187 p.
2326 4123 2428 4174 335
2450 4126 2506 4174 et
2532 4123 2652 4178 341.
