3270 5028
1053 338 1077 369 l

671 445 781 496 256
1021 443 1168 497 XVI.
1211 444 1418 498 Causae
1457 444 1701 499 celebres
1735 450 1792 498 et
1827 445 2146 499 Decretales
2183 444 2637 498 Pseudo-Isidori.

663 606 1038 648 concessum
1086 589 1209 659 est,
1267 589 1342 647 ut
1387 584 1650 649 Missam
1708 589 2028 661 cantaret,
2085 586 2502 670 episcopalem
2556 586 2738 650 daret
2781 587 2989 650 bene-

583 613 605 733 ι
668 682 1037 762 dictionem,
1083 687 1146 746 et
1191 686 1375 764 parte
1422 689 1857 765 proventuum
1905 670 2307 767 episcopatus
2354 683 2695 748 foveretur.
2773 681 2990 747 Hede-

666 779 892 843 ‘nulfus
937 783 1185 854 tamen,
1241 779 1348 862 qui
1401 779 1457 842 ei
1505 780 1897 844 substitutus
1946 784 2085 843 erat
2131 779 2485 864 episcopus,
2543 801 2741 863 quum
2784 780 2987 843 licen-

669 876 829 938 tiam
877 880 1125 958 peteret
1171 874 1528 958 deponendi
1575 898 1739 940 onus
1785 876 2215 959 episcopatuS,
2264 898 2400 940 eam
2445 898 2575 940 non
2623 874 2990 947 obtinuitst')

678 1007 753 1015 —-
824 969 1004 1034 Obiit
1062 969 1447 1036 Hinemarus
1503 971 1951 1037 Laudunensis
2010 995 2137 1036 non
2200 973 2296 1036 ita
2358 973 2562 1036 multo
2626 975 2804 1055 post,
2872 972 2987 1035 ad-

675 1068 797 1133 huc
849 1067 1107 1131 vivente
1169 1069 1482 1133 avunculo
1538 1068 1886 1133 Hincmaro
1935 1068 2303 1133 Rhemensi.
2392 1068 2516 1132 Hic
2561 1089 2711 1133 vero
2767 1089 2800 1131 e
2848 1068 2992 1131 vita

669 1164 864 1227 cessit
925 1164 1025 1227 die
1085 1164 1190 1227 21.
1240 1164 1610 1229 Decembris
1659 1166 1813 1229 anni
1864 1166 2017 1246 882,
2083 1188 2279 1249 quum
2345 1167 2518 1229 ultra
2578 1165 2852 1249 triginta
2916 1170 2991 1228 et

675 1263 919 1342 septem
991 1261 1177 1323 annis
1246 1261 1458 1325 sedern
1528 1261 1957 1325 Rhemensem
2030 1262 2362 1326 tenuisset.
2487 1259 2673 1326 Inter
2735 1259 2991 1335 Galliae

676 1356 999 1439 praesules
1045 1378 1119 1420 ea
1165 1363 1377 1421 aetate
1423 1345 1581 1422 sane
1629 1357 2018 1422 Hinemarus
2065 1357 2448 1441 Rhemensis
2496 1358 2745 1423 emicat.
2813 1356 2991 1420 Eum

672 1454 1014 1536 scriptores
1090 1454 1250 1543 varii
1327 1456 1671 1520 canonicae
1741 1455 2285 1539 jurisprudentiae
2358 1455 2592 1519 notitia
2665 1454 2991 1519 excellen-

676 1550 993 1612 tissimum
1059 1550 1464 1633 praedicant,
1531 1573 1783 1616 necnon
1848 1552 1930 1615 ob
1983 1549 2401 1633 prudentiam
2464 1551 2791 1633 animique
2853 1551 2994 1614 for-

677 1646 1025 1710 titudinem
1096 1647 1378 1712 laudant.
1492 1647 1730 1713 Verum
1805 1648 1973 1712 sicut
2048 1669 2180 1710 non
2249 1647 2519 1726 desunt,
2596 1649 2706 1732 qui
2774 1649 2992 1730 ipsum

676 1743 1051 1807 effusissime
1113 1745 1360 1818 colant,
1423 1745 1516 1808 ita
1576 1747 1643 1808 et
1705 1745 1816 1828 qui
1875 1745 2071 1827 ipsius
2128 1744 2481 1809 doctrinam
2525 1746 2614 1831 “in
2680 1745 2996 1830 argutiae,

677 1839 1084 1921 prudentiam
1161 1841 1227 1903 in
1297 1842 1631 1917 astutiam,
1711 1840 2163 1904 fortitudinem
2230 1842 2301 1904 in
2370 1842 2790 1925 pertinaciam
2865 1842 2992 1904 ali·

675 1937 936 2018 quando
1007 1936 1424 2021 degenerasse
1494 1937 1730 2001 dicant.
1752 1933 1801 2016 2)
1918 1936 2133 2014 Unde,
2214 1960 2346 2002 non
2413 1938 2793 2024 incongrue,
2865 1939 2996 2001 etsi

676 2031 845 2095 forte
911 2037 1224 2114 severius,
1293 2055 1328 2096 a
1404 2032 1730 2098 Cardinali
1789 2035 2049 2099 ,Ioanne
2117 2033 2302 2098 Bona
2364 2034 2628 2112 dicitur,
2704 2035 2993 2118 „episco-

682 2150 798 2211 pus
860 2129 1115 2205 doctuS,
1176 2130 1283 2194 sed
1348 2129 1578 2193 dubiae
1627 2132 1865 2213 famae,
1929 2131 2120 2195 dubio
2180 2131 2481 2195 vitiorum
2542 2154 2615 2196 ac
2670 2132 2996 2196 virtutum

678 2230 1204 2309 temperamento.
1219 2229 1253 2257 “
1276 2222 1326 2308 ³)

1790 2555 1883 2621 ΙΙ.

815 2683 944 2746 De
992 2683 1470 2747 Collectfzone
1515 2683 2096 2748 Decretalecmt
2142 2684 2847 2748 Pseudo-Isidori.
2924 2717 2937 2724 ·

355 2844 646 2917 Qaestionis
862 2840 966 2904 43.
1029 2837 1193 2902 Jam‘
1238 2838 1540 2913 vidimus,
1606 2840 1674 2902 in
1742 2839 1928 2902 variis
1991 2839 2443 2904 controversiis
2504 2839 2759 2904 saeculo
2819 2861 2994 2904 nono

414 2906 599 2949 ¹¹²d⁰¹⁰⁸'
687 2937 843 3000 satis
899 2939 1310 3019 provocatum
1377 2957 1510 2998 esse
1573 2935 1651 2999 ad
1701 2933 2069 2999 Decretales
2114 2933 2697 3014 Pseudo-Malara-
2760 2935 2837 3000 de
2895 2937 2994 2999 fa-

687 3056 864 3097 mosa
902 3032 1105 3115 igitur
1152 3030 1543 3095 Collectione
1592 3031 2017 3096 Decretalium
2069 3032 2569 3096 Pseudo-Isidori
2614 3033 2713 3096 vel
2761 3032 2992 3117 Isidori

686 3129 1091 3204 MercatoriS,
1148 3149 1308 3212 quae
1357 3128 1679 3192 mediante
1727 3128 1845 3192 hoc
1900 3130 2149 3194 saeculo
2207 3130 2547 3214 propagari
2596 3133 2661 3193 et
2706 3128 2994 3193 adhiberi

685 3230 912 3309 coepta
975 3231 1103 3300 est,
1162 3226 1277 3288 hoc
1340 3226 1474 3289 loco
1525 3230 1803 3289 tractare
1864 3225 2181 3290 convenit.
2290 3224 2426 3289 Nec
2487 3230 2705 3289 tamen
2769 3226 2995 3290 multi·-

686 3324 876 3405 plices
953 3321 1389 3405 quaestioueS‚
1467 3343 1631 3404 quae
1709 3323 1917 3405 quoad
1994 3323 2159 3386 hanc
2235 3321 2675 3387 collectionem
2753 3322 2989 3406 agitari

681 3419 916 3493 solent,
950 3418 1151 3481 fusius
1183 3418 1614 3481 discutiemus.
1691 3417 1813 3482 Sed
1846 3442 2009 3502 quae
2054 3420 2129 3483 de
2162 3422 2419 3484 auctore
2450 3423 2646 3501 atque
2676 3418 2749 3482 de
2779 3418 2996 3483 indole

685 3516 879 3599 hujus
935 3513 1378 3590 CollectioniS,
1435 3536 1508 3577 ac
1561 3512 1638 3577 de
1695 3519 1982 3597 tempore
2038 3537 2165 3598 quo
2220 3515 2436 3579 eadem
2493 3505 2669 3578 edita
2723 3537 2797 3579 ac
2849 3537 2995 3598 pro·

685 3617 922 3696 pagata
967 3614 1062 3674 est
1109 3610 1308 3673 statui
1354 3611 1628 3693 possint,
1677 3611 1927 3675 brevius
1974 3611 2427 3694 indicabimus;
2483 3610 2641 3675 illud
2687 3611 2834 3675 dein
2883 3613 3001 3675 ali-

674 3714 935 3791 ·quanto
999 3707 1356 3771 accuratius
1429 3708 1962 3781 examinabimuS,
2029 3712 2241 3772 utrum
2302 3707 2579 3771 Romani
2644 3706 2999 3774 Pontifices

863 3933 907 3999 ¹)
953 3932 1063 3985 Cfr.
1104 3933 1395 4006 Baronium
1435 3934 1502 3986 ad
1539 3950 1584 3986 a.
1624 3936 1744 3986 878.
1785 3950 1875 3986 nn.
1909 3936 2135 3988 20—25.

867 4011 908 4077 2)
948 4011 1279 4080 Roncaglia,
1325 4020 1460 4066 nota
1507 4012 1575 4065 ad
1613 4012 1795 4065 NataL
1836 4012 1991 4067 Alex.
2031 4013 2099 4066 H.
2138 4013 2198 4065 E.
2248 4028 2387 4067 saec.
2429 4013 2534 4068 IX.
2566 4019 2624 4068 et
2665 4014 2759 4076 X.,
2808 4031 2851 4067 c.
2889 4014 3000 4070 III.

682 4094 791 4143 art.
831 4091 988 4145 XIII.
1029 4091 1111 4144 De
1149 4090 1439 4145 Hincmaro
1476 4091 1709 4159 archiep.
1754 4091 2060 4146 Rhemensi.

870 4168 910 4236 ⁸)
949 4171 1028 4224 De
1065 4169 1251 4223 divina
1288 4170 1617 4233 Psalmodia,
1657 4170 1860 4224 notitia
1897 4177 2177 4225 auctorum
2214 4171 2312 4225 sub
2350 4170 2655 4227 Hincmaro
2691 4172 3004 4228 Rhemensi.
