3270 5028
676 434 781 485 300
1028 432 1177 486 XVI.
1213 432 1421 487 Causae
1460 432 1700 487 celebres
1737 437 1794 487 et
1829 432 2148 487 Decretales
2182 431 2641 487 Pseudo—Isidori.

675 594 826 652 nam
874 594 1130 637 causam
1180 574 1445 651 habere,
1508 574 1657 644 dum
1703 574 1891 637 aliter
1944 579 2212 637 censent
2259 576 2394 659 ejus
2432 575 2707 659 judiceS,
2770 575 3002 657 appel-

674 668 809 732 lare
854 670 1061 733 soleat
1106 671 1273 752 ipse,
1334 694 1372 734 a
1418 670 1612 734 variis
1673 670 1926 753 quidem
1987 670 2108 736 iste
2154 692 2363 735 canon
2423 670 2498 734 de
2553 668 3005 752 appellatione

677 767 1041 848 exponitur.
1130 764 1253 832 Sed
1292 768 1484 851 juxta
1531 767 1727 830 verba
1775 767 1914 848 ejus
1962 787 2184 829 revera
2227 767 2351 849 ipsi
2406 768 2682 850 episcopi
2730 767 2996 851 judices

674 867 986 927 tenentur
1036 862 1306 927 Romam
1351 864 1617 940 referre,
1675 863 1730 925 si
1773 862 2097 945 episcopus
2156 884 2376 926 eorum
2421 863 2660 947 judicio
2707 886 2838 927 non
2890 886 2996 927 ac-

675 958 1021 1042 quiescit.¹)
1113 960 1186 1023 Id
1247 966 1419 1025 certo
1481 964 1697 1044 patet,
1757 957 2093 1023 Nicolaum
2156 981 2273 1023 sua
2330 960 2640 1043 principia
2700 981 2779 1023 ex
2835 961 2999 1043 jure

675 1056 943 1138 antiquo
989 1078 1450 1141 propugnasse.
2988 1135 3014 1172 b

850 1187 952 1249 94.
1007 1186 1183 1250 Idem
1234 1210 1383 1253 vero
1441 1188 1768 1271 praestitit
1813 1187 2149 1265 Nicolaus,
2212 1189 2468 1271 quando
2523 1188 2814 1252 restituit
2857 1188 2992 1251 Ro-

673 1282 967 1346 thadium
1014 1284 1094 1362 (a.
1142 1282 1333 1365 865);
1391 1289 1457 1348 et
1501 1285 1571 1348 in
1620 1286 1814 1349 variis
1873 1285 2274 1349 documentis
2331 1307 2493 1368 quae
2542 1307 2617 1349 6ο
2663 1290 2992 1366 spectant,

674 1402 1001 1464 nunquam
1066 1381 1322 1461 (saltem
1386 1378 1744 1464 speciatim)
1817 1386 2121 1464 provocat
2187 1382 2267 1445 ad
2332 1383 2614 1464 aliquam
2677 1380 2994 1445 Decreta·

673 1478 800 1541 lem
865 1477 1321 1561 apocrypham,
1392 1476 1502 1541 sed
1573 1478 1654 1541 ad
1721 1479 1931 1542 varios
1999 1500 2278 1542 canones
2352 1483 2417 1542 et
2486 1479 2744 1562 regulas
2816 1479 2993 1541 anti·

601 1585 606 1590 ’
674 1596 839 1658 quae
907 1574 1300 1656 disciplinae.
1421 1575 1528 1638 Ita
1605 1574 1685 1637 ad
1753 1574 2051 1639 Carolum
2120 1575 2381 1639 Calvum
2450 1575 2701 1640 scribit:
2776 1572 2995 1637 Deni-

674 1689 794 1750 que
853 1673 929 1734 ut
983 1690 1205 1752 pauca
1271 1670 1346 1734 de
1406 1669 1632 1735 multis
1693 1690 2196 1750 commemorem,
2259 1669 2318 1734 si
2371 1670 2682 1736 adversus
2720 1670 2993 1751 provin-

674 1765 810 1829 ciae
865 1765 1431 1848 metropolitanum
1488 1765 1819 1849 episcopus
1862 1767 1959 1832 vel
2026 1766 2295 1833 clericus
2350 1767 2583 1832 habeat
2636 1767 2991 1848 querelam,

660 1862 868 1945 juxta
940 1861 1485 1929 Chalcedonenses
1557 1863 1820 1946 reyulas
1879 1863 2181 1946 jubetur,
2252 1868 2328 1929 ut
2390 1868 2572 1946 petat
2627 1862 2994 1946 primatem

673 1958 1020 2024 dioeceseos
1070 1964 1189 2023 aut
1242 1960 1449 2025 sedem
1509 1959 1727 2043 reyiae
1772 1960 1957 2025 urbis
2007 1958 2338 2039 GPtanae,
2404 1966 2464 2025 et
2525 1961 2703 2043 apud
2765 1960 2991 2043 ipsum

670 2055 1017 2136 judicetur.
1112 2055 1296 2136 Quod
1342 2062 1558 2123 tamen
1603 2057 1774 2121 nulli
1818 2057 2090 2122 dubium
2135 2063 2254 2138 est,
2302 2058 2505 2123 multo
2549 2056 2760 2140 mayis
2805 2057 2994 2140 apud

673 2152 1056 2218 Romuleam
1114 2154 1337 2218 urbem
1395 2174 1592 2236 quam
1649 2154 1827 2236 apud
1885 2153 2220 2219 CPtanam
2277 2175 2407 2219 esse
2450 2154 2720 2237 penitus
2775 2154 2990 2218 obser-

673 2249 977 2313 vandum.
1068 2249 1245 2314 Nam
1290 2254 1351 2314 et
1394 2249 1532 2332 ipse
1578 2250 1953 2317 Rotlzadius
1998 2251 2348 2317 secundum
2390 2250 2772 2316 Sardicense
2820 2250 2991 2315 Con.-

675 2344 899 2411 cilium
946 2346 1268 2428 ayenclum
1313 2346 1439 2411 sibi
1493 2346 1824 2429 neyotium
1881 2347 1954 2412 in
2009 2348 2169 2413 urbe
2213 2347 2429 2413 Rom-a
2474 2346 2792 2412 clamavit.
2889 2347 2991 2411 Et

577 2475 594 2492 s
677 2442 898 2507 beatus
965 2441 1391 2519 Innocentius
1442 2463 1624 2526 papa
1686 2443 1868 2525 „sine
1920 2443 2333 2528 praejudicio
2396 2444 2737 2509 Romanae
2800 2443 2991 2508 eccle-

674 2539 852 2605 siae‘·'
912 2540 1270 2622 praecipit,
1339 2561 1481 2606 cum
1540 2561 1774 2607 causae
1832 2542 1931 2606 vel
1994 2542 2428 2607 contentiones
2488 2542 2662 2607 inter
2724 2540 2992 2605 clericos

677 2642 807 2701 tam
857 2636 1216 2718 superioris
1263 2637 1516 2703 ordinis
1561 2642 1695 2702 tam
1743 2638 1937 2703 etiam
1989 2638 2350 2720 inferioriS,
2399 2638 2657 2722 fuerint
2701 2642 2987 2716 exortae,

674 2733 845 2800 nulli
892 2732 1105 2812 licere,
1165 2732 1407 2798 relictis
1452 2733 1556 2798 his
1601 2734 2038 2800 sacerdotibus
2096 2735 2210 2816 qui
2242 2735 2336 2813 ¹in
2383 2735 2599 2800 eadem
2634 2733 2986 2816 provincia

675 2829 807 2895 Dei
848 2829 1173 2894 ecclesiam
1219 2835 1392 2895 nutu
1438 2830 1660 2896 divino
1700 2831 2090 2913 yubernant‚
2132 2831 2219 2896 ad
2250 2831 2421 2896 alias
2452 2831 2785 2896 convolare
2819 2852 2983 2912 pro-

673 2926 939 2991 vincias.
1034 2925 1161 2991 Sed
1220 2931 1281 2991 et
1335 2926 1525 3009 Papa
1585 2927 1814 2993 Julius
1877 2928 2300 2994 orientalibus
2358 2928 2640 2993 scribens
2650 2977 2668 3008 ,
2731 2933 2982 2995 utram-

674 3043 795 3106 que
829 3027 1120 3106 partem,
1184 3023 1541 3089 Athanasii
1600 3023 1840 3090 scilicet
1892 3029 1952 3089 et
2007 3023 2538 3090 adversariorum
2585 3025 2725 3108 ejus
2734 3073 2751 3104 ,
2815 3045 2985 3089 acce-

676 3120 883 3184 lerare
929 3120 1404 3202 praesentiam,
1464 3124 1787 3202 quatenus
1832 3125 2111 3203 utraque
2155 3127 2351 3205 parte
2397 3126 2743 3204 praesente
2787 3120 2982 3186 audi-

675 3221 859 3281 retur
904 3238 1072 3295 reus,
1122 3220 1184 3281 et
1227 3217 1306 3281 ab
1354 3217 1653 3283 omnibus
1684 3218 2144 3284 condemnatus
2187 3219 2262 3283 de
2305 3223 2549 3284 caetero
2582 3217 2984 3283 cohiberetur

675 3335 717 3379 a
762 3311 1187 3393 sacerdotio.²)
1278 3314 1592 3379 Similiter
1643 3315 1714 3379 in
1768 3317 2052 3399 epistolis
2109 3317 2363 3400 scriptis
2419 3317 2498 3380 ad
2554 3316 2980 3380 Hincmarum

675 3416 866 3495 atque
922 3412 999 3474 ad
1048 3412 1368 3493 episcopos
1420 3411 1667 3475 Galliae
1713 3413 1790 3476 de
1839 3413 2142 3478 Rothadii
2189 3413 2604 3478 restitutione
2649 3413 2983 3492 Pontifex,

675 3509 827 3571 dum
884 3508 1220 3591 privilegia
1251 3500 1443 3572 'Sedis
1488 3509 1894 3591 Apostolicae
1950 3510 2262 3588 vindicat,
2319 3511 2702 3574 nominatim
2758 3532 2981 3593 provo-

675 3607 778 3668 cat
839 3625 1086 3686 semper
1148 3603 1229 3667 ad
1292 3625 1593 3682 canoneS,
1657 3608 1946 3691 regulaS,
2012 3607 2396 3671 Pontificum
2461 3607 2750 3683 decreta,
2816 3629 2985 3690 quae

679 3721 1082 3782 nequaquam
1130 3722 1206 3763 ex
1245 3698 2000 3767 Pseudo-Decretalibus
2045 3705 2311 3786 promit,
2367 3704 2475 3767 sed
2531 3725 2694 3788 quae
2741 3703 2982 3767 dudum

855 3923 897 3992 1)
953 3923 1061 3977 Cfr.
1109 3940 1246 3992 quae
1294 3925 1527 3980 diximus
1578 3928 1643 3980 de
1692 3927 1985 3980 canonibus
2036 3926 2472 3993 Sardicensibus,
2517 3926 2982 3982 Dissertationum

677 4013 717 4057 t.
756 4003 830 4056 II.
867 4019 919 4070 p.
959 4003 1026 4054 17
1051 4017 1176 4070 sqq.
1214 4032 1283 4040 —
1311 4004 1495 4071 Vides,
1534 4005 1700 4059 etiam
1730 4004 2013 4058 Nicolaum
2049 4005 2372 4060 Pontificem
2415 4021 2673 4060 canonem
2713 4006 2816 4060 IH.
2853 4005 2982 4059 Sar—

678 4081 1137 4227 dicens23mLhaud
1173 4081 1516 4214 ilntggpxisse
1553 4085 1619 4139 de
1658 4084 2027 4152 appellatione
2066 4100 2229 4138 sensu
2269 4084 2491 4138 stricto„

990 4203 999 4213 .
1040 4177 1084 4213 c.
1125 4175 1185 4214 co
1212 4203 1224 4215 .
1368 4203 1379 4214 .
