3270 5028
868 479 1126 534 Elevatio
1165 478 1345 547 Pipini
1383 480 1437 532 in
1474 494 1664 547 regem
1699 479 2053 532 Francorum.
2517 481 2618 532 111

311 632 379 689 et
423 623 849 706 suprematiae
906 643 1127 687 eorum
1180 622 1538 706 subjectae,
1594 627 1736 686 tum
1793 642 1871 685 ex
1929 620 2255 685 intestinis
2311 620 2623 685 barbarae

313 720 600 785 nationis
653 718 957 797 dissidiis,
1022 717 1525 802 Majoresdomus
1575 716 1931 801 indiguisse
1982 738 2222 802 magna
2277 720 2620 827 potestate.

316 817 417 881 Ex
465 816 487 879 i
535 816 622 880 sis
671 837 884 879 rerum
945 814 1443 880 circumstantiis
1500 813 1702 897 igitur
1756 815 1976 878 evenit
2023 819 2099 878 ut
2156 835 2297 877 eam
2344 814 2623 897 acquire-

315 915 494 991 rent3
551 933 719 976 simu
746 910 1115 995 qu‘e”etiam
1162 933 1474 974 summam
1522 911 1797 992 gloriam
1853 914 1920 974 et
1961 896 2345 993 multiplicia
2394 911 2625 974 merita

312 1011 385 1074 in
430 1010 709 1118 patriam
740 1012 936 1091 atque
977 1008 1173 1072 etiam
1220 1006 1291 1070 in
1324 1006 1674 1071 Ecclesiam
1707 1006 1830 1071 sibi
1873 1010 2346 1090 compararunt.
2422 1004 2628 1069 Erant

316 1107 487 1170 enim
543 1104 663 1169 viri
729 1104 827 1168 illi
887 1124 965 1166 ex
1026 1103 1227 1186 stirpe
1291 1102 1698 1186 Pipinorum,
1762 1103 1858 1166 uti
1920 1103 2189 1187 Pipinus
2246 1102 2625 1180 LaudensiS,

319 1202 586 1286 Pipinus
651 1200 732 1263 ab
797 1199 1220 1283 HeristaIIO,
1238 1198 1501 1264 Carolus
1567 1198 1938 1276 MartelluS,
2002 1202 2069 1263 et
2138 1199 2406 1282 Pipinus
2467 1198 2626 1262 Bre-

316 1299 410 1362 vis
493 1297 606 1381 qui
679 1297 746 1360 in
810 1317 1031 1378 regem
1104 1297 1393 1360 elevatus
1470 1299 1594 1373 est,
1665 1296 1784 1360 viri
1859 1296 2146 1380 insignes
2218 1317 2292 1360 ac
2360 1297 2628 1378 strenui,

318 1394 427 1479 qui
502 1393 897 1457 Francorum
969 1413 1238 1476 regnum
1298 1391 1570 1456 sollicite
1632 1392 2208 1469 administrarant,
2269 1393 2491 1457 hostes
2548 1392 2627 1455 ad

317 1490 823 1555 internecionem
878 1488 1200 1567 vicerunt,
1264 1492 1460 1573 atque
1524 1488 1719 1553 etiam
1782 1489 2310 1574 propagationem
2371 1488 2626 1572 religio·

319 1589 420 1652 nis
497 1585 882 1650 christianae
957 1606 1091 1649 non
1160 1585 1474 1650 modicum
1538 1589 2018 1668 promoverunt.
2141 1583 2334 1648 Haud
2409 1588 2626 1649 tamen

316 1684 696 1756 inficiamur,
744 1684 953 1766 plures
1003 1703 1083 1745 ex
1127 1682 1204 1746 iis
1252 1704 1385 1747 non
1431 1682 1500 1746 in
1548 1681 1843 1746 omnibus
1890 1703 2029 1746 esse
2075 1680 2465 1758 laudandos,
2514 1702 2630 1746 nec

318 1779 594 1844 defuisse
636 1778 714 1843 iis
763 1778 1182 1842 ambitionem
1229 1781 1296 1841 et
1337 1777 1653 1861 regnandi
1709 1777 2096 1861 cupidinem.
2147 1813 2236 1822 —
2281 1777 2381 1841 Ex
2428 1779 2664 1842 altera*-

318 1898 471 1941 vero
525 1879 736 1959 parte,
792 1897 989 1958 quum
1041 1876 1218 1939 valor
1277 1874 1543 1959 exiguus
1602 1873 1982 1939 ultimorum
2034 1895 2259 1959 regum
2307 1873 2634 1938 Merovin-

320 1995 544 2059 gorum
604 1972 943 2056 praecipue
1010 1992 1090 2034 ex
1159 1993 1378 2035 eorum
1445 1970 1878 2035 adolescentia
1945 1971 2347 2055 proveniret,
2411 1970 2634 2054 negari

320 2092 455 2135 non
499 2072 742 2153 potest,
801 2067 1066 2151 stirpem
1128 2068 1317 2131 istam
1374 2066 1829 2151 degenerasse,
1885 2091 1958 2132 ac
2015 2068 2271 2151 regulos
2326 2070 2488 2132 istos
2535 2069 2634 2132 in-

322 2166 486 2231 ertia
531 2169 598 2230 et
643 2165 904 2249 ignavia
951 2164 1209 2228 affectos
1266 2164 1495 2238 fuisse,
1559 2169 1625 2228 et
1669 2164 1735 2227 in
1787 2162 1953 2229 villis
2010 2164 2143 2228 suis
2190 2164 2633 2248 voluptatibus

320 2262 617 2327 inhiasse.
711 2259 939 2343 Neque
988 2261 1127 2344 jam
1187 2258 1410 2342 primis
1466 2260 1793 2325 decenniis
1849 2262 2085 2326 saeculi
2142 2262 2349 2326 octavi
2395 2262 2638 2325 directa

322 2360 498 2424 linea
541 2356 902 2441 Merovingi
965 2357 1086 2421 sibi
1147 2356 1604 2433 succedebant,
1667 2356 1777 2421 sed
1841 2358 2043 2442 stirpe
2098 2357 2234 2423 fere
2295 2358 2633 2434 exstincta,

324 2455 437 2541 qui
483 2476 562 2519 ex
609 2454 853 2519 familia
895 2457 1276 2538 supererant
1322 2453 1400 2518 ad
1445 2474 1718 2539 regnum
1765 2460 2221 2538 pervenerunt.
2513 2473 2518 2478 “

503 2579 605 2641 35.
675 2578 807 2641 Iste
868 2598 1082 2640 rerum
1151 2580 1360 2641 status
1427 2576 1754 2642 abnormis
1819 2578 2156 2662 utriusque
2223 2578 2635 2661 reipublicae,

323 2674 782 2740 ecclesiasticae
831 2678 1022 2756 atque
1051 2672 1271 2753 civilis,
1314 2673 1485 2738 bono
1517 2677 1583 2737 et
1628 2675 2042 2757 prosperitati
2076 2675 2416 2739 admodum
2461 2675 2638 2739 noci-

323 2794 440 2836 vus
486 2775 648 2836 erat.
739 2769 935 2834 Anno
985 2770 1109 2832 742
1160 2774 1275 2834 aut
1333 2775 1645 2854 sequente
1691 2769 2084 2836 Francorum
2142 2794 2255 2836 rex
2293 2794 2486 2855 opera
2528 2769 2636 2836 Pi-

325 2868 464 2952 pini
526 2869 769 2932 electus
836 2871 902 2931 et
962 2867 1355 2931 constitutus
1413 2871 1512 2931 est
1569 2866 1965 2931 Childericus
2025 2868 2144 2933 III.
2205 2891 2366 2952 puer
2423 2868 2639 2933 decem

327 2985 674 3047 annorum3
738 2987 776 3028 a
823 2963 1019 3027 variis
1077 2964 1445 3029 auctoribus
1503 2952 1701 3028 etiam
1758 2963 1991 3029 dicitur
2040 2965 2300 3049 ineptus
2359 2968 2426 3029 et
2475 2966 2640 3049 regi-

327 3061 518 3125 minis
581 3060 874 3143 incapax.
890 3058 936 3139 ¹)
1029 3058 1390 3144 Majoratus
1446 3060 1668 3125 domus
1729 3082 1841 3138 seu
1898 3061 2109 3144 potius
2165 3084 2415 3126 summa
2473 3062 2641 3146 regi-

327 3156 519 3220 minis
566 3161 706 3220 erat
751 3157 919 3240 apud
952 3156 1494 3254 Carolomannum
1540 3161 1607 3220 et
1646 3154 1972 3239 Pipinum,
2017 3157 2182 3221 filios
2225 3155 2435 3222 Caroli
2466 3157 2642 3221 Mar-

326 3253 494 3328 telli,
564 3275 839 3337 quorum
906 3243 1082 3337 prior
1145 3275 1318 3317 anno
1387 3253 1511 3315 747
1576 3252 1770 3316 rebus
1836 3254 2268 3318 saecularibus
2336 3256 2639 3320 nuntium

328 3345 575 3413 remisit
631 3354 698 3413 et
752 3350 948 3413 vitam
1010 3350 1430 3415 monasticam
1491 3349 1816 3433 professus
1880 3355 1998 3415 est.
2103 3349 2372 3435 Pipinus
2425 3356 2641 3417 autem

329 3468 442 3510 rex
500 3444 887 3511 Francorum
951 3469 1067 3530 pro
1120 3446 1290 3510 virili
1352 3450 1532 3530 parte
1593 3447 1824 3531 gessit,
1894 3448 2165 3512 rebelles
2225 3448 2294 3512 in
2354 3449 2640 3514 ordinem

329 3543 598 3628 redegit,
644 3543 859 3607 hostes
904 3543 1209 3628 repressit
1257 3542 1655 3627 domuitque.

506 3666 607 3730 36.
659 3664 817 3729 Cum
863 3687 1012 3729 vero
1061 3666 1493 3729 vastissimum
1538 3666 1699 3729 illud
1747 3665 2139 3733 Francorum
2186 3689 2457 3753 regnum
2504 3672 2643 3754 jam

333 3784 371 3825 a
416 3762 814 3845 temporibus
862 3762 1385 3845 praecedentibus
1417 3762 1745 3827 discordiis
1792 3767 1859 3828 et
1903 3764 2343 3844 seditionibus,
2390 3788 2644 3831 necnon

515 3969 557 4038 ¹)
597 3968 784 4035 Quoad
824 3968 1092 4037 ejusmodi
1129 3968 1462 4023 assertiones
1500 3970 1898 4025 advertendum
1935 3972 2152 4037 quidem
2193 3977 2304 4037 est,
2352 3974 2644 4042 scriptores

333 4063 403 4103 ex
438 4052 680 4115 tempore
719 4047 1137 4117 Carolingorum
1185 4048 1276 4114 qui
1325 4048 1410 4101 his
1457 4048 1662 4102 addicti
1707 4055 1895 4112 erant,
1941 4051 2086 4105 forte
2136 4066 2476 4121 exaggerare
2512 4053 2645 4106 ulti-

332 4141 538 4181 morum
575 4125 1021 4195 Merovingorum
1057 4127 1340 4195 ignaviam
1378 4132 1436 4181 et
1473 4127 1748 4182 inertiam.
1822 4128 1927 4184 Sed
1977 4145 2043 4184 ex
2079 4130 2313 4184 historia
2362 4131 2501 4185 satis
2540 4131 2646 4185 col·

334 4203 548 4273 ligitur,
587 4206 643 4259 in
681 4222 745 4260 ea
782 4205 994 4259 familia
1030 4205 1242 4274 ingenii
1280 4222 1506 4259 acumen
1534 4207 1891 4275 vigoremque
1929 4209 2111 4262 cordis
2137 4210 2422 4277 deperdita
2458 4209 2646 4264 fuisse.

2673 2588 2952 2639 ,Childerious

2773 2651 2863 2691 ΠΙ.
