3270 5028
850 472 933 527 De
971 472 1352 527 Decretalibus
1390 472 1971 528 Pseudo—Isidorianis.
2465 479 2571 529 267

258 613 534 692 habent,
617 617 835 677 utrum
913 635 946 677 e
1022 614 1398 680 Germano·
1429 615 1738 695 Francia,
1825 616 2069 680 scilicet
2145 638 2221 680 ex
2298 615 2570 681 dioecesi

255 708 680 793 Moguntina,
757 710 872 773 illa
947 708 1276 775 Collectio⁴
1326 713 1667 796 prodierit,
1742 735 1827 777 an
1896 734 2048 776 vero
2125 712 2341 777 eadem
2416 735 2567 777 con·

253 806 429 871 fecta
491 805 688 870 fuerit
754 807 823 870 in
887 805 1162 872 Francia
1228 808 1633 888 occidentali,
1701 832 1813 873 seu
1883 810 1949 873 in
2017 809 2344 892 provincia
2401 809 2569 873 Rhe·
2640 827 2653 834 “

254 904 485 969 mensi.
581 902 892 967 Ultimam
958 905 1387 982 sententiam,
1449 928 1642 990 quam
1705 906 1926 971 multis
1992 906 2391 990 argumentis
2459 928 2570 970 ex-

251 1000 461 1064 ternis
508 1005 574 1065 et
621 1001 895 1065 internis
935 1000 1285 1065 Hinschius
1331 1003 1678 1086 roboravit,
1727 1003 2192 1067 admittendam
2239 1025 2376 1067 esse
2424 1024 2567 1067 cen-

255 1095 547 1175 semuS.¹)

434 1257 539 1318 56.
588 1254 736 1319 Jam
781 1256 859 1319 de
909 1252 1039 1333 fine
1083 1276 1193 1319 seu
1248 1277 1434 1339 scopo
1483 1278 1676 1340 quem
1734 1261 1958 1321 auctor
2012 1257 2186 1320 illius
2234 1256 2566 1323 Collectio-

255 1353 357 1415 nis
416 1352 538 1415 sibi
599 1353 1004 1435 proposuerit
1068 1373 1269 1434 pauca
1331 1352 1630 1416 dicamus,
1738 1352 2357 1429 Animadvertimus,
2434 1375 2569 1418 esse

256 1449 368 1532 qui
416 1448 842 1526 contendunt,
890 1449 1086 1512 finem
1136 1470 1280 1512 eum
1330 1450 1726 1532 propositum
1772 1449 1971 1513 fuisse
2016 1449 2569 1536 Pseudo-Isidor0‚

253 1551 329 1609 ut
398 1548 783 1626 potestatem
860 1544 1137 1608 Romani
1203 1544 1535 1609 Pontificis
1608 1546 2058 1629 amplificaret,
2132 1552 2198 1610 et
2261 1547 2331 1610 in
2400 1546 2572 1611 hunc

251 1664 518 1725 scopum
581 1641 1038 1706 Collectionem
1097 1642 1277 1704 illam
1340 1663 1473 1705 esse
1538 1644 1878 1706 confictam
1941 1645 2132 1727 atque
2191 1643 2569 1718 confectam,

252 1743 327 1812 ut
383 1739 762 1803 exercitium
811 1737 1278 1823 jurisdictionis
1343 1736 1525 1802 Sedis
1590 1738 1997 1822 Apostolicae
2053 1741 2244 1804 latius
2311 1743 2376 1803 et
2439 1741 2570 1804 effi-

250 1836 466 1900 cacius
517 1836 586 1898 in
636 1836 959 1918 episcopos
1005 1834 1477 1899 extenderetur.
1571 1831 1697 1898 Sed
1749 1835 1996 1899 nullum
2058 1836 2329 1901 solidum
2376 1837 2570 1920 hujus

250 1932 621 1998 sententiae
673 1936 772 1996 est
829 1935 1304 2015 argumentum.
1402 1929 1541 1995 Imo
1590 1953 1667 1995 ex
1731 1931 1952 1996 sedulo
2009 1955 2221 1996 rerum
2276 1934 2570 1998 examine

250 2029 609 2114 colligitur,
673 2030 963 2113 quamvis
1018 2028 1488 2093 contribuerint
1534 2027 2207 2094 Pseudo-Decretales
2258 2035 2332 2093 ut
2377 2031 2571 2113 majo-

253 2149 389 2191 rem
448 2123 798 2190 efficaciam
856 2129 921 2189 et
977 2125 1418 2189 extensionem
1472 2124 1836 2208 acquireret
1889 2124 2046 2189 illud
2095 2126 2569 2210 jurisdictionis

251 2223 657 2298 exercitium,
721 2226 943 2285 tamen
983 2221 1155 2285 hunc
1201 2242 1335 2285 non
1395 2218 1632 2283 directe
1683 2220 1883 2285 fuisse
1931 2222 2119 2285 finem
2184 2223 2266 2286 ab
2313 2228 2571 2286 auctore

251 2322 612 2400 intentum,
673 2318 783 2383 sed
842 2322 1105 2382 tantum
1164 2314 1448 2380 medium
1509 2316 1588 2380 ad
1651 2316 1821 2381 aliud
1879 2318 2318 2382 obtinendum.
2416 2319 2570 2394 Qui-

253 2418 399 2481 dam
458 2416 863 2492 existimant,
918 2414 1239 2478 Isidorum
1296 2412 1718 2478 Mercatorem
1778 2415 1974 2478 finem
2030 2414 2329 2480 habuisse
2374 2434 2568 2497 pecu·

254 2513 487 2579 liare‘m
533 2512 643 2598 qui
690 2512 1074 2597 respiciebat
1120 2512 1365 2596 aliquos
1414 2511 1758 2594 episcopos,
1855 2510 2016 2575 Eum
2064 2510 2420 2576 intendisse
2466 2512 2569 2576 vel

256 2613 426 2677 tueri
488 2613 810 2695 episcopos
857 2608 1173 2686 FrancOS,
1233 2609 1343 2691 qui
1399 2611 1625 2672 contra
1667 2606 2064 2673 Ludovicum
2123 2608 2309 2673 Pium
2365 2610 2569 2674 secuti

254 2710 514 2774 fuerant
560 2707 974 2785 Lotharium,
1033 2728 1113 2770 ne
1161 2727 1380 2769 severa
1426 2704 1712 2768 vindicta
1758 2705 1825 2769 in
1873 2726 1980 2769 eos
2028 2707 2420 2790 exigeretur,
2466 2707 2569 2770 vel

207 2806 587 2890 *speciatim
647 2804 997 2887 respexisse
1060 2824 1314 2866 causam
1381 2801 1670 2865 Ebbonis
1732 2801 2185 2886 archiepiscopi
2250 2803 2566 2868 Rhemen-

255 2904 365 2977 εἰς,
411 2924 483 2966 ac
513 2901 792 2965 voluisse
836 2899 1192 2983 providere,
1234 2903 1318 2963 ut
1350 2898 1454 2962 hic
1497 2899 1566 2962 in
1613 2898 1828 2962 sedem
1871 2920 2051 2961 suam
2097 2900 2566 2965 restitueretur.

257 3000 432 3064 Hinc
481 3020 620 3062 eum
683 2996 1069 3061 confinxisse
1130 2995 1209 3059 ad
1268 2995 1443 3059 hunc
1504 2995 1766 3058 illumve
1823 3017 2079 3078 scopum
2143 2996 2568 3060 obtinendum

255 3095 568 3180 quasdam
614 3099 906 3158 veterum
955 3092 1341 3157 Pontificum
1390 3091 1787 3173 Decretales,
1849 3113 2013 3175 quae
2072 3091 2150 3155 ad
2204 3091 2569 3176 hujusmodi

256 3195 524 3277 negotia
593 3191 819 3255 referri
885 3193 1220 3274 poterant3
1288 3189 1538 3271 reliqua
1605 3210 1756 3253 vero
1822 3188 2025 3252 multa
2089 3188 2451 3264 addidisse,.
2501 3194 2572 3254 ut

181 3276 186 3289 ³
253 3289 550 3355 fraudem
597 3288 848 3352 facilius
911 3285 1358 3357 dissimularet.
1452 3283 1572 3350 Sed
1634 3285 1828 3349 nimis
1889 3285 2231 3349 artificiosa
2290 3290 2386 3349 est
2447 3286 2572 3350 ista

255 3387 620 3470 explicatio.
712 3384 923 3460 Quum
968 3383 1141 3446 enim
1188 3403 1262 3446 eo
1318 3386 1603 3466 tempore
1662 3381 2037 3446 difficillime
2091 3381 2572 3467 distingueren-

258 3490 371 3547 tur
424 3483 809 3548 documenta
867 3479 1152 3564 genuina
1214 3482 1280 3542 et
1339 3479 1733 3563 apocrypha,
1795 3500 1924 3543 non
1986 3485 2124 3543 erat
2171 3501 2327 3562 opus
2374 3480 2572 3544 talem

255 3579 694 3644 Decretalium
770 3577 1185 3641 confictarum
1262 3577 1492 3640 molem
1578 3577 1647 3639 in
1720 3597 1865 3640 eum
1939 3577 2136 3640 finem
2208 3598 2570 3660 congerere.

265 3677 609 3742 Praeterea
681 3673 960 3758 longiori
1033 3678 1322 3756 tempore
1393 3671 1728 3757 indigebat
1804 3678 2027 3738 auctor
2101 3673 2180 3736 ad
2259 3673 2573 3756 amplissi-

259 3796 431 3837 mam
480 3794 663 3836 suam
701 3770 1161 3835 Collectionem
1207 3769 1670 3852 compilandam
1712 3776 1776 3835 et
1808 3769 2335 3853 componendam,
2384 3791 2576 3854 quam

259 3874 337 3935 ut
402 3868 742 3952 specialem
813 3867 1148 3951 quemdam
1221 3869 1520 3939 eventum
1591 3867 1701 3950 qui
1771 3867 1950 3930 brevi
2026 3871 2314 3950 tempore
2383 3866 2575 3930 dura-

444 4127 490 4196 ²)
528 4127 669 4182 Vide
706 4126 1031 4180 Hinschium
1068 4128 1103 4180 l.
1145 4144 1189 4180 c.
1226 4143 1279 4194 p.
1318 4125 1498 4180 CCIV.
1538 4142 1652 4193 sqq.
1693 4155 1760 4162 —
1798 4126 1856 4178 F.
1886 4124 2098 4189 Clarke,
2138 4125 2253 4178 The
2291 4124 2431 4178 false
2467 4124 2575 4178 De-

255 4208 481 4262 cretaIS.
522 4207 664 4273 (The
701 4206 909 4273 Month,
951 4208 1084 4260 1881
1123 4205 1353 4272 March.)

2667 1257 2832 1310 Scopus

2603 1318 2877 1361 Pseudo-Isi-

2685 1380 2796 1422 dori.
