3270 5028
671 415 781 465 ‘206
1221 413 1301 466 De
1336 412 1569 481 Imperio
1609 418 1668 466 et
1705 414 1772 466 de
1809 412 2060 466 Ecclesia
2097 428 2238 466 saec.
2277 428 2436 466 non0.

681 553 1136 636 imperatorem
1181 553 1352 619 iners
1392 558 1742 637 spectaret,
1784 575 1901 616 nec
1946 555 2317 636 permittere
2364 558 2646 638 poterat,
2693 559 2768 618 ut
2813 553 3000 616 forte

680 648 1021 714 Lotharius
1060 651 1197 734 jam
1244 652 1308 713 in
1358 650 1816 734 Imperatorem
1872 654 2214 714 coronatus
2259 650 2400 714 sine
2448 672 2763 715 consensu
2806 649 2998 714 Pon-

677 745 866 809 tificis
934 745 1209 828 Imperio
1279 746 1655 828 privaretur.
1771 743 1894 811 Sed
1962 768 2159 830 quum
2230 745 2576 830 Gregorius
2648 768 2790 810 cum
2857 746 2997 812 Lo-

678 841 889 905 thario
959 843 1239 920 veniret,
1315 864 1725 926 rumoresque
1801 846 2291 926 spargerentur,
2367 842 2742 908 Pontificem
2817 844 2994 908 filio-

678 960 818 1001 rum
894 942 1110 1020 partes
1179 939 1377 1015 tueri,
1446 941 1585 1002 tum
1647 938 2008 1003 Ludovicus
2076 942 2212 1002 tum
2282 939 2555 1022 episcopi
2626 938 2684 1003 ei
2750 940 2994 1004 addicti

574 1038 579 1041 ’
670 1033 1074 1098 diffidentiae
1124 1057 1196 1099 ac
1242 1034 1713 1117 suspicionibus
1761 1036 1969 1099 locum
2017 1035 2354 1100 dederunt.
2446 1034 2589 1099 Sed·
2620 1037 2810 1100 etiam
2860 1036 2995 1100 Lu·

678 1130 882 1194 dovici
942 1128 1059 1193 filii
1109 1130 1439 1194 Pontificis
1486 1130 1749 1194 monitis
1797 1130 1877 1193 ad
1935 1152 2153 1213 pacem
2209 1131 2555 1196 ineundam
2618 1153 2802 1195 aures
2848 1154 2990 1196 non

679 1228 1132 1311 praebuerunt.
1260 1227 1380 1303 Qui
1453 1248 1530 1290 ex
1603 1249 1825 1291 eorum
1903 1229 2190 1311 partibus
2264 1228 2559 1305 stabant,
2646 1228 3041 1293 contende-·

678 1325 867 1405 bant,
915 1323 1306 1389 Ludovicum
1355 1348 1392 1388 a
1433 1324 1717 1388 mulieris
1764 1324 2066 1407 pulchrae
2114 1328 2179 1388 et
2224 1324 2520 1404 callidae,
2563 1347 2756 1408 quam
2802 1324 2990 1388 adul-

642 1428 882 1486 'teram
934 1421 1523 1498 calumniabantur,
1570 1419 1900 1484 fraudibus
1950 1420 2427 1497 circumveniri,
2474 1425 2539 1485 et
2582 1420 2663 1485 ad
2703 1441 2988 1504 regnan-

676 1520 827 1582 dum
887 1539 1021 1581 esse
1086 1518 1404 1600 ineptum;
1475 1516 1627 1582 hinc
1690 1518 1917 1581 merito
1984 1517 2148 1581 filios
2211 1517 2381 1600 patri
2440 1538 2575 1582 sese
2639 1539 2990 1600 opponere.

626 1614 774 1701 lfRe
831 1614 1102 1690 infecta,
1173 1613 1518 1698 Gregorius
1568 1613 1680 1678 IV.
1725 1614 1995 1679 Remam
2059 1635 2295 1698 magna
2354 1636 2499 1679 eum
2558 1615 2990 1680 amaritudine

678 1712 952 1796 repetiit.

507 1808 515 1855 l
853 1809 957 1871 45.
1026 1807 1390 1871 Ludovicus
1467 1828 1613 1871 vero
1689 1830 1727 1871 a
1792 1808 1923 1872 suis
1990 1807 2276 1872 desertus
2350 1829 2578 1871 manus
2643 1807 2847 1884 dedit,
2922 1812 2995 1872 et

676 1904 1137 1987 Compendium
1203 1904 1540 1987 perductus
1610 1904 1842 1968 ibidem
1911 1927 1967 1969 a.
2034 1905 2162 1969 833
2230 1905 2298 1967 ἰΠ
2364 1903 2637 1968 comitiis
2705 1903 2990 1988 gladium

675 2001 1026 2084 deponere,
1087 2020 1153 2065 se
1216 2022 1392 2063 reum
1453 2001 1620 2064 male
1675 2000 2106 2065 administrati
2165 1999 2427 2084 Imperii
2482 2000 2710 2078 fateri,
2777 2001 2995 2083 publi-

678 2119 819 2161 cam
893 2097 1363 2179 poenitentiam
1438 2098 1688 2172 subire,
1779 2100 1843 2160 et
1919 2118 2192 2180 regnum
2277 2097 2409 2161 filio
2486 2118 2601 2161 suo
2661 2096 2994 2161 ”Lothario

676 2193 900 2257 cedere
963 2197 1216 2257 coactus
1278 2200 1392 2259 est.
1484 2193 1758 2258 Juditha
1813 2216 1971 2258 uxor
2034 2194 2170 2277 ejus
2234 2194 2298 2257 in
2347 2191 2610 2258 Italiam
2673 2199 2772 2261 est
2831 2193 2998 2257 rele-

676 2296 861 2375 gata,
940 2296 1006 2355 et
1075 2290 1339 2354 Carolus
1409 2290 1641 2355 Calvus
1716 2291 2088 2356 adolescens
2157 2291 2552 2357 monasterio
2621 2289 2997 2354 Prumiensi

680 2409 878 2471 prope
952 2386 1248 2451 Treviros
1319 2389 1736 2471 mancipatus.
1858 2387 2103 2451 Verum
2179 2410 2376 2471 quum
2447 2388 2628 2452 multi
2700 2408 2996 2470 proceres

681 2505 874 2569 aegre
931 2483 1235 2548 tulissent
1291 2501 1452 2569 quae
1508 2490 1736 2550 eontra
1785 2484 2182 2550 Ludovicum
2238 2488 2381 2548 acta
2435 2484 2729 2562 fuerant,
2788 2485 2996 2567 ipsos-

677 2605 799 2665 que
858 2579 1164 2664 Pipinum
1225 2581 1617 2666 Aquitaniae
1686 2589 1751 2646 et
1810 2580 2206 2646 Ludovicum
2271 2580 2581 2645 Bavariae
2645 2602 2825 2666 reges
2888 2581 3002 2644 ad·

679 2679 854 2742 missi
904 2678 971 2741 in
1032 2681 1276 2761 patrem
1340 2678 1640 2744 facinoris
1699 2679 2154 2762 poenituisset,
2220 2677 2580 2743 Ludovicus
2637 2700 2784 2741 cum
2838 2699 2996 2742 con·

667 2777 829 2860 juge
887 2775 956 2839 in
1004 2778 1330 2838 conventu
1389 2775 1557 2858 apud
1616 2773 1679 2839 S.
1730 2774 2112 2855 Dionysium
2174 2798 2227 2838 a.
2278 2775 2406 2837 834
2457 2774 2733 2856 Imperio
2797 2775 2998 2838 resti-

676 2877 860 2937 tutus
906 2881 1020 2937 est.
1113 2872 1460 2956 Gregorius
1506 2871 1619 2938 IV.
1667 2893 2000 2955 nunquam
2045 2869 2458 2954 Imperatoris
2519 2869 2995 2935 abdicationem

678 2974 743 3033 et
788 2969 1275 3034 destitutionem
1322 2971 1528 3032 ratam
1575 2968 1919 3047 habuerat,
1981 2971 2044 3032 et
2089 2968 2339 3052 legatos
2386 2989 2424 3030 a
2466 2966 2789 3032 Ludovico
2836 2968 2996 3031 mis-

676 3088 781 3129 sos
846 3067 1044 3130 lmice
1111 3066 1371 3148 recepit.
1443 3101 1515 3109 —
1587 3064 1820 3148 Pipino
1881 3069 2158 3128 exeunte
2227 3086 2399 3128 anno
2466 3065 2591 3127 838
2661 3063 2992 3141 defuneto,

674 3164 743 3226 in
831 3167 1152 3227 conventu
1225 3162 1693 3227 Wormatiensi
1772 3161 2127 3225 Ludovicus
2212 3182 2485 3245 regnum
2572 3161 2747 3224 inter
2823 3161 2993 3227 filios

675 3260 770 3323 ita
824 3259 1072 3344 divisit,
1135 3264 1208 3323 ut
1267 3257 1618 3322 Lotharius
1681 3260 2015 3346 Augustus
2071 3257 2327 3342 Italiam
2392 3262 2585 3341 atque
2644 3259 2990 3330 australem

354 3371 478 3412 Mors
505 3371 647 3412 Ludo·
678 3332 927 3439 partem
1007 3355 1253 3420 Galliae
1328 3356 1406 3418 ad
1420 3342 1728 3420 Mosam
1802 3345 2096 3436 haberet,
2187 3353 2989 3435 Ludovicusjaxariam,

403 3444 491 3474 '¹⁰¹
522 3433 603 3474 Ρ”·
679 3451 944 3517 Carolus
1012 3435 1242 3516 Calvus
1304 3452 1656 3544 occiduam
1698 3452 1944 3517 Galliae
2008 3456 2273 3535 partem.
2384 3449 2749 3515 Ludovicus
2811 3451 2987 3517 filius

676 3531 877 3613 tunc
882 3539 1169 3632 propter
1204 3547 1494 3632 iniquam
1546 3550 1731 3634 regni
1788 3548 2167 3613 divisionem
2227 3549 2466 3612 bellum
2525 3546 2804 3630 paravit3
2875 3550 2987 3613 sed

676 3646 864 3730 paulo
932 3650 1109 3728 post,
1188 3666 1360 3709 anno
1425 3645 1579 3722 840,
1660 3644 2019 3709 Ludovicus
2089 3645 2245 3709 Pius
2317 3645 2674 3726 Imperator
2749 3666 2782 3708 e
2851 3645 2989 3709 vita

675 3743 965 3807 decessit.
1022 3778 1109 3787 —
1171 3742 1329 3806 Post
1375 3742 1513 3824 ejus
1569 3742 1813 3805 obitum
1864 3741 2038 3804 inter
2083 3742 2246 3806 filios
2307 3739 2616 3805 acerrima
2660 3739 2735 3804 de
2782 3760 2987 3824 regno

678 3844 823 3905 orta
853 3826 979 3902 ⁸est
1039 3837 1389 3903 contentiO.
1482 3837 1829 3902 Lotharius
1889 3838 2161 3902 fratrum
2221 3859 2481 3901 suorum
2547 3836 2823 3902 ditiones
2883 3839 2984 3902 in·

677 3937 872 4015 vasit3
950 3935 1305 4000 Ludovicus
1366 3938 1432 3998 et
1495 3934 1757 3999 Carolus
1826 3936 2186 4019 conjunctis
2247 3934 2486 3998 viribus
2545 3933 2604 3997 ei
2665 3934 2983 4014 restitere,

677 4032 1162 4117 invasoremque
1227 4032 1538 4096 vicerunt.
1645 4030 1931 4095 Tandem
1991 4053 2049 4095 a.
2113 4031 2237 4094 843
2301 4030 2372 4093 in
2434 4035 2758 4096 conventu
2802 4030 2985 4097 Viro-

673 4128 949 4208 dunensi
1021 4151 1145 4212 pax
1224 4130 1319 4206 ita
1390 4128 1743 4212 composita
1817 4127 1980 4210 fuit,
2056 4132 2130 4191 ut
2205 4126 2549 4191 Lotharius
2623 4107 2985 4212 imperator
