3270 5028
919 436 1174 491 Elevatio
1211 436 1393 504 Pipini
1431 436 1486 489 in
1523 452 1709 505 regem
1745 438 2097 491 Francorum.
2570 437 2670 489 119

359 577 464 642 illi
504 577 796 659 fecerant
841 575 1127 643 absolvit.
1180 614 1267 622 ——
1326 579 1833 661 Aequivalenter
1878 577 2174 643 videlicet
2231 577 2386 641 haec
2442 582 2509 641 et
2551 580 2665 642 im-

360 676 577 760 plicite
647 677 719 739 in
789 675 1129 739 Zachariae
1200 675 1525 739 sententia
1597 675 1945 752 contineri,
2019 673 2388 758 hujusmodi
2462 674 2670 737 effatis

360 772 778 856 significatur.
883 770 1233 853 Praeterea
1285 792 1435 835 vero
1496 771 1729 835 merito
1786 770 2051 848 dixeriS,
2118 793 2194 834 ea
2255 770 2669 853 responsione

361 868 700 932 Zachariae
762 889 923 950 quae
990 867 1417 931 communiter
1476 866 1558 930 ab
1613 867 1981 932 auctoribus
2050 868 2344 940 affertur,
2411 860 2669 931 tantum

363 963 804 1049 compendium
851 964 1168 1028 contineri
1218 985 1437 1027 eorum
1470 985 1634 1047 quae
1680 972 1863 1045 gesta
1904 968 2077 1041 sunt,
2123 970 2446 1047 quatenus
2491 963 2670 1026 brevi

359 1061 875 1144 interrogatione
921 1066 988 1125 et
1020 1060 1195 1124 brevi
1239 1081 1548 1143 responso
1595 1061 1930 1142 negotium
1963 1060 2407 1143 gravissimum
2453 1060 2670 1124 coaevi

359 1157 999 1240 comprehenderunt.
1103 1157 1444 1220 Caeterum
1505 1158 1693 1240 plura
1750 1158 1879 1221 ista
1936 1158 2007 1220 in
2066 1178 2133 1220 re
2193 1156 2544 1220 deliberata
2604 1160 2670 1218 et

360 1255 711 1318 constituta
757 1253 984 1329 fuisse,
1048 1276 1242 1337 quum
1289 1253 1409 1316 viri
1468 1257 1600 1317 tam
1658 1253 1946 1336 insignes
2004 1254 2100 1315 uti
2146 1251 2554 1316 Burchardus
2602 1257 2669 1315 et

361 1349 704 1426 FulraduS,
764 1354 1150 1433 cooperante
1206 1349 1374 1414 forte
1421 1347 1485 1435 S.
1534 1349 1894 1427 Bonifatio,
1958 1348 2225 1413 Romam
2284 1350 2460 1414 missi
2515 1349 2669 1425 sint,

355 1445 641 1511 dubitari
689 1469 819 1511 non
866 1450 1099 1529 potest.
1274 1494 1304 1520 Ι

537 1597 639 1659 44.
704 1595 927 1660 Modus
987 1616 1111 1678 quo
1179 1593 1480 1658 Pontifex
1552 1616 1738 1657 suum
1800 1614 2034 1657 munus
2094 1596 2161 1656 in
2224 1594 2343 1658 hoc
2406 1595 2669 1678 negotio
2705 1600 2821 1652 Quid
2852 1601 2990 1671 egerit

359 1692 663 1771 exercuit,
712 1693 885 1755 varie
930 1690 1301 1773 concipitur.
1391 1689 1562 1753 Sunt
1609 1691 1720 1774 qui
1764 1691 2167 1766 existimant,
2223 1712 2304 1783 ej
2347 1692 2483 1783 ipso
2522 1692 2670 1775 jure
2734 1662 2953 1704 Pmtffu'

361 1789 679 1854 nationali
739 1785 1003 1851 Francis
1058 1788 1340 1864 licuisse,
1410 1793 1485 1850 ut
1540 1787 1678 1850 loco
1729 1788 1900 1872 regis
1958 1788 2165 1870 inepti
2224 1780 2442 1851 alium&
2481 1778 2674 1872 elige-¹

358 1872 553 1967 ἦᾞῖῑῖ
568 1878 638 1949 et
668 1877 1035 1948 Zachariam
1085 1884 1145 1947 id
1178 1884 1517 1966 agnovisse
1551 1905 1785 1967 eosque
1829 1884 2095 1947 consilio
2132 1906 2245 1948 suo
2276 1882 2666 1966 direxisse.¹)

361 1981 487 2046 Sed
557 2003 705 2044 suas
767 1980 964 2044 habet
1027 1980 1185 2044 haec
1246 1982 1571 2044 sent-entia
1635 1980 2075 2061 difficultates,
2140 2003 2212 2045 ac
2274 1982 2520 2063 nescio,
2587 2003 2668 2044 an

360 2077 809 2162 quaestionem
857 2076 1115 2160 penitus
1160 2076 1388 2141 solvat.
1463 2074 1722 2140 Etenim
1773 2076 2166 2141 Childericus
2212 2076 2327 2141 ΙΙΙ.
2379 2078 2668 2160 legitima

360 2175 611 2239 ratione
673 2171 1065 2237 Francorum
1128 2193 1400 2256 regnum
1463 2179 1827 2256 acceperam
1901 2173 2167 2256 proinde
2229 2173 2461 2237 Franci
2521 2173 2667 2237 fidei

351 2273 724 2354 juramento
785 2268 932 2332 huic
993 2270 1266 2352 principi
1318 2268 1649 2345 obstricti,
1713 2292 1840 2334 non
1900 2275 2206 2354 poterant
2267 2292 2408 2334 eum
2468 2291 2670 2354 regno

362 2367 613 2450 privare
656 2365 944 2449 illudque
993 2365 1219 2449 Pipino
1264 2365 1585 2445 conferre,
1639 2366 1763 2430 nisi
1810 2365 2207 2432 Childericus
2255 2367 2673 2432 commisisset

362 2465 622 2541 crimen,
671 2462 753 2527 ob
800 2462 965 2545 quod
1005 2464 1152 2548 jure
1200 2485 1316 2527 suo
1368 2463 1719 2529 excidisset.
1793 2463 2120 2547 Ejusmodi
2171 2469 2382 2528 autem
2433 2463 2669 2529 crimen

362 2560 754 2626 Childericus
801 2559 1118 2643 nusquam
1162 2561 1400 2644 legitur
1457 2560 1799 2624 admisisse.
1891 2557 2086 2624 Forte
2142 2562 2209 2624 in
2254 2563 2461 2645 prima
2507 2563 2672 2645 regis

360 2658 776 2722 institutione
826 2656 1019 2719 etiam
1070 2662 1227 2720 tunc
1273 2655 1439 2740 apud
1476 2655 1757 2721 Francos
1806 2679 2150 2722 consensus
2196 2679 2527 2741 procerum
2573 2680 2671 2721 re-

362 2753 768 2837 quirebatur,
833 2751 984 2835 (etsi
1044 2749 1312 2836 regnum
1374 2752 1869 2817 haereditarium
1935 2756 2248 2819 evasisset
2301 2756 2370 2818 in
2425 2755 2671 2819 familia

363 2849 755 2927 Clodovaei),
821 2871 956 2912 non
1020 2854 1236 2931 potest
1293 2856 1510 2913 tamen
1572 2848 1722 2913 inde
1785 2852 1952 2933 erui,
2008 2853 2116 2935 jus
2179 2873 2395 2935 regem
2456 2852 2669 2915 minus

363 2951 584 3030 aptum
649 2946 844 3009 etiam
898 2945 1257 3028 deponendi
1320 2968 1516 3029 penes
1574 2967 1867 3030 proceres
1930 2948 2148 3013 fuisse.
2239 2947 2408 3012 Nam
2471 2970 2670 3031 quum

362 3042 631 3126 principi
675 3042 877 3105 electo
924 3045 1208 3124 potestas
1257 3064 1296 3104 a
1343 3041 1480 3107 Deo
1523 3044 1924 3118 conferatur,
1966 3044 2136 3107 haud
2185 3048 2478 3127 apparet,
2523 3066 2670 3127 pro·

361 3161 534 3203 ceres
576 3138 849 3221 principi
894 3136 1181 3201 subditos
1215 3159 1353 3201 eam
1403 3160 1778 3203 conservare
1820 3141 2289 3216 auctoritatem,
2337 3144 2411 3204 ut
2456 3162 2669 3225 regem

363 3235 630 3318 imperio
676 3234 951 3318 privent,
1000 3233 1149 3296 dum
1197 3234 1408 3298 minus
1456 3240 1676 3319 aptum
1724 3235 2090 3313 inveniunt,
2137 3236 2259 3300 nisi
2309 3237 2465 3320 ipsis
2511 3238 2670 3321 legi-

360 3331 477 3395 bus
523 3330 653 3394 tale
702 3331 857 3414 quid
905 3329 1331 3393 constitutum
1389 3331 1489 3393 sit.
1585 3330 1712 3395 Sed
1772 3332 2075 3416 ejusmodi
2123 3333 2228 3396 lex
2276 3331 2668 3399 Francorum

362 3450 497 3492 non
545 3420 1158 3502 commemoratur.²)
1634 3425 1637 3427 ’

542 3686 583 3752 ¹)
633 3686 741 3739 Cfr.
787 3685 1440 3749 Rohrbacher-Kellner‚
1492 3685 1657 3739 Univ.
1709 3686 2040 3742 Geschichte
2080 3690 2176 3743 der
2212 3690 2415 3744 Kirche
2461 3692 2524 3745 Β.
2572 3692 2671 3744 XI.

362 3765 414 3819 S.
451 3767 556 3818 286
594 3765 647 3818 ff.

543 3843 586 3910 ²)
626 3844 765 3897 Prae
804 3843 976 3897 oculis
1015 3844 1264 3898 habenda
1301 3851 1432 3898 sunt
1481 3859 1618 3910 quae
1654 3844 1712 3898 in
1763 3861 1862 3899 sua
1897 3845 2196 3914 Encyclica
2232 3837 2583 3902 Diuturn‘um
2617 3850 2669 3902 d.

362 3925 446 3975 29.
484 3921 638 3976 Junii
675 3938 724 3975 a.
766 3925 901 3976 1881
941 3924 1008 3979 de
1048 3923 1197 3976 civili
1235 3928 1516 3990 potestate
1552 3923 1666 3978 Leo
1705 3924 1862 3992 ΧῌΙ.
1902 3925 2081 3978 habet.
2161 3926 2461 3994 „Catholici
2498 3927 2674 3980 homi·

361 4016 486 4068 nee,
532 4001 736 4068 inquit,
786 4002 874 4070 jus
912 4002 1216 4069 imperandi
1254 4018 1287 4054 a
1322 4002 1439 4056 Deo
1477 4007 1760 4070 repetunt,
1798 4003 1953 4057 velut
1991 4020 2025 4056 a
2061 4004 2299 4058 naturali
2336 4005 2671 4059 necessario-

362 4096 465 4147 que
501 4079 799 4149 principio,
824 4110 892 4118 --
930 4082 1170 4136 Interest
1207 4086 1391 4135 autem
1426 4082 1712 4136 attendere
1750 4082 1850 4135 hoc
1886 4083 2024 4149 loce,
2063 4098 2173 4146 οοε,
2213 4083 2303 4149 qui
2339 4084 2672 4151 reipublicae
2716 4107 2720 4112 ·

362 4159 672 4226 praefuturi
710 4159 846 4222 sint,
892 4176 1050 4226 posse
1088 4159 1145 4213 in
1195 4162 1511 4227 quibusdam
1562 4160 1777 4214 casibus
1815 4160 2104 4216 voluntate
2144 4162 2459 4230 judicioque
2497 4164 2670 4231 deligi
