3270 5028
1205 420 1377 475 Initia
1414 421 1715 476 scissionis,
2512 420 2614 470 337

191 621 194 626 .
299 564 449 647 ejus
488 563 626 646 jam
672 562 991 647 agebatur
1036 562 1266 628 ultimo
1316 560 1631 629 Methodii
1666 583 1861 638 anno,
1907 581 2236 645 quumque
2284 560 2614 661 penderet,

299 658 653 743 Gregorius
716 659 794 722 ab
853 656 1114 743 Ignatio
1176 681 1311 723 non
1374 659 1684 724 admissus
1747 661 1845 721 est
1908 658 1988 722 ad
2046 679 2225 721 suam
2288 657 2613 722 cousecra-

308 755 571 821 tionem.
659 753 831 820 Huic
887 753 1198 839 Gregorio
1260 777 1411 820 vero
1472 776 1609 820 sese
1667 755 2035 838 junxerunt
2096 755 2236 837 ejus
2300 753 2487 817 amici
2550 757 2616 818 et
2672 757 2913 811 Gregorius

309 850 552 936 Ignatii
612 851 984 934 adversarii,
1039 851 1138 915 uti
1194 852 1427 917 Petrus
1471 851 1849 928 Miletenus,
1906 854 1972 914 et
2019 849 2394 934 Eulampius
2449 850 2617 934 Apa·
2678 820 2906 862 Αεωω

309 948 584 1013 meensis
631 947 934 1031 episcopi,
994 948 1338 1033 pluresque
1388 949 1600 1016 clerici
1648 952 1716 1012 et
1760 943 1987 1030 laici.¹)
2075 946 2181 1011 Ita
2226 947 2431 1031 igitur
2474 968 2619 1011 con·

302 1048 414 1109 tra
456 1044 790 1129 Ignatium
834 1066 971 1109 sese
1017 1044 1361 1111 constituit
1404 1045 1600 1110 factio
1656 1044 1967 1129 quaedam
2012 1043 2415 1108 schismatica
2460 1043 2660 1209 viro-l

309 1165 481 1218 rum,
545 1142 656 1225 qui
713 1142 1059 1225 principes,
1122 1142 1363 1205 clerum
1425 1147 1491 1207 et
1544 1142 1852 1226 populum
1909 1141 1978 1205 in
2030 1139 2458 1224 patriarcham
2516 1161 2620 1203 ex·

301 1239 533 1316 citare,
594 1259 865 1322 eumque
912 1237 1239 1302 diffamare
1286 1240 1502 1304 conati
1547 1243 1720 1304 sunt.
1813 1236 2084 1303 Frustra
2127 1258 2279 1302 vero
2322 1235 2618 1321 Ignatius

305 1334 555 1399 studuit
600 1356 707 1399 eos
764 1334 846 1397 ad
898 1335 1330 1400 obedientiam
1378 1335 1696 1421 redigere,
1751 1357 1826 1400 ac
1876 1334 2132 1399 demum
2186 1334 2361 1398 inter
2413 1355 2619 1399 annos

302 1432 437 1495 848
496 1437 561 1496 et
620 1432 749 1495 854
813 1432 1044 1497 habuit
1103 1432 1451 1515 synodum,
1514 1434 1583 1498 in
1642 1454 1770 1517 qua
1827 1431 2209 1515 Gregorium
2273 1427 2671 1646 Asbestaml

2754 1525 2779 1564 l

304 1530 575 1612 ejusque
622 1529 889 1593 asseclas
935 1533 1011 1595 ut
1067 1529 1429 1595 schismatis
1475 1536 1540 1595 et
1595 1529 1878 1613 plurium
1935 1527 2274 1593 criminum
2320 1549 2462 1592 reos
2508 1527 2618 1591 da-

308 1625 575 1703 mnavit,
625 1623 1133 1710 Gregoriumque
1180 1626 1491 1710 deposuit.

489 1809 591 1873 25.
660 1808 1007 1893 Gregorius
1068 1810 1376 1874 Asbestas
1439 1814 1665 1874 contra
1725 1809 1895 1876 hanc
1949 1808 2338 1875 sententiam
2403 1806 2620 1891 appel·

306 1905 472 1969 lavit
534 1903 761 1972 Sedem
829 1905 1221 1982 Romanam,
1292 1928 1643 1990 provocans
1706 1907 1787 1971 ad
1853 1928 2131 1972 canones
2195 1903 2621 1981 SardicenseS,

312 2001 616 2085 misitque
663 2001 1030 2067 Zachariam
1081 2004 1528 2088 presbyterum
1573 2003 1676 2067 vel
1721 1998 2164 2087 episcopum,²)
2222 2002 2333 2086 qui
2380 2000 2622 2065 Romae

306 2119 495 2162 suam
572 2099 823 2162 causam
911 2102 1156 2183 ageret3
1238 2099 1534 2183 Ignatius
1604 2122 1756 2165 vero
1843 2099 2394 2165 confirmationem
2477 2119 2623 2161 sen-

299 2194 586 2272 tentiae,
650 2200 723 2259 ut
770 2195 1125 2279 obtineret,
1186 2220 1224 2261 a
1273 2194 1435 2260 Sede
1492 2198 1864 2281 Apostolica
1918 2197 2126 2280 petiit.
2235 2193 2443 2260 Causa
2505 2195 2624 2258 sub

311 2289 533 2355 Leone
597 2290 715 2357 IV.
796 2289 881 2376 (a.
930 2292 1325 2376 847-2855)
1395 2299 1461 2358 et
1515 2293 1866 2359 Benedicto
1928 2293 2044 2358 III.
2115 2296 2440 2376 protracta
2508 2299 2624 2379 est,

311 2409 510 2470 quum
578 2388 910 2473 utriusque
971 2393 1173 2474 partis
1228 2392 1515 2455 rationes
1571 2389 1767 2455 Sedes
1825 2391 2200 2475 Apostolica
2260 2389 2623 2455 accuratius

307 2485 682 2550 examinare
740 2486 956 2554 vellet.
1057 2485 1418 2572 Negotiuns
1460 2509 1605 2553 vero
1665 2488 1861 2553 etiam
1917 2488 2069 2552 inde
2122 2487 2375 2553 videtur
2428 2485 2624 2551 fuisse

308 2582 516 2666 magis
556 2583 977 2666 complexum,
1031 2585 1202 2669 quod
1248 2586 1514 2650 nonnisi
1559 2607 1675 2670 per
1720 2586 2203 2669 usurpationem
2250 2584 2408 2650 facti
2453 2583 2626 2647 dioe-

310 2699 484 2742 ceses
553 2676 808 2744 Siciliae
876 2680 1025 2745 iude
1106 2704 1145 2745 a
1212 2686 1499 2765 tempore
1567 2681 1807 2748 Leonis
1871 2681 2082 2747 Isauri
2159 2679 2624 2766 patriarchatui

301 2773 577 2839 -CPtano
635 2777 961 2862 subjectae
1015 2782 1229 2859 erant,
1297 2801 1370 2843 ac
1431 2777 1625 2843 Sedes
1681 2778 1975 2844 Romana
2033 2779 2341 2843 continuo
2402 2781 2625 2842 contra

309 2870 480 2935 hanc
544 2874 1024 2957 usurpationem
1089 2876 1567 2943 reclamaverat.
1678 2876 1889 2952 Quum
1953 2875 2157 2958 igitur
2220 2874 2628 2956 metropolita

311 2965 758 3048 Syracusanus
832 2969 1219 3053 appellasset
1301 2976 1529 3037 contra
1605 2972 2070 3056 depositionem
2154 2994 2192 3035 a
2264 2969 2628 3054 patriarcha

309 3060 578 3126 CPtano
638 3064 907 3148 factam,
962 3066 1252 3131 Romano
1311 3067 1611 3133 Pontifici
1667 3068 2019 3152 prudenter
2081 3068 2405 3152 agendum
2466 3069 2626 3142 erat,

313 3180 396 3222 ne
430 3158 701 3238 CPtani,
744 3161 800 3251 si
832 3163 1319 3229 confirmaretur
1348 3163 1679 3248 depositio,
1725 3170 2179 3249 argumentum
2212 3163 2362 3228 inde
2406 3164 2627 3246 postea

495 3438 535 3506 ¹)
581 3439 912 3494 Anastasius
959 3441 1153 3496 scribit
1196 3442 1233 3496 l.
1272 3459 1344 3497 c.:
1397 3443 1568 3509 „Sane
1601 3443 1942 3499 ²restiterunt
1984 3444 2146 3513 hujus
2195 3443 2453 3514 (Ignatii)
2501 3459 2626 3510 pro-

315 3516 548 3572 motioni
598 3519 814 3585 quidam
868 3521 1130 3589 perpauci
1177 3522 1439 3592 episcopi,
1491 3522 1639 3578 inter
1685 3540 1821 3593 quos
1875 3529 1996 3578 erat
2045 3523 2345 3593 Gregorius
2395 3524 2626 3592 Syracu-

313 3612 507 3663 sanuS,
558 3614 620 3652 eo
659 3599 800 3666 quod
840 3614 932 3653 eos
983 3606 1203 3670 propter
1241 3601 1522 3656 diffamata
1566 3608 1624 3656 et
1672 3602 1953 3670 publicata
1996 3602 2255 3657 nonnulla
2298 3602 2525 3657 crimina
2570 3603 2626 3655 in

311 3677 622 3732 sacerdotio
657 3677 765 3732 rite
802 3684 932 3733 ante
981 3679 1393 3735 refricationem
1436 3680 1495 3735 in
1541 3697 1634 3736 eos
1681 3682 1826 3736 illati
1864 3682 2062 3751 judicii
2110 3698 2169 3736 se
2203 3698 2312 3736 non
2349 3697 2508 3749 posse
2544 3698 2625 3736 re-

313 3753 521 3822 cipere,
571 3757 831 3811 canonica
870 3758 946 3811 sit
983 3763 1041 3813 et
1084 3759 1220 3813 mihi
1263 3759 1479 3815 ratione
1522 3759 1826 3828 professus3
1872 3766 2094 3828 propter
2141 3776 2307 3829 quae,
2353 3760 2479 3828 quia
2527 3761 2627 3813 illa

312 3834 694 3906 satisfactione
749 3852 858 3890 non
904 3838 1221 3904 abluerunt,
1274 3838 1469 3893 merito
1520 3845 1716 3907 postea
1769 3839 1836 3893 ab
1893 3855 1956 3894 eo
2011 3845 2070 3895 et
2125 3841 2329 3908 synodo
2385 3840 2624 3894 abdicati

309 3913 492 3982 sunt.“
566 3914 751 3969 Labbe
774 3916 930 3970 VIII.
969 3919 1087 3971 962.

500 3991 544 4059 2)
582 3993 742 4050 Hunc
778 3996 1101 4051 Zachariam
1138 3998 1513 4087 presbyterum
1550 3996 1831 4051 CPtanum
1868 3997 2084 4051 videtur
2121 3996 2417 4065 Gregorius
2455 3997 2624 4052 Asbe-

315 4075 434 4124 stas
481 4075 636 4126 extra
681 4073 971 4130 dioecesim
1020 4092 1172 4130 suam
1219 4081 1275 4131 et
1320 4075 1492 4130 inscio
1529 4075 1811 4131 Methodio
1855 4076 2171 4145 patriarcha
2215 4075 2273 4129 in
2317 4076 2623 4144 episcopum

313 4147 639 4205 Taorminae
674 4150 733 4205 in
771 4152 959 4206 Sicilia
997 4153 1300 4208 ordinasse.
1373 4153 1479 4209 Cfr.
1518 4155 2005 4224 Hergenrotherl.
2046 4171 2091 4210 c.
2129 4171 2164 4224 p
2219 4157 2339 4209 359.

420 4244 685 4298 Jungmann‚
712 4247 771 4289 Di
775 4260 818 4288 ss
820 4249 1066 4291 ortationes.
1120 4250 1242 4292 Tom.
1270 4251 1358 4293 111.
2345 4246 2415 4297 22
