3270 5028
704 414 810 465 284
1047 411 1195 465 XVI.
1235 409 1448 466 Causae
1487 410 1734 466 celebres
1770 415 1829 465 et
1862 409 2179 493 Decretales
2216 408 2671 465 Pseudo-Isidori.

709 555 844 635 ipsa
890 550 1216 617 Ecclesiae
1278 552 1745 617 constitutione
1804 555 1871 616 et
1926 551 1996 615 in
2053 551 2308 635 juribus
2364 543 2665 616 Pontifici
2722 550 3035 614 Romano

705 654 770 713 et
846 649 1155 732 potestati
1231 647 1695 713 ecclesiasticae
1770 647 2304 713 convenientibus
2383 649 2575 732 plane
2653 647 3025 733 legitimum

703 744 986 809 habebat
1026 744 1552 823 fundamentum,
1609 766 1681 809 ac
1726 750 2089 826 temporum
2144 743 2519 828 indigentiis
2568 743 3029 810 conveniebat.

703 840 823 906 Vel
872 862 952 905 ex
1007 842 1143 926 ipsa
1198 840 1372 906 facili
1430 841 1809 907 admissione
1853 839 2288 924 Decretalium
2334 840 2849 920 Pseudo-Isidori
2895 840 3029 905 hoc

695 940 843 1023 jure
910 937 1209 1003 infertur.
1330 938 1699 1017 „Quomodo
1762 938 2003 1003 scilicet
2065 959 2244 1003 secus
2310 939 2446 1002 fieri
2502 938 2845 1022 potuisset,
2918 938 3028 1001 ita

702 1035 933 1100 merito
980 1032 1048 1100 G.
1097 1032 1196 1098 De
1240 1032 1463 1098 Smedt
1507 1034 1753 1118 arguit,
1801 1039 1875 1099 ut
1918 1034 2287 1099 sententiae
2332 1056 2405 1099 ac
2448 1035 2708 1120 regulae
2747 1036 3026 1099 omnino

704 1153 940 1209 novae,
1007 1152 1173 1215 quae
1239 1131 1622 1196 evertissent
1682 1153 1758 1195 ea
1817 1153 1981 1215 quae
2040 1153 2156 1215 per
2224 1132 2598 1196 diuturnam
2670 1138 3021 1197 consuetu-

676 1228 916 1305 dinem
986 1227 1151 1311 apud
1224 1249 1446 1292 omnes
1493 1231 1767 1311 ‘recepta
1832 1232 2050 1311 erant,
2134 1233 2199 1293 et
2265 1230 2622 1294 contrarias
2691 1229 3023 1294 doctrinas

702 1325 1186 1408 oppositamque
1260 1324 1509 1408 praxim
1584 1329 1901 1407 tanquam
1975 1326 2142 1390 solas
2211 1347 2397 1391 veras
2462 1330 2527 1390 et
2594 1327 3021 1410 antiquorum

703 1422 1090 1486 auctoritate
1169 1421 1424 1486 fulcitae
1514 1421 2027 1505 proposuissent,
2113 1421 2286 1485 haud
2371 1423 2794 1507 rejicerentur
2865 1444 3019 1487 cum

700 1517 1153 1601 indignatione
1220 1524 1535 1600 tanquam
1609 1540 1780 1582 nova
1848 1520 1913 1581 et
1974 1517 2295 1594 inaudita,
2366 1518 2474 1582 sed
2535 1519 2840 1584 facillime
2905 1518 3051 1583 ad-‘

701 1614 1146 1678 mitterentur:
1241 1615 1433 1678 etiam
1508 1615 1590 1679 ab
1665 1615 1744 1678 iis
1813 1636 2087 1699 quorum
2163 1614 2444 1680 consiliis
2477 1623 2482 1627 “
2519 1617 2646 1681 ista
2718 1616 3018 1680 adversa-

703 1711 979 1775 bantur?
1063 1710 1431 1786 Universim
1489 1712 1662 1776 enim
1724 1711 1873 1776 illae
1934 1711 2285 1796 disciplinae
2333 1712 2779 1795 dispositiones
2825 1713 3022 1777 facile

698 1811 991 1890 receptae
1060 1813 1245 1890 sunt3
1314 1812 1573 1872 tantum
1641 1808 2030 1873 Hincmarus
2105 1808 2488 1874 Rhemensis
2553 1813 2618 1874 et
2686 1810 2793 1894 qui
2864 1832 3018 1875 eum

699 1904 1114 1969 sectabantur
1176 1905 1598 1971 ostenderunt
1655 1905 1998 1989 quamdam
2058 1906 2552 1989 oppositionem,
2612 1906 2682 1971 in
2735 1929 2862 1988 qua
2908 1912 3017 1971 ta-

591 2047 596 2052 ·
699 2023 846 2064 men
908 2004 973 2064 et
1035 2002 1157 2084 ipsi
1211 2002 1331 2067 sibi
1396 2024 1622 2086 parum
1672 2002 2076 2066 constabant.
2145 2039 2220 2048 —
2282 2002 2514 2067 Facilis
2580 2008 2791 2068 autem
2853 2002 3020 2067 haee

697 2097 972 2181 receptio
1020 2097 1429 2164 Collectionis
1473 2097 1986 2164 Pseudo-Isidori
2026 2095 2110 2164 'et
2162 2099 2536 2184 disciplinae
2592 2122 2757 2185 quae
2812 2102 2881 2165 in
2937 2123 3020 2166 ea

698 2194 1098 2273 continetur,
1153 2195 1302 2260 inde
1349 2196 1634 2279 apprime
1686 2197 2074 2279 explicatur,
2131 2196 2302 2280 quod
2347 2196 2676 2261 doctrinae
2722 2201 2788 2261 et
2836 2198 3016 2281 prin-

698 2290 863 2373 cipia
923 2291 992 2355 in
1056 2312 1131 2355 ea
1197 2291 1530 2375 proposita
1589 2314 1725 2357 non
1773 2296 1989 2356 essent
2036 2315 2206 2358 nova
2267 2298 2334 2356 et
2380 2297 2650 2358 eatenus
2693 2293 3019 2378 inaudita;

698 2387 806 2452 sed
855 2386 952 2451 uti
1008 2387 1461 2453 constitutioni
1523 2387 1848 2452 Ecclesiae
1910 2389 2319 2467 nitebantur,
2392 2390 2486 2453 ita
2562 2412 2813 2474 quoque
2869 2394 3016 2475 jam

699 2484 947 2568 saepius
1009 2484 1262 2568 prolata
1321 2489 1384 2550 et
1441 2484 1733 2550 adhibita
1793 2485 1861 2550 in
1923 2485 2134 2570 praxi,
2207 2486 2492 2571 adeoque
2559 2487 2792 2552 saltem
2852 2508 3017 2552 con·

698 2581 838 2645 fuse
918 2583 1056 2666 jam
1133 2585 1205 2645 ut
1280 2579 1623 2663 principia
1703 2583 1870 2667 juris
1949 2584 2357 2650 ecclesiastici
2441 2583 2720 2649 admissa
2799 2589 3019 2649 erant.

697 2678 869 2742 Hinc
915 2699 1105 2744 nemo
1161 2679 1429 2744 miratus
1479 2684 1607 2756 est,
1665 2680 1821 2745 talia
1879 2682 1960 2744 ab
2017 2681 2303 2764 antiquis
2343 2679 2769 2747 Pontificibus
2812 2681 3020 2747 fuisse

644 2809 650 2814 ·
699 2773 1012 2859 prolata.“
1031 2773 1080 2858 1)

363 3321 589 3366 Sententia
605 3325 678 3367 ad-

377 3396 477 3428 vers
482 3387 664 3430 ariorum
672 3420 681 3430 .

878 2924 973 2989 73.
1023 2922 1169 2989 Non
1222 2928 1322 2989 est
1368 2945 1480 2988 cur
1527 2924 1863 3008 loquamur
1908 2924 1986 2988 de
2027 2923 2582 3007 dispositionibuS,
2644 2947 2809 3009 quae
2858 2928 3022 3011 jura

700 3020 1025 3085 Ecclesiae
1091 3026 1317 3086 contra
1388 3019 1728 3084 arbitrium
1802 3020 2163 3104 principum
2239 3026 2305 3084 et
2377 3022 2719 3104 potestatis
2784 3045 3013 3088 saecu-

697 3118 849 3181 laris
918 3117 1285 3199 vindicant,
1359 3117 1470 3181 sed
1545 3116 1857 3201 quaedam
1925 3117 2185 3201 juvabit
2259 3118 2617 3183 accuratius
2686 3140 3015 3203 exponere

701 3214 910 3298 quoad
969 3235 1044 3278 ea
1104 3215 1342 3298 capita,
1404 3235 1566 3297 quae
1628 3213 2062 3279 Romanorum
2105 3213 2493 3280 Pontificum
2554 3216 3011 3286 auctoritatem

706 3314 1021 3393 quantum
1089 3310 1168 3373 ad
1238 3310 1561 3394 episcopos
1628 3310 2031 3394 synodosque
2103 3315 2419 3394 spectant.
2509 3310 2689 3377 Citra
2750 3313 3012 3377 modum

706 3407 878 3471 enim
936 3427 1073 3471 eam
1131 3406 1578 3471 auctoritatem
1635 3402 1695 3469 vi
1752 3405 2161 3472 Collectionis
2212 3406 2606 3473 Isidorianae
2658 3409 3013 3494 amplifica-

701 3506 834 3566 tam
882 3524 1040 3581 esse,
1087 3502 1247 3566 varii
1291 3506 1582 3567 auctores
1629 3502 2055 3568 contendunt.
2148 3503 2441 3582 Etenim,
2486 3507 2814 3589 inquiunt,
2863 3512 3012 3570 tum

697 3599 1045 3663 universim
1093 3597 1652 3663 Pseudo-Isidorus
1708 3600 2015 3664 continuo
2069 3601 2281 3665 evehit
2338 3601 2776 3667 Romanorum
2836 3603 3011 3668 Pon-

695 3696 939 3760 tificum
1020 3694 1497 3776 auctoritatem,
1572 3700 1641 3759 et
1712 3695 1791 3759 ad
1866 3718 2004 3760 eam
2075 3698 2528 3762 recurrendum
2597 3721 2731 3764 esse
2796 3699 3011 3765 incul-

695 3798 819 3868 cat,
909 3792 1168 3876 quando
1244 3791 1438 3857 dubia
1513 3796 1578 3856 et
1650 3792 2076 3859 dissensiones
2149 3794 2381 3859 alicubi
2457 3796 2785 3874 oriuntur,
2863 3801 3010 3862 tum

874 3984 915 4051 ¹)
961 3984 1026 4037 V.
1067 3984 1124 4040 C.
1170 3985 1253 4039 De
1300 3984 1488 4039 Smedt
1532 3985 1589 4038 in
1625 3983 2025 4040 Dissertatione
2072 3985 2332 4052 (nondum
2381 3986 2529 4055 typis
2576 3985 2867 4054 impressa)
2915 3986 3014 4042 De

695 4062 987 4117 collectione
1012 4062 1381 4117 Decretalium
1405 4064 1502 4117 sub
1536 4062 1752 4119 nomine
1775 4062 1979 4117 Isidori
2010 4064 2333 4119 Mercator-is
2359 4065 2596 4135 vulyata,
2624 4064 2682 4120 C.
2708 4065 2776 4119 X.
2801 4081 2855 4119 n.
2885 4068 3013 4121 113.

694 4172 762 4178 —
801 4141 1179 4210 Autographia
1214 4141 1644 4210 praelectionum
1682 4142 1812 4196 anni
1852 4145 2219 4210 1867—1868,
2255 4162 2307 4212 p.
2349 4147 2464 4199 186.
