3270 5028
907 472 1156 525 Eventus
1194 475 1321 537 post
1360 470 1661 523 Concilium
1701 486 1808 523 oec.
1839 469 1994 521 VIII.
2505 469 2607 521 411

285 612 395 675 odi
447 613 804 695 inscripsit,
863 613 1283 695 eumdemque
1340 612 1462 695 ipsi
1522 613 1772 676 tribuit·
1804 608 2227 691 privilegium
2284 608 2610 685 editioniS,

282 709 457 793 quod
526 708 820 772 Clemens
864 708 1009 772 VII.
1074 707 1429 772 Medicaeus
1494 709 1824 772 concessit.
1949 708 2085 781 Qua
2145 706 2222 768 de
2279 728 2346 768 re
2412 703 2608 769 Nata-

283 807 368 869 lis
446 806 837 870 Alexander:
929 804 1127 887 „Sed,
1205 805 1453 887 inquit,
1535 802 1863 868 Cretenses
1938 822 2182 882 semper
2255 799 2608 880 mendaceS,

285 923 499 985 neque
549 901 668 965 hac
726 906 794 966 in
842 924 909 965 re
956 902 1159 965 fidelis
1209 899 1546 965 Abraham
1616 908 1681 964 et
1738 899 2238 981 benedicendus3
2302 921 2443 961 cum
2490 920 2610 962 nec

285 998 706 1063 Florentinae
763 997 1006 1081 Synodi
1053 999 1219 1061 Acta
1277 1002 1341 1061 et
1390 997 1693 1074 Decreta,
1759 1019 1878 1062 nec
1938 996 2219 1079 Eugenii
2265 994 2379 1057 IV.
2437 993 2604 1058 Pon—

287 1096 481 1159 tificis
530 1094 796 1159 Maximi
846 1095 1146 1177 Diploma
1193 1095 1314 1177 ipsi
1361 1116 1595 1158 nomen
1647 1093 1890 1177 Synodi
1937 1093 2377 1157 oecumenicae
2437 1096 2609 1155 octa—

290 1216 404 1256 vae
478 1181 721 1275 uspiam
790 1193 1105 1256 tribuant.
1211 1190 1619 1275 Privilegium
1696 1197 1908 1255 autem
1980 1189 2278 1254 editionis
2347 1211 2384 1251 a
2445 1189 2609 1252 Pon-

286 1291 487 1365 tifice,
548 1291 727 1373 cujus
774 1289 1035 1352 nomine
1082 1286 1300 1351 datum
1360 1294 1487 1365 est,
1554 1310 1904 1371 expensum
1953 1309 2083 1350 non
2132 1286 2286 1365 fuit,
2345 1286 2449 1348 sed
2501 1307 2607 1348 ex-

285 1408 544 1469 pressus
607 1390 703 1449 est
765 1386 991 1449 titulus
1049 1384 1226 1467 libri,
1282 1392 1475 1465 prout
1533 1386 1613 1448 ab
1677 1385 1918 1448 editore
1980 1384 2192 1447 fuerat
2253 1381 2609 1465 adscriptus

287 1485 369 1548 ab
437 1505 512 1547 eo
576 1484 685 1566 qui
743 1478 1170 1563 privileqium
1233 1482 1537 1545 exaravit
1546 1484 1584 1514 “
1610 1482 1653 1560 ¹)
1758 1480 2062 1545 Vindicat
2124 1485 2343 1543 tamen
2408 1478 2607 1541 Abra-

286 1580 550 1643 hamum
583 1577 951 1643 Cretensem
1000 1582 1067 1640 et
1100 1575 1489 1640 Clementem
1519 1577 1674 1642 VII.
1723 1578 2066 1642 adnotator
2114 1575 2386 1651 Natalis,
2436 1574 2608 1638 Ron-

289 1677 524 1758 caglia,
591 1675 877 1739 scribens
947 1675 1013 1737 in
1086 1679 1245 1736 nota
1306 1673 1385 1735 ad
1454 1674 1495 1737 l.
1562 1697 1643 1737 c.:
1714 1674 1894 1758 „Ego
1961 1673 2125 1737 nihil
2187 1673 2268 1735 ab
2335 1677 2606 1754 utroque

291 1773 707 1837 vehementer
774 1775 1056 1834 erratum
1132 1769 1343 1846 vide0,
1421 1793 1659 1834 morem
1733 1774 1903 1835 enim
1976 1769 2394 1843 Graecorum,
2474 1790 2606 1831 non

293 1869 700 1944 Latinorum,
742 1890 816 1931 ea
864 1868 930 1930 in
992 1889 1059 1930 re
1107 1867 1333 1930 sectati
1381 1874 1562 1949 sunt,
1623 1874 1689 1931 et
1734 1868 1988 1950 quidem
2035 1889 2167 1930 non
2219 1864 2608 1929 Graecorum

290 1964 737 2029 tantummodo
801 1964 911 2047 qui
976 1963 1306 2026 schismati
1371 1961 1841 2039 adhaerebant,
1911 1963 2021 2027 sed
2083 1984 2302 2025 eorum
2369 1961 2608 2044 pariter
2662 1961 2665 1964 ’

291 2063 403 2146 qui
449 2084 593 2125 cum
640 2060 893 2124 Latinis
942 2058 1438 2123 conveniebant.
1532 2060 1856 2124 Postremi
1903 2061 2074 2123 enim
2123 2057 2374 2136 Graeci,
2430 2062 2607 2120 recta

289 2160 442 2223 licet
497 2158 884 2234 sentienteS,
942 2155 1271 2240 Synodum
1320 2154 1764 2220 Florentinam
1823 2161 2114 2231 octavam
2163 2157 2608 2228 numerarunt,

291 2278 424 2319 non
471 2254 643 2337 quod
690 2250 1024 2337 Synodum
1072 2249 1299 2315 contra
1349 2252 1649 2317 Photium
1700 2253 2070 2336 rejicerent,
2129 2253 2240 2315 sed
2300 2250 2469 2334 quod
2515 2250 2608 2313 ita

295 2374 430 2415 mos
497 2350 885 2415 Graecorum
953 2351 1215 2413 ferret.“
1278 2385 1367 2393 -
1429 2350 1512 2413 In
1564 2347 1848 2413 Concilio
1914 2348 2290 2412 Florentino
2356 2346 2609 2409 Marcus

297 2447 658 2532 Ephesinus
707 2448 996 2530 negavit,
1053 2444 1377 2529 Synodum
1427 2451 1713 2510 nostram
1761 2447 2233 2510 oecumenicam
2285 2466 2450 2522 esse,
2509 2449 2608 2507 at-

294 2567 417 2628 que
466 2543 823 2609 Cardinalis
871 2543 1160 2606 Cesarini
1225 2544 1469 2624 legatus
1518 2544 1849 2607 Pontificis
1907 2545 2190 2627 carpitur
2240 2567 2277 2606 a
2324 2542 2607 2606 Baronio

293 2641 396 2721 (ad
443 2664 499 2705 a.
550 2641 695 2717 869,
742 2663 806 2703 n.
855 2638 999 2721 61),
1057 2639 1227 2722 quod
1269 2638 1470 2704 Marci
1530 2641 1722 2704 effata
1780 2650 1935 2706 non'
1970 2641 2267 2725 rejecerit
2321 2646 2385 2703 et
2435 2640 2608 2702 refu-

292 2738 542 2800 taverit.
616 2734 740 2800 Sed
788 2737 1015 2799 merito
1065 2735 1344 2798 advertit
1388 2734 1487 2800 Ill.
1523 2735 1775 2811 Hefele,
1822 2737 1888 2799 id
1933 2737 2083 2800 inde
2129 2739 2391 2811 factum,
2439 2734 2609 2818 quod

294 2833 579 2896 Cesarini
643 2834 1087 2917 quaestionem
1157 2832 1600 2896 secundariam
1660 2834 1938 2897 excitare
2001 2841 2066 2896 et
2125 2833 2439 2896 discuteie
2495 2854 2607 2896 no-
2662 2826 2678 2833 ⁶

292 2929 515 3037 luerit,
593 2952 664 2993 ac
720 2933 1062 3012 propterea
1122 2928 1317 2991 verba
1379 2933 1793 2992 transeunter
1854 2931 2103 3013 prolata
2167 2930 2305 2993 sine
2368 2929 2611 2992 directa

296 3017 712 3108 responsione
789 3025 1239 3088 transmiserit.
1256 3021 1307 3101 2)
1387 3061 1466 3068 --
1548 3025 1696 3089 Jam
1777 3026 2109 3091 ulteriores
2193 3032 2462 3089 eventus
2542 3025 2610 3087 in

299 3121 566 3187 Oriente
615 3135 681 3186 et
731 3121 1076 3186 Occidente
1122 3120 1493 3185 referamus

377 3332 382 3337 -
474 3296 621 3359 104.
693 3293 993 3367 PhotiUS,
1070 3294 1360 3376 quamvis
1428 3317 1467 3356 a
1535 3295 1779 3359 duobus
1844 3293 2266 3360 Pontificibus
2333 3298 2398 3360 in
2469 3290 2773 3378 syn-letii
2812 3292 2944 3331 ⁸¹³⁶*

298 3394 429 3458 odis
477 3391 784 3456 Romanis
836 3394 901 3452 et
950 3391 1018 3452 in
1068 3388 1352 3454 Concilio
1398 3391 1689 3472 generali
1734 3389 1914 3454 VIII.
1976 3392 2318 3456 damnatus
2374 3416 2447 3458 ac
2501 3395 2608 3458 de-

298 3491 567 3574 positUS,
630 3491 824 3570 atque
880 3511 917 3550 a
975 3485 1216 3550 Basilio
1273 3484 1670 3568 Imperatore
1728 3509 1760 3550 e
1819 3487 1966 3551 sede
2019 3489 2608 3574 Constantinopoli-

298 3593 451 3650 tana
497 3586 780 3669 dejectus
838 3588 903 3645 et
955 3584 1024 3646 in
1071 3583 1534 3646 monasterium
1591 3584 1946 3668 relegatae,
2013 3608 2130 3649 nec
2176 3587 2448 3669 resipuit
2493 3609 2612 3651 nec

300 3683 507 3747 animo
568 3680 925 3764 despondit.
1039 3680 1161 3744 Sed
1239 3680 1472 3742 mentis
1542 3688 1798 3743 vastum
1875 3683 2211 3766 ingenium
2287 3685 2611 3767 animique

299 3781 365 3843 in
433 3778 855 3862 perversitate
919 3777 1244 3840 audaciam
1316 3797 1390 3839 eo
1454 3775 1715 3854 direxit,
1791 3784 1862 3841 ut
1924 3779 2268 3843 factionem
2328 3781 2449 3844 sibi
2509 3780 2612 3844 ad-

299 3877 669 3940 haerentem
728 3874 1066 3954 retineret,
1125 3874 1433 3956 malisque
1491 3873 1740 3938 artibus
1803 3875 2024 3938 futura
2077 3897 2378 3958 prospera
2433 3899 2612 3960 prae-

478 4118 520 4184 l)
561 4118 626 4170 In
671 4133 811 4171 saec.
853 4115 950 4168 IX.
990 4115 1219 4170 Dissert.
1258 4116 1351 4169 IV.
1392 4115 1438 4184 ἓ.
1478 4116 1683 4171 XXIV.

449 4197 518 4263 ,2)
558 4198 613 4249 Ο.
654 4197 716 4250 G.
759 4195 857 4249 IV.
898 4194 946 4263 ξ.
989 4198 1107 4248 496.
