3270 5028
361 1596 511 1637 Motus
536 1597 580 1637 in

405 1656 549 1698 Italia.

647 451 717 502 26
1378 451 1463 505 De
1498 451 1714 505 haeresi
1750 452 2224 506 Iconoclastarum.

649 588 889 653 Decem
932 609 1143 654 annos
1187 589 1322 654 Dei
1366 590 1764 674 beniqnitate
1819 597 1987 656 recte
2040 592 2422 673 ambulasti,
2483 613 2688 674 neque
2742 611 2964 656 sacra-

646 705 801 750 rum
844 685 1214 768 imayinum
1256 687 1644 753 mentionem
1685 688 1939 770 fecisti,
1985 708 2164 753 nunc
2207 694 2426 754 autem
2467 710 2577 754 eas
2619 688 2785 754 dicis
2825 688 2963 752 ido-

648 782 862 847 lorum
907 781 1116 846 locum
1172 782 1456 865 implere.
1546 786 1725 850 Haec
1781 788 1938 851 satis
1998 787 2316 863 innuunt,
2377 788 2598 852 decem
2644 788 2791 851 illas
2833 788 2964 869 epi·

646 880 848 944 stolas
879 902 1016 944 esse
1047 902 1178 958 eae,
1221 902 1380 964 quas
1416 883 1771 964 quotannis
1815 883 2081 946 miserat
2105 881 2466 965 Imperator
2497 884 2581 946 ab
2609 883 2966 947 indictione

649 975 831 1040 XIV.
889 978 971 1058 (a.
1022 977 1176 1052 716)
1231 999 1435 1060 usque
1492 977 1572 1041 ad
1624 979 2046 1043 indictionem
2095 977 2279 1045 VIII.
2370 978 2727 1045 Undecima
2771 1001 2963 1063 porro

648 1094 725 1136 ea
791 1079 917 1149 est,
989 1093 1154 1156 quae
1184 1158 1191 1165 .
1218 1074 1450 1138 ultimo
1509 1075 1651 1139 loco
1713 1075 2052 1140 indictioni
2114 1074 2225 1139 IX.
2292 1076 2702 1153 adscribitur,
2767 1079 2963 1158 atque

647 1169 805 1234 haec
849 1191 1025 1234 anno
1076 1170 1201 1233 726
1238 1173 1562 1234 convenit.
1609 1207 1698 1217 —-
1747 1171 1851 1234 Ad
1893 1171 2064 1236 hanc
2106 1173 2312 1256 igitur
2349 1171 2696 1256 Gregorius
2740 1192 2963 1234 versus

650 1288 894 1330 annum
943 1266 1067 1329 727
1114 1267 1467 1349 respondit.
1556 1267 1911 1352 Arroganti
1967 1271 2034 1332 et
2076 1268 2350 1350 superbo
2401 1269 2591 1333 modo
2639 1268 2965 1350 rescripsit

649 1362 942 1443 Isaurus;
1007 1385 1137 1446 quo
1197 1363 1371 1428 facto
1426 1364 1699 1428 alteram
1760 1366 1820 1428 ei
1877 1365 2130 1448 scripsit
2193 1362 2542 1447 Gregorius
2603 1366 2962 1448 epistolam,

648 1480 869 1522 versus
915 1481 1161 1523 annum
1209 1459 1357 1524 728.

825 1590 934 1652 28.
1007 1589 1106 1652 De
1166 1591 1447 1654 motibus
1516 1590 1587 1653 in
1648 1590 1841 1654 Italia
1907 1591 1990 1654 ob
2047 1588 2463 1673 Imperatoris
2533 1566 2962 1654 iconoclastae

647 1688 1045 1770 impietatem
1112 1708 1187 1751 eo
1246 1692 1536 1770 tempore
1591 1688 1780 1768 ortis,
1839 1687 2182 1769 scriptores
2246 1708 2551 1770 suppares
2608 1686 2964 1750 universim

648 1784 968 1864 referunt,
1024 1783 1130 1846 sed
1195 1805 1270 1847 eo
1329 1783 1545 1859 modo,
1605 1789 1682 1847 ut
1725 1783 1907 1847 valde
1961 1782 2220 1846 difficile
2277 1784 2393 1860 sit,
2459 1788 2806 1846 eventuum
2862 1803 2962 1846 se-

648 1883 807 1945 riem
872 1884 1092 1943 texere
1150 1884 1217 1943 et
1271 1881 1532 1964 singula
1591 1881 1949 1946 accuratius
2013 1880 2385 1943 describere.
2485 1879 2695 1954 Quum
2752 1879 2962 1962 Impe-

647 1982 829 2042 rator
869 1976 1170 2041 Pontifici
1210 1977 1426 2053 missis
1471 1976 1810 2060 praefectis
1851 1978 2132 2041 militum
2176 1976 2620 2052 insidiaretur,
2685 1974 2961 2040 Romani

651 2074 1035 2139 Pontificem
1070 2074 1235 2138 tuiti
1277 2079 1463 2150 sunt,
1520 2074 1995 2139 tumultuantes
2050 2076 2266 2156 plures
2314 2072 2723 2156 Imperatoris
2770 2073 2958 2136 mini·

650 2175 819 2234 stros
885 2169 1279 2246 occiderunt,
1356 2170 1437 2233 ab
1502 2170 1764 2234 exarchi
1826 2171 2136 2253 obsequio
2199 2171 2632 2247 desciverunt,
2702 2174 2796 2247 et,
2866 2170 2962 2233 uti

649 2268 814 2332 aliae
860 2288 1113 2350 quoque
1171 2267 1470 2331 civitates
1518 2266 1770 2332 delectu
1827 2289 1943 2331 suo
1989 2266 2180 2331 duces
2240 2267 2364 2331 sibi
2408 2266 2803 2349 praefecere,
2869 2267 2962 2329 ita

649 2365 816 2449 apud
864 2363 1187 2428 Romanos
1232 2364 1309 2454 de
1363 2364 1536 2429 facto
1577 2386 1865 2428 summus
1915 2363 2223 2427 Pontifex
2267 2385 2627 2446 supremam
2675 2366 2959 2446 potesta·

648 2468 783 2526 tem
845 2461 1098 2526 civilem
1161 2460 1410 2527 habuit.
1516 2460 1934 2546 Longobardi
2000 2465 2219 2525 autem
2285 2481 2359 2524 eo
2421 2464 2709 2543 tempore
2776 2481 2960 2524 suum

648 2559 1003 2624 dominium
1068 2559 1262 2623 latius
1331 2559 1709 2635 extendere,
1787 2565 1855 2622 et
1922 2558 2301 2622 Ravennam
2368 2557 2706 2639 variasque
2775 2558 2963 2621 urbes

650 2677 928 2739 eousque
974 2652 1237 2718 Graecis
1285 2654 1608 2739 subjectas
1668 2676 2039 2739 expugnare
2093 2654 2222 2718 nisi
2276 2660 2447 2718 sunt.
2539 2651 2665 2717 Sed
2713 2652 2960 2737 Grego-

649 2752 779 2816 rius
826 2750 911 2816 ΙΙ.
965 2755 1122 2814 tunc
1176 2752 1408 2815 litteris
1461 2752 1762 2815 hortatus
1822 2757 1921 2815 est
1970 2749 2211 2814 Ursum
2258 2749 2656 2814 Venetorum
2716 2750 2962 2824 ducem,

651 2853 726 2912 ut
780 2847 1018 2912 auxilio
1064 2846 1323 2911 Graecis
1368 2847 1651 2925 veniret,
1717 2849 1985 2932 ejusque
2042 2869 2162 2930 ope
2223 2868 2299 2910 ex
2348 2846 2664 2911 Ravenna
2709 2846 2961 2931 Longo·

649 2945 834 3009 bardi
893 2944 1138 3027 depulsi
1198 2940 1432 3027 sunt.¹)
1538 2943 1907 3008 Voluerunt
1959 2942 2113 3008 Itali
2175 2944 2244 3007 in
2301 2944 2733 3007 omnimodam
2794 2943 2966 3006 defe-

650 3042 929 3105 ctionem
974 3040 1056 3105 ab
1100 3039 1498 3124 Imperatore
1545 3062 1875 3123 erumpere
1923 3050 1989 3104 et
2037 3062 2271 3103 novum
2331 3040 2683 3123 principem
2728 3061 2966 3117 creare,

649 3138 758 3201 sed
804 3137 1111 3202 Pontifex
1158 3134 1419 3220 (saltem
1468 3137 1686 3220 aliquo
1733 3136 2051 3220 tempore)
2100 3136 2339 3214 effecit,
2404 3143 2479 3199 ut
2523 3137 2644 3200 hoc
2689 3137 2766 3200 de
2811 3158 2963 3201 con-

650 3234 793 3298 silio
841 3234 1244 3317 desisterent,
1292 3255 1455 3298 neve
1502 3234 1583 3297 ab
1630 3232 1910 3316 Imperio
1952 3233 2211 3316 penitus
2258 3233 2648 3297 recederent.

828 3374 930 3436 29.
978 3372 1294 3436 Attamen
1343 3374 1632 3456 quamvis
1677 3370 1938 3436 nomine
1995 3376 2184 3436 tenus
2229 3372 2658 3456 dependentia
2703 3373 2785 3435 ab
2830 3371 2963 3436 Im-

651 3469 830 3554 perio
885 3469 1183 3534 orientali
1236 3475 1627 3546 servaretur,
1690 3468 1765 3532 de
1820 3467 1998 3551 facto
2046 3472 2185 3554 jam
2241 3491 2319 3531 ex
2373 3469 2525 3552 ipsis
2582 3491 2800 3533 rerum
2853 3469 2964 3533 ad-

645 3567 892 3651 junctis
964 3564 1216 3629 influxu
1291 3570 1359 3629 et
1416 3566 1800 3629 auctoritate
1869 3566 2196 3629 Pontificis
2267 3587 2369 3629 res
2437 3565 2962 3649 disponebantur.

653 3663 1013 3746 Imperator
1065 3661 1237 3725 enim
1288 3665 1548 3745 ejusque
1605 3661 1864 3725 exarchi
1911 3661 2222 3726 Romanis
2279 3666 2461 3725 erant
2517 3662 2712 3744 plane
2770 3662 2966 3743 exosi,

653 3766 878 3824 contra
923 3758 1384 3843 Longobardos
1432 3780 1539 3822 eos
1596 3756 1943 3822 defendere
2000 3779 2132 3822 non
2176 3757 2514 3834 valebant,
2571 3758 2704 3822 imo
2760 3758 2961 3823 hosti·

654 3858 781 3921 lem
847 3855 1132 3919 animum
1206 3854 1443 3937 passim
1508 3856 1576 3917 in
1646 3855 1816 3937 ipsos
1887 3854 2210 3919 Romanos
2285 3876 2438 3937 prae
2507 3876 2576 3917 se
2644 3855 2961 3919 ferebant.

652 3953 989 4033 Quumque
1059 3974 1115 4016 a.
1183 3951 1309 4015 727
1381 3950 1816 4035 Luitprandus
1882 3949 2163 4016 Sutrium
2235 3952 2303 4014 in
2369 3973 2546 4015 suam
2608 3951 2966 4036 redegisset

835 4178 875 4244 ¹)
912 4179 977 4231 V.
1018 4177 1271 4246 Gregorii
1311 4178 1382 4229 II.
1424 4175 1583 4243 epist.
1621 4176 1687 4228 X.
1727 4176 1925 4241 Labbse,
1965 4177 2057 4231 VI.
2100 4180 2251 4230 1447.
