3270 5028
1109 434 1408 491 Concilium
1445 436 1742 492 Nicaenum
1780 438 1853 491 II.
2570 440 2638 494 59

504 578 607 642 69.
669 577 769 642 Ad
831 600 1098 643 examen
1149 576 1622 661 Scripturarum
1690 583 1755 642 et
1814 579 2207 644 Traditionis
2264 581 2430 664 quod
2495 604 2639 665 spe·

321 679 460 740 ctat
523 674 762 738 sufficit
821 675 1180 756 advertere,
1240 674 1408 739 hanc
1466 697 1714 759 semper
1771 676 1964 740 fuisse
2028 674 2430 760 Synodorum
2493 701 2640 744 con·

322 770 753 849 suetudinem,
799 775 876 835 ut
921 771 1288 850 ostendant,
1336 771 1694 836 doctrinam
1740 773 2114 837 catholicam
2162 774 2242 836 ab
2289 774 2441 857 ipsis
2486 797 2634 857 pro-

322 870 599 951 positam
653 867 799 932 fidei
853 869 1144 933 fontibus
1198 889 1543 933 consonam
1604 891 1760 934 esse.
1829 905 1896 915 —
1962 869 2302 934 Caeterum
2351 871 2430 934 ad
2475 870 2633 936 Bos-

321 967 492 1030 sueti
524 970 976 1048 argumentum
1012 965 1250 1048 optime
1296 964 1643 1047 respondet
1672 965 2067 1030 Muzzarelli:
2122 966 2305 1044 „Hoc
2340 969 2632 1050 equidem

321 1060 644 1146 proprium
713 1065 812 1125 est
879 1064 1166 1127 omnium
1227 1061 1677 1126 definitionum
1740 1061 2170 1127 Conciliorum
2233 1065 2634 1147 generalium

321 1160 422 1240 (ut
498 1158 700 1238 totius
769 1157 1093 1223 Ecclesiae
1170 1180 1483 1222 consensu
1559 1158 1885 1242 edantur);
1963 1159 2152 1222 aliter
2228 1159 2633 1225 definitiones

324 1254 597 1321 Concilii
659 1256 968 1337 appellari
1027 1255 1400 1338 nequirent,
1463 1277 1677 1338 neque
1735 1277 1812 1320 ex
1870 1255 2254 1319 auctoritate
2313 1256 2632 1322 Ecclesiae

320 1351 700 1416 universalis
762 1355 1013 1432 essent,
1074 1371 1283 1435 neque
1346 1352 1626 1434 episcopi
1680 1352 1767 1416 ibi
1826 1373 2011 1414 suum
2066 1351 2344 1415 officium
2398 1353 2634 1436 judicis

322 1452 756 1513 exercerent.“
815 1484 905 1493 —-
961 1447 1047 1512 Et
1089 1448 1294 1511 relata
1348 1448 1759 1512 conclusione
1806 1446 2131 1525 Bossueti,
2194 1471 2320 1531 qua
2367 1447 2632 1513 demon-

317 1550 597 1609 stratum
666 1567 801 1609 esse
869 1543 1203 1609 contendit
1278 1543 1448 1628 quod
1516 1544 1640 1607 sibi
1716 1544 2109 1627 propositum
2180 1550 2345 1608 erat:
2429 1544 2631 1624 „Cum

319 1642 491 1706 bona
545 1642 762 1716 venia,
831 1641 1053 1705 scribit
1114 1644 1364 1715 auctor,
1436 1640 1604 1705 aliud
1668 1641 1925 1724 insuper
1987 1646 2127 1704 erat
2188 1641 2634 1706 demonstran-

318 1738 470 1801 dum
535 1759 650 1820 pro
710 1740 1093 1822 argumento
1164 1738 1521 1820 propositO,
1588 1737 1833 1802 scilicet
1901 1736 2338 1801 definitionem
2402 1737 2632 1802 Ponti·

272 1834 528 1898 ‘ficiam
602 1835 921 1917 prolatam
995 1855 1071 1896 ex
1142 1832 1462 1896 Cathedra
1535 1841 1687 1897 ante
1758 1834 1947 1897 istam
2015 1838 2398 1916 postremam
2468 1856 2634 1897 sum-

320 1952 490 1995 mam
538 1935 603 1994 et
657 1929 1135 1994 ineluctabilem
1192 1929 1633 1993 definitionem
1683 1929 1951 1994 Concilii
2000 1951 2132 1993 non
2180 1920 2375 1994 fuisse
2430 1931 2631 2014 ipsam

315 2049 572 2112 quoque
645 2026 1177 2091 irreformabilem
1253 2033 1449 2109 atque
1525 2026 2026 2091 ineluctabilem.
2151 2025 2411 2091 Etenim
2490 2049 2631 2090 cum

315 2126 429 2189 lux
500 2124 629 2188 luci
695 2123 1100 2206 supervenit,
1167 2145 1300 2187 non
1369 2123 1510 2186 ideo
1581 2144 1749 2206 quae
1822 2123 1995 2205 prius
2064 2126 2204 2186 erat
2271 2124 2383 2186 lux
2454 2129 2632 2188 tene-

288 2220 471 2284 brae
534 2224 710 2284 sunt.
825 2219 925 2283 Ita
991 2241 1185 2303 quum
1257 2217 1592 2283 Pontificio
1658 2219 1912 2283 decreto
1975 2219 2337 2311 conciliaris
2404 2219 2632 2284 defini-

317 2318 411 2381 tio
456 2316 939 2399 superadditur,
999 2315 1144 2379 fidei
1205 2315 1504 2398 splendor
1548 2337 1753 2380 novas
1800 2316 1964 2379 vires
2011 2316 2313 2398 acquirit;
2373 2322 2438 2379 et
2491 2338 2632 2398 pra-

318 2415 478 2479 ctice
539 2413 931 2492 ostenditur,
997 2435 1190 2497 quam
1250 2434 1468 2477 verum
1535 2414 1650 2491 sit,
1726 2411 1896 2496 quod
1954 2411 2298 2476 Pontificio
2359 2413 2630 2476 solemni

317 2509 571 2575 decreto
635 2532 962 2595 nunquam
1030 2508 1235 2573 defuit
1309 2512 1375 2573 et
1442 2532 1777 2593 nunquam
1844 2508 2047 2573 deerit
2115 2508 2448 2573 universae
2512 2509 2629 2573 Ec·

315 2607 554 2672 clesiae
622 2628 1000 2685 consensus3
1074 2605 1343 2690 ideoque
1413 2607 1605 2671 etiam
1680 2611 1830 2670 ante
1903 2607 2388 2671 manifestatam
2466 2609 2633 2671 sole-

315 2706 554 2768 mniter
592 2703 1078 2769 consensionem
1113 2702 1454 2779 Ecclesiae,
1507 2703 1918 2768 Pontificium
1964 2705 2290 2767 decretum
2328 2710 2427 2767 est
2473 2704 2633 2768 irre-

313 2800 718 2865 formabile.“
767 2800 841 2863 L.
888 2822 938 2864 c.

494 2898 596 2961 70.
664 2896 1041 2980 Opportune
1107 2897 1301 2960 etiam
1371 2894 1737 2959 Muzzarelli
1814 2896 2296 2974 animadvertit,
2376 2897 2631 2979 insigne

313 2999 767 3079 argumentum
830 3014 945 3075 pro
1008 2993 1475 3057 infallibilitate
1538 2991 1819 3056 Romani
1865 2991 2232 3074 Pontis-icis,
2295 2990 2442 3055 inde
2504 2993 2631 3056 col-

310 3091 455 3175 ligi,
519 3091 689 3175 quod
744 3088 989 3154 tamdiu
1043 3087 1436 3170 Orientales‚
1498 3093 1563 3152 et
1621 3094 1755 3152 tam
1802 3089 1990 3153 multi
2042 3089 2390 3152 orientales
2438 3088 2631 3152 Prae-

312 3189 514 3270 sules‚
570 3209 850 3252 errorem
897 3185 1172 3268 amplexi
1233 3187 1367 3249 sint
1411 3192 1542 3249 tam
1594 3186 1930 3248 absonum.
2025 3184 2154 3262 „Et
2198 3186 2474 3261 interea,
2536 3188 2630 3250 in-

311 3285 486 3369 quit,
552 3306 770 3347 rursus
835 3282 1279 3366 cognoscitur,
1343 3287 1659 3365 quantum
1721 3283 2081 3345 necessaria
2143 3283 2227 3345 sit
2289 3281 2367 3344 ad
2435 3282 2629 3345 firmi-

311 3384 513 3445 tatem
573 3380 718 3444 fidei
775 3380 841 3442 in
892 3379 1176 3443 Ecclesia
1231 3377 1790 3443 irreformabilitas
1851 3375 2244 3443 definitionis
2297 3378 2629 3443 Romanae

310 3477 672 3542 cathedrae.
785 3476 1046 3540 Etenim
1115 3497 1287 3539 anno
1359 3475 1486 3538 754
1555 3481 2015 3559 congregatum
2083 3475 2298 3540 fuerat
2365 3499 2402 3539 a
2467 3474 2630 3540 Con-

309 3574 600 3638 stantino
649 3571 1053 3656 Copronymo
1102 3571 1438 3636 concilium
1496 3576 1936 3636 trecentorum
1980 3573 2257 3655 triginta
2305 3575 2447 3637 octo
2495 3574 2629 3654 epi-

308 3692 638 3753 scoporum
692 3659 992 3732 adversus
1040 3670 1280 3732 cultum
1335 3689 1660 3732 sacrarum
1714 3670 2104 3753 imaginum;
2163 3674 2230 3733 et
2278 3689 2451 3732 anno
2501 3669 2625 3732 787

307 3767 379 3831 in
438 3765 728 3830 Nicaeno
785 3764 1071 3829 Concilio
1133 3764 1398 3829 definita
1456 3765 1583 3828 fuit
1646 3787 1971 3830 sacrarum
2031 3766 2384 3849 imaginum
2436 3787 2627 3829 vene·

306 3864 494 3927 ratic.
585 3863 889 3928 Jamvero
936 3884 1127 3946 quam
1184 3862 1472 3945 regulam
1523 3862 1668 3927 fidei
1728 3866 1931 3926 tutam
1984 3868 2049 3927 et
2096 3863 2347 3927 firmam
2403 3866 2628 3927 tenere

308 3959 674 4043 potuissent
740 3960 959 4024 fideles
1028 3981 1142 4042 per
1203 3959 1622 4023 intervallum
1697 3960 1969 4044 triginta
2039 3965 2106 4024 et
2167 3959 2364 4023 trium
2433 3981 2626 4023 anno-

308 4078 449 4121 rum
513 4057 814 4121 adversus
877 4055 1188 4136 synodum
1250 4060 1685 4119 trecentorum
1752 4057 2028 4139 triginta
2092 4061 2237 4120 octo
2299 4057 2624 4139 episcopo·

307 4174 482 4233 rum,
547 4159 612 4216 et
677 4157 902 4217 contra
966 4153 1360 4235 imperialem
1422 4155 1911 4235 praepotentem
1970 4153 2124 4230 vim,
2196 4152 2321 4216 nisi
2387 4151 2455 4216 in
2514 4151 2624 4214 de-

2723 997 2777 1025 uo
2808 984 2938 1036 perti·
