3270 5028
320 1196 477 1251 Expen

348 1260 551 1314 epistola.

630 433 732 486 160
1151 433 1300 488 XIV.
1340 432 1422 487 De
1463 432 1612 489 civili
1650 432 1716 486 R.
1755 432 2037 486 Pontificis
2072 431 2403 501 principatu.

626 574 874 657 pollui?
963 572 1189 658 Itaque
1270 575 1520 654 nulluS,
1599 577 1859 637 exterae
1940 575 2154 658 gentis
2242 577 2569 657 assumpta
2638 574 2932 658 conjuge,

628 671 930 735 innoxius
1005 671 1459 754 perseveravit.
1580 669 1949 754 Advortite,
2040 692 2303 754 quaeso:
2389 670 2617 755 quanti
2693 671 2938 754 quales-

628 788 754 850 que
807 771 1137 851 potenteS,
1199 789 1312 850 per
1368 768 1735 851 alienigena
1790 768 2094 851 conjugia·
2144 789 2182 830 a
2238 766 2593 850 praeceptis
2651 766 2772 830 Dei
2830 766 2937 829 de·

629 862 946 927 clinantes
1008 867 1074 926 et
1144 885 1405 927 suarum
1480 867 1825 947 sequentes
1902 886 2175 928 uxorum
2244 864 2645 948 alienigenae
2721 864 2937 948 gentis

631 961 1068 1035 voluntatem,
1143 960 1368 1023 validis
1443 961 1682 1043 inrepti
1758 960 2152 1036 excessibus,
2233 962 2545 1024 immensa
2617 961 2937 1044 pertulere

633 1057 1085 1121 discrimina‘?“

810 1196 910 1260 86.
989 1194 1091 1258 Ad
1166 1197 1333 1259 hanc
1403 1196 1604 1279 igitur
1668 1195 1998 1278 epistolam
2072 1196 2239 1280 quod
2308 1196 2574 1269 attinet,
2649 1195 2938 1278 quamvis

632 1293 700 1355 in
786 1314 861 1355 ea
939 1292 1109 1356 dicta
1192 1293 1503 1376 quaedam
1591 1297 1931 1356 occumant
2013 1314 2177 1376 quae
2253 1293 2466 1356 minus
2547 1291 2939 1355 conveniunt

630 1392 888 1453 nostrae
958 1391 1190 1453 aetatis
1257 1390 1537 1472 politiori
1603 1390 1767 1453 mori
1834 1389 2163 1472 loquendi,
2231 1394 2449 1452 tamen
2514 1388 2590 1451 de
2664 1410 2738 1451 ea
2805 1409 2940 1451 non

630 1487 835 1549 solum
897 1486 1311 1569 indulgenter
1375 1486 1484 1550 sed
1543 1486 1707 1549 bene
1759 1486 2107 1569 judicabit,
2173 1486 2282 1569 qui
2347 1507 2606 1568 scopum
2674 1487 2808 1569 ejus
2874 1488 2940 1548 et

552 1640 557 1647 .
631 1586 1084 1666 argumentum
1152 1605 1355 1666 aequo
1423 1583 1835 1666 perpenderit
1898 1582 2134 1646 animo.
2255 1581 2509 1664 Duplici
2585 1604 2662 1644 ex
2732 1581 2940 1665 eapite

324 4063 598 4115 Argumenta

334 4124 560 4178 Stephani.

630 1679 897 1761 nuptiae
942 1680 1239 1743 intentae
1291 1678 1584 1743 Pontifici
1642 1686 1826 1743 erant
1874 1678 2207 1744 admodum
2264 1679 2573 1743 molestae
2629 1681 2695 1741 et
2749 1679 2939 1761 plane

634 1796 890 1854 exosae,
962 1776 1057 1838 ita
1125 1781 1200 1839 ut
1267 1776 1497 1839 merito
1557 1798 1721 1860 quae
1788 1780 2041 1859 poterat
2109 1775 2353 1839 faceret
2421 1773 2499 1837 ad
2573 1797 2680 1839 eas
2741 1775 2940 1856 impe-

546 1904 551 1911 *
633 1869 914 1934 diendas.
1029 1871 1233 1947 Quum
1305 1871 1569 1937 Carolus
1633 1873 1772 1956 jam
1848 1873 2136 1954 legitimo
2205 1871 2615 1936 matrimonio
2671 1872 2941 1955 junctus

633 1971 826 2043 esset,
889 1968 1208 2050 publicum
1273 1969 1431 2032 illud
1500 1968 1846 2053 dijtium
1912 1973 1977 2031 et
2040 1969 2351 2034 solemnia
2413 1967 2734 2031 connubia
2796 1989 2941 2031 cum

633 2063 1010 2127 Desiderata
1084 2065 1255 2146 regis
1315 2065 1891 2146 Longobardorum
1951 2066 2111 2142 filia,
2190 2064 2562 2128 scandalum
2626 2063 2940 2148 quoddam

631 2160 958 2243 publicum
1026 2162 1543 2240 constituebant,
1619 2166 1813 2245 atque
1881 2162 2235 2226 timendum
2304 2164 2469 2239 erat,
2538 2183 2622 2224 ne
2698 2160 2941 2224 familia

631 2259 759 2320 ista
817 2258 997 2341 regia
1044 2256 1471 2334 Francorum,
1532 2281 1695 2342 quae
1754 2260 1926 2322 inter
1977 2259 2298 2342 principes
2345 2258 2728 2323 christianos
2793 2257 2940 2321 emi-

633 2353 862 2428 nebat,
938 2354 1187 2436 publice
1261 2355 1478 2437 legum
1549 2356 1911 2419 divinarum
1984 2359 2424 2437 contemptum
2501 2355 2938 2438 praeseferret.

632 2449 933 2525 Quamvis
982 2450 1200 2533 igitur,
1253 2453 1347 2514 uti
1391 2450 1545 2517 dicit
1591 2449 1651 2516 S.
1685 2451 2109 2561 AugustinuS,
2160 2448 2461 2519 Ecclesia
2504 2449 2680 2514 inter
2712 2448 2942 2532 paleas

632 2544 1025 2657 constituta·
1056 2545 1265 2611 multa
1338 2546 1588 2626 toleret,
1674 2552 1883 2632 neque
1970 2549 2248 2613 Romani
2325 2549 2702 2626 PontificeS,
2788 2549 2940 2611 dum

631 2741 852 2803 venire
918 2741 1171 2824 possint
1237 2764 1355 2805 nec
1421 2734 1725 2818 debeant,
1785 2747 2025 2806 tamen
2086 2742 2315 2806 merito
2385 2741 2692 2825 ejusmodi
2756 2763 2939 2805 scan-

626 2837 844 2900 dalum
890 2837 1211 2920 publicum
1264 2837 1630 2922 Stephanus
1689 2839 1998 2923 impedire
2046 2838 2415 2903 conabatur.
2466 2872 2549 2881 --
2596 2838 2692 2902 Eo
2738 2838 2939 2921 magis

630 2937 846 2996 autem
895 2933 1199 2998 Pontifex
1256 2935 1320 2998 id
1377 2936 1807 3014 desiderabat,
1864 2936 2033 3019 quod
2094 2957 2316 2999 revera
2369 2936 2498 2999 ista
2555 2957 2699 2998 cum
2765 2934 2941 2997 Lon-

628 3030 928 3114 gobardis
984 3032 1355 3114 conjunctio
1418 3054 1769 3124 permagna
1839 3033 2122 3116 pericula
2169 3030 2317 3095 Sedi
2363 3033 2771 3138 Apostolicae
2826 3052 2938 3113 pa-

631 3149 772 3223 rare
819 3127 1182 3210 videbatur,
1239 3134 1306 3192 et
1353 3152 1518 3194 nova
1560 3125 1700 3193 illa
1707 3130 2051 3212 dispositio
2099 3150 2333 3204 rerum,
2392 3150 2519 3212 qua
2563 3152 2676 3212 per
2715 3123 2937 3238 Pipini

627 3211 888 3306 operam
968 3215 1398 3308 principatum
1473 3228 1891 3309 temporalem
1962 3225 2263 3289 Pontifex
2337 3226 2793 3308 acquisiverat,
2865 3225 2934 3289 in

629 3342 944 3383 summum
987 3320 1326 3386 discrimen
1371 3324 1739 3388 vocabatur.
1832 3322 2049 3386 Etiam
2096 3323 2147 3385 si
2194 3343 2297 3384 res
2340 3322 2631 3403 politicas
2679 3327 2937 3385 tantum

629 3437 703 3479 ac
750 3438 968 3498 pacem
1012 3416 1247 3482 Italiae
1292 3420 1421 3483 ista
1466 3424 1890 3503 spectassent,
1955 3418 2319 3502 Stephanus
2379 3417 2499 3481 ΠΙ.
2543 3419 2771 3482 merito
2816 3418 2934 3482 sol-

630 3512 843 3576 licitus
906 3513 983 3577 de
1043 3513 1163 3578 hac
1224 3517 1600 3599 quaestione
1659 3517 1923 3601 fuisset3
1988 3516 2097 3580 sed
2152 3516 2528 3579 constitutio
2588 3516 2700 3578 illa
2762 3515 2937 3598 prin-

630 3610 872 3692 cipatus
923 3611 1126 3674 civilis
1184 3613 1468 3695 profecto
1514 3613 1747 3677 intime
1794 3635 2085 3677 connexa
2131 3619 2270 3675 erat
2331 3634 2474 3675 cum
2519 3611 2690 3676 bono
2736 3611 2935 3676 totius

631 3705 951 3770 Ecclesiae
1003 3713 1068 3772 et
1127 3731 1269 3772 cum
1322 3709 1824 3792 independentia
1880 3713 1945 3773 et
2001 3710 2345 3774 securitate
2394 3706 2575 3772 Sedis
2621 3707 2939 3791 Apostoli-

630 3824 761 3866 cae.
855 3803 1255 3888 Quapropter
1301 3806 1575 3869 maxime
1625 3806 1985 3869 laudandus
2035 3811 2131 3869 est
2178 3804 2572 3888 Stephanus,
2619 3805 2785 3889 quod
2830 3805 2935 3869 ob-

631 3899 979 3963 testatione
1025 3923 1143 3963 sua
1189 3900 1258 3963 in
1306 3902 1586 3985 negotiis
1634 3891 1763 3964 illis
1811 3901 2257 3966 intervenerit.

810 4045 911 4108 87.
976 4043 1066 4108 Ut
1123 4067 1272 4111 vero
1333 4047 1414 4110 ab
1475 4047 1785 4131 ejusmodi
1844 4048 2255 4113 matrimonio
2314 4017 2613 4112 Carolum
2676 4048 2935 4131 ejusque

629 4142 898 4205 fratrem
958 4142 1334 4219 deterreret,
1404 4145 1716 4227 imprimis
1777 4150 1967 4230 urget
2025 4145 2663 4238 indissolubilitatem
2722 4145 2937 4238 matri·
