3270 5028
870 472 873 475 -
958 435 1169 489 Causae
1204 433 1570 504 principatum
1605 440 2016 504 praeparantes,
2540 440 2638 490 101

329 577 531 660 cepit,
599 581 796 661 atque
859 576 1233 642 Grimonem
1302 575 1630 640 Abbatem
1700 575 2150 641 corbeiensem
2216 586 2282 640 et
2345 576 2641 662 Sigeber-

333 678 471 738 tum
515 674 899 739 monachum
946 672 1012 739 S.
1066 673 1362 756 Dionysii
1417 673 1704 756 aliosque
1765 694 1903 737 cum
1954 673 2314 757 magnificis
2360 676 2642 740 muneri-

336 771 454 834 bus
517 771 748 835 votivis
815 769 1085 835 Romam
1150 769 1345 834 misit.
1467 769 1778 849 A2ttamen
1843 769 2079 833 auxilia
2141 769 2443 835 Pontifici
2505 794 2637 837 non

330 868 672 948 praestitit.
764 868 936 931 Hinc
996 866 1173 931 brevi
1227 868 1404 950 post,
1470 886 1689 929 mense
1736 863 1910 949 Majo
1958 866 2113 930 anni
2162 867 2317 942 739,
2382 867 2485 932 hic
2530 891 2641 933 no·

329 959 472 1026 vani
522 964 858 1047 epistolam
875 960 922 1044 1)
972 962 1228 1046 scripsit
1271 961 1352 1026 ad
1398 961 1726 1040 Carolum,
1785 983 1912 1045 qua
1968 962 2222 1027 enixius
2268 964 2407 1048 ejus
2456 967 2641 1029 auxi·

328 1059 489 1123 lium
555 1065 784 1124 contra
845 1058 1304 1144 Longobardos
1368 1057 1719 1142 efflagitat,
1794 1055 2201 1137 confidentes,
2270 1060 2513 1144 inquit,
2583 1065 2641 1125 te

323 1175 461 1220 esse
520 1159 877 1246 amatorem
931 1153 1144 1235 filium
1209 1153 1378 1218 beati
1427 1153 1612 1218 Petri
1659 1152 1990 1236 principis
2035 1153 2521 1236 Apostolorum,
2581 1162 2641 1221 et

326 1251 500 1333 quod
549 1273 677 1334 pro
732 1245 878 1335 *ejus
940 1250 1306 1316 reverentia
1366 1248 1612 1314 nostris
1676 1248 1932 1314 obedias
1992 1249 2325 1316 mandatis
2382 1252 2469 1316 ad
2533 1253 2640 1318 de-

323 1347 720 1430 fendendam
760 1347 1086 1414 ecclesiam
1133 1345 1266 1411 Dei
1307 1349 1368 1410 et
1410 1345 1811 1428 peculiarem
1855 1346 2190 1428 populum.
2287 1347 2461 1427 Quia
2490 1350 2640 1432 jam

317 1443 829 1526 persecutionem
900 1451 960 1509 et
1023 1443 1496 1527 oppressionem
1562 1442 1780 1525 ,qentis
1851 1443 2435 1525 Lonyobardorum
2501 1447 2638 1529 suf·

320 1541 502 1623 ferre
561 1549 695 1606 non
752 1561 1120 1624 possumus.
1219 1541 1353 1605 Nec
1421 1542 1626 1605 multo
1700 1544 1870 1624 post,
1943 1564 2138 1625 quum
2206 1543 2285 1607 ad
2353 1548 2639 1608 extrema

325 1663 362 1704 a
427 1639 873 1723 Longobardis
936 1639 1201 1703 Romam
1279 1636 1722 1703 obsidentibus
1794 1638 2216 1722 redigeretur,
2293 1638 2639 1724 Gregorius

321 1735 532 1800 denuo
580 1736 878 1800 Carolum
936 1735 1308 1800 Mai-tellum
1370 1735 1522 1798 data
1577 1731 1917 1818 epistola2)
1973 1733 2304 1820 redarguit
2355 1739 2638 1802 monuit-

321 1853 480 1916 que,
542 1854 625 1896 ne
677 1833 965 1897 tardaret
1020 1832 1333 1895 auxilium
1390 1831 1700 1894 Romanis
1761 1835 2103 1914 praestare.
2209 1830 2494 1914 Conjuro
2559 1837 2636 1913 te,

323 1927 580 2010 scribit,
641 1926 716 1993 in
784 1926 1003 1993 Deum
1071 1926 1294 1991 vivum
1360 1930 1422 1991 et
1486 1947 1714 1992 verum
1783 1930 1845 1990 et
1911 1925 2092 2008 ipsas
2159 1928 2640 1995 sacratissimas

320 2022 531 2087 claves
596 2023 1020 2106 confessionis
1082 2022 1251 2088 beati
1315 2023 1501 2088 Petri
1569 2043 1734 2105 quas
1796 2022 1974 2087 vobis
2036 2024 2124 2089 acl
2179 2045 2409 2107 roqum
2468 2026 2635 2091 dire-

319 2119 579 2199 ximus,
645 2124 720 2186 ut
781 2141 911 2186 non
964 2140 1300 2203 proponas
1355 2118 1717 2185 amicitiam
1757 2140 1997 2202 ‚repam
2054 2120 2636 2204 Lonyobardorum

322 2215 536 2280 amori
570 2215 902 2299 principis
936 2216 1413 2300 Apostolorum,
1462 2216 1571 2281 sed
1614 2216 1890 2282 velocius
1937 2221 1998 2281 et
2039 2217 2155 2282 sub
2194 2218 2409 2287 nimia
2452 2219 2633 2301 festi-

322 2312 588 2378 natione
633 2313 994 2380 sentiamus
1029 2318 1181 2396 post
1211 2314 1428 2378 Deum
1476 2317 1660 2378 tuam
1693 2313 2190 2380 consolationem
2236 2320 2298 2379 et
2342 2321 2635 2382 nostram

316 2408 833 2491 defensionem.³)
1202 2432 1205 2434 ·

501 2571 603 2633 24.
665 2569 792 2634 Sed
838 2569 1100 2635 Carolus
1149 2569 1484 2634 Martellus
1546 2592 1620 2633 eo
1685 2573 1971 2652 tempore
2030 2571 2309 2636 amicitia
2364 2574 2633 2656 junctus

318 2671 464 2731 erat
509 2666 932 2751 LuitprandO,
979 2665 1255 2751 indeque
1301 2667 1538 2730 factum
1589 2687 1725 2731 esse
1773 2666 2046 2745 videtur,
2095 2673 2169 2731 ut
2215 2668 2407 2732 armis
2457 2669 2632 2734 Pon-

316 2763 479 2827 tifici
537 2786 666 2827 non
727 2764 1117 2856 subveniret.
1209 2762 1523 2828 Attamen
1570 2763 1833 2840 dixeriS,
1895 2763 2098 2827 amica
2154 2764 2631 2830 interventione
2653 2826 2796 2869 aaron
2836 2830 2965 2871 inter·

318 2882 468 2923 eum
522 2861 910 2939 obtinuisse,
967 2864 1042 2924 ut
1094 2861 1175 2925 ab
1230 2859 1577 2926 obsidenda
1625 2858 1833 2924 Roma
1890 2860 2462 2944 Longobardorum
2520 2884 2630 2926 rex
2721 2891 2885 2933 ventio.

501 3136 540 3204 ¹)
577 3138 729 3192 Haec
764 3137 823 3191 in
860 3138 1056 3193 Codice
1095 3137 1348 3191 Carolino
1385 3137 1560 3204 prima
1597 3142 1699 3190 est.
1763 3137 1869 3191 Sed
1899 3137 2016 3206 jam
2053 3138 2413 3204 praecessisse
2450 3140 2632 3203 aliam,

316 3232 481 3283 quam
519 3232 639 3269 cum
673 3216 880 3286 legatis
918 3217 1140 3270 missam
1178 3216 1556 3284 supponimus,
1609 3215 1893 3283 colligitur
1938 3232 2005 3270 ex
2045 3216 2171 3270 istis
2212 3218 2475 3285 epistolae
2513 3212 2632 3275 ver-

320 3294 432 3348 bis:
485 3294 597 3363 „Ob
637 3295 860 3349 nimium
900 3295 1139 3350 dolorem
1186 3295 1363 3349 cordis
1409 3300 1466 3348 et
1510 3294 1763 3348 lacrimas
1809 3294 2009 3368 iterata
2042 3295 2152 3349 vice
2198 3302 2326 3352 tuae
2365 3299 2632 3355 excellen-

316 3374 430 3428 tiae
467 3364 835 3453 necessarium
873 3375 1123 3429 duximus
1163 3372 1554 3428 scribandumf‘

497 3452 541 3519 ²)
581 3454 708 3507 Cod'.
748 3455 926 3508 Carol.
969 3470 1051 3522 ep.
1089 3458 1138 3507 2.
1179 3455 1262 3508 ed.
1301 3451 1461 3518 Jaffe,
1498 3469 1550 3519 p.
1592 3455 1672 3505 15.

501 3530 543 3598 3)
581 3531 644 3585 L.
685 3549 730 3586 c.
766 3550 816 3600 p.
857 3536 939 3587 17.
991 3564 1057 3572 —
1103 3533 1191 3587 Ad
1237 3548 1452 3602 roqum‚
1499 3532 1535 3585 i.
1578 3548 1620 3586 e.
1672 3534 1741 3586 ad
1783 3532 2108 3599 petitionem
2152 3535 2379 3589 miserat
2429 3537 2633 3608 Grego-

319 3610 433 3663 rius
481 3609 675 3664 Carolo
724 3611 907 3667 claves
952 3619 1072 3667 arte
1116 3612 1295 3666 factas
1343 3613 1410 3666 de
1457 3611 1797 3666 confessione
1835 3612 1899 3666 B.
1937 3612 2115 3680 Petri,
2160 3614 2219 3667 in
2266 3615 2464 3684 pignus
2510 3633 2632 3683 pro-

315 3689 578 3743 tectionis
627 3690 890 3758 principis
936 3692 1340 3759 Apostolorum.
1432 3691 1551 3744 Iste
1586 3705 1719 3744 usus
1761 3691 1878 3757 jam
1928 3692 2184 3759 antiquus
2235 3700 2380 3759 erat,
2434 3696 2518 3748 uti
2565 3712 2632 3750 ex

320 3768 566 3836 epistolis
605 3770 858 3838 Gregorii
895 3771 966 3823 M.
1010 3771 1311 3839 colligitur.
1385 3769 1478 3823 Ita
1516 3784 1561 3823 e.
1601 3785 1657 3837 g.
1696 3768 1754 3822 in
1792 3770 2027 3836 epistola
2073 3772 2143 3824 ad
2176 3772 2511 3827 Recaredum
2549 3791 2631 3829 re-

314 3862 446 3915 gem
481 3846 899 3916 Visigothorum
937 3848 1021 3915 (L.
1047 3850 1172 3903 VII.
1212 3865 1292 3916 ep.
1336 3849 1459 3913 128)
1499 3848 1799 3915 Gregorius
1837 3849 1909 3902 M.
1949 3850 2167 3904 scribit:
2211 3850 2463 3919 „Clavem
2500 3870 2630 3908 vero

319 3926 601 3993 parvulam
642 3942 675 3979 a
711 3927 1084 3982 sacratissimo
1121 3929 1186 3983 B.
1224 3927 1379 3983 Petri
1419 3926 1673 3994 Apostoli
1721 3943 1943 3995 corpore
1980 3930 2135 3983 vobis
2180 3946 2278 3997 pro
2319 3932 2436 4000 ejus
2473 3932 2632 3987 bene·

311 4003 558 4059 dictione
609 4006 1038 4073 transmisimus,
1090 4007 1149 4061 in
1197 4024 1304 4075 qua
1354 4006 1500 4061 inest
1546 4007 1752 4061 ferrum
1800 4008 1866 4060 de
1908 4009 2117 4063 catenis
2168 4010 2286 4077 ejus
2342 4009 2629 4079 inclusum,

316 4089 381 4137 ut
418 4086 560 4151 quod
599 4084 798 4138 collum
837 4086 986 4140 illius
1026 4089 1095 4140 ad
1131 4086 1456 4154 martyrium
1493 4085 1791 4153 ligaverat,
1831 4093 2075 4141 vestrum
2114 4087 2180 4141 ab
2220 4089 2468 4143 omnibus
2495 4106 2632 4157 *pec-

315 4162 464 4216 catis
504 4162 736 4218 solvat.“
