<?xml version="1.0" encoding="UTF-8"?>
<!DOCTYPE html PUBLIC "-//W3C//DTD XHTML 1.0 Transitional//EN"
    "http://www.w3.org/TR/xhtml1/DTD/xhtml1-transitional.dtd">
<html xmlns="http://www.w3.org/1999/xhtml" xml:lang="en" lang="en">
 <head>
  <title>
</title>
<meta http-equiv="Content-Type" content="text/html;charset=utf-8" />
  <meta name='ocr-system' content='tesseract 3.04.00' />
  <meta name='ocr-capabilities' content='ocr_page ocr_carea ocr_par ocr_line ocrx_word'/>
</head>
<body>
  <div class='ocr_page' id='page_1' title='image "./dissertationess04junggoog_0113.png"; bbox 0 0 3270 5028; ppageno 0'>
   <div class='ocr_carea' id='block_1_1' title="bbox 938 391 2638 462">
    <p class='ocr_par' dir='ltr' id='par_1_1' title="bbox 938 391 2638 462">
     <span class='ocr_line' id='line_1_1' title="bbox 938 391 2638 462; baseline 0.003 -17"><span class='ocrx_word' id='word_1_1' title='bbox 938 391 1149 447; x_wconf 82' lang='lat' dir='ltr'>Causae</span> <span class='ocrx_word' id='word_1_2' title='bbox 1184 393 1550 461; x_wconf 84' lang='lat' dir='ltr'><strong>principatum</strong></span> <span class='ocrx_word' id='word_1_3' title='bbox 1590 401 1998 462; x_wconf 89' lang='lat' dir='ltr'><strong>praeparantes.</strong></span> <span class='ocrx_word' id='word_1_4' title='bbox 2538 400 2638 451; x_wconf 90' lang='grc'><strong>107</strong></span> 
     </span>
    </p>
   </div>
   <div class='ocr_carea' id='block_1_2' title="bbox 321 530 2957 3037">
    <p class='ocr_par' dir='ltr' id='par_1_2' title="bbox 321 530 2957 3037">
     <span class='ocr_line' id='line_1_2' title="bbox 333 530 2638 621; baseline 0.003 -26"><span class='ocrx_word' id='word_1_5' title='bbox 333 553 409 596; x_wconf 91' lang='lat' dir='ltr'><strong>eo</strong></span> <span class='ocrx_word' id='word_1_6' title='bbox 471 533 681 615; x_wconf 89' lang='lat' dir='ltr'><strong>petiit.</strong></span> <span class='ocrx_word' id='word_1_7' title='bbox 770 530 896 596; x_wconf 86' lang='lat' dir='ltr'><strong>Sed</strong></span> <span class='ocrx_word' id='word_1_8' title='bbox 957 531 1430 598; x_wconf 71' lang='lat' dir='ltr'><strong>Constantinus</strong></span> <span class='ocrx_word' id='word_1_9' title='bbox 1486 535 1958 621; x_wconf 75' lang='lat' dir='ltr'><strong>copronymus,</strong></span> <span class='ocrx_word' id='word_1_10' title='bbox 2024 537 2194 601; x_wconf 89' lang='lat' dir='ltr'><strong>bello</strong></span> <span class='ocrx_word' id='word_1_11' title='bbox 2256 543 2483 603; x_wconf 84' lang='lat' dir='ltr'><strong>contra</strong></span> <span class='ocrx_word' id='word_1_12' title='bbox 2542 561 2638 603; x_wconf 88' lang='lat' dir='ltr'><strong>sa·</strong></span> 
     </span>
     <span class='ocr_line' id='line_1_3' title="bbox 332 628 2639 716; baseline 0.003 -24"><span class='ocrx_word' id='word_1_13' title='bbox 332 650 471 693; x_wconf 89' lang='lat' dir='ltr'><strong>cras</strong></span> <span class='ocrx_word' id='word_1_14' title='bbox 534 628 852 714; x_wconf 84' lang='lat' dir='ltr'><strong>imagines</strong></span> <span class='ocrx_word' id='word_1_15' title='bbox 915 630 1195 714; x_wconf 86' lang='lat' dir='ltr'><strong>gerendo</strong></span> <span class='ocrx_word' id='word_1_16' title='bbox 1259 653 1333 696; x_wconf 93' lang='lat' dir='ltr'><strong>eo</strong></span> <span class='ocrx_word' id='word_1_17' title='bbox 1395 636 1681 716; x_wconf 91' lang='lat' dir='ltr'><strong>tempore</strong></span> <span class='ocrx_word' id='word_1_18' title='bbox 1745 634 2019 699; x_wconf 84' lang='lat' dir='ltr'><strong>maxime</strong></span> <span class='ocrx_word' id='word_1_19' title='bbox 2083 634 2407 716; x_wconf 83' lang='lat' dir='ltr'><strong>intentus,</strong></span> <span class='ocrx_word' id='word_1_20' title='bbox 2474 635 2639 700; x_wconf 84' lang='lat' dir='ltr'><strong>nihil</strong></span> 
     </span>
     <span class='ocr_line' id='line_1_4' title="bbox 331 724 2640 816; baseline 0.003 -28"><span class='ocrx_word' id='word_1_21' title='bbox 331 725 514 804; x_wconf 88' lang='lat' dir='ltr'><strong>fecit,</strong></span> <span class='ocrx_word' id='word_1_22' title='bbox 577 730 651 790; x_wconf 90' lang='lat' dir='ltr'><strong>ut</strong></span> <span class='ocrx_word' id='word_1_23' title='bbox 707 724 1169 810; x_wconf 86' lang='lat' dir='ltr'><strong>Longobardos</strong></span> <span class='ocrx_word' id='word_1_24' title='bbox 1229 729 1624 811; x_wconf 76' lang='lat' dir='ltr'><strong>reprimeret.</strong></span> <span class='ocrx_word' id='word_1_25' title='bbox 1732 729 1925 795; x_wconf 82' lang='lat' dir='ltr'>Haud</span> <span class='ocrx_word' id='word_1_26' title='bbox 1989 730 2163 795; x_wconf 88' lang='lat' dir='ltr'><strong>aliud</strong></span> <span class='ocrx_word' id='word_1_27' title='bbox 2223 731 2424 816; x_wconf 86' lang='lat' dir='ltr'><strong>igitur</strong></span> <span class='ocrx_word' id='word_1_28' title='bbox 2490 732 2640 796; x_wconf 86' lang='lat' dir='ltr'><strong>reli-</strong></span> 
     </span>
     <span class='ocr_line' id='line_1_5' title="bbox 332 822 2642 909; baseline 0.004 -25"><span class='ocrx_word' id='word_1_29' title='bbox 332 844 530 905; x_wconf 88' lang='lat' dir='ltr'><strong>quum</strong></span> <span class='ocrx_word' id='word_1_30' title='bbox 578 830 717 886; x_wconf 88' lang='lat' dir='ltr'><strong>erat</strong></span> <span class='ocrx_word' id='word_1_31' title='bbox 765 822 1062 888; x_wconf 86' lang='lat' dir='ltr'><strong>Pontifici</strong></span> <span class='ocrx_word' id='word_1_32' title='bbox 1103 828 1298 909; x_wconf 91' lang='lat' dir='ltr'><strong>atque</strong></span> <span class='ocrx_word' id='word_1_33' title='bbox 1341 825 1682 904; x_wconf 89' lang='lat' dir='ltr'><strong>Romanis,</strong></span> <span class='ocrx_word' id='word_1_34' title='bbox 1739 827 1865 891; x_wconf 91' lang='lat' dir='ltr'><strong>nisi</strong></span> <span class='ocrx_word' id='word_1_35' title='bbox 1915 832 1987 891; x_wconf 92' lang='lat' dir='ltr'><strong>ut</strong></span> <span class='ocrx_word' id='word_1_36' title='bbox 2033 828 2134 892; x_wconf 86' lang='lat' dir='ltr'><strong>vel</strong></span> <span class='ocrx_word' id='word_1_37' title='bbox 2180 828 2424 893; x_wconf 85' lang='lat' dir='ltr'><strong>invisae</strong></span> <span class='ocrx_word' id='word_1_38' title='bbox 2470 829 2642 893; x_wconf 89' lang='lat' dir='ltr'><strong>illius</strong></span> 
     </span>
     <span class='ocr_line' id='line_1_6' title="bbox 333 919 2641 1004; baseline 0.003 -22"><span class='ocrx_word' id='word_1_39' title='bbox 333 919 546 1002; x_wconf 85' lang='lat' dir='ltr'><strong>gentis</strong></span> <span class='ocrx_word' id='word_1_40' title='bbox 579 920 814 1004; x_wconf 85' lang='lat' dir='ltr'><strong>jugum</strong></span> <span class='ocrx_word' id='word_1_41' title='bbox 874 919 1101 983; x_wconf 89' lang='lat' dir='ltr'><strong>durum</strong></span> <span class='ocrx_word' id='word_1_42' title='bbox 1152 921 1474 997; x_wconf 87' lang='lat' dir='ltr'><strong>subirent,</strong></span> <span class='ocrx_word' id='word_1_43' title='bbox 1528 924 1629 987; x_wconf 86' lang='lat' dir='ltr'><strong>vel</strong></span> <span class='ocrx_word' id='word_1_44' title='bbox 1676 944 1745 988; x_wconf 91' lang='lat' dir='ltr'><strong>se</strong></span> <span class='ocrx_word' id='word_1_45' title='bbox 1795 927 2122 989; x_wconf 87' lang='lat' dir='ltr'><strong>verterent</strong></span> <span class='ocrx_word' id='word_1_46' title='bbox 2169 924 2297 989; x_wconf 88' lang='lat' dir='ltr'><strong>alio</strong></span> <span class='ocrx_word' id='word_1_47' title='bbox 2343 929 2416 988; x_wconf 91' lang='lat' dir='ltr'><strong>ut</strong></span> <span class='ocrx_word' id='word_1_48' title='bbox 2460 926 2641 989; x_wconf 87' lang='lat' dir='ltr'><strong>auxi-</strong></span> 
     </span>
     <span class='ocr_line' id='line_1_7' title="bbox 333 1015 2640 1099; baseline 0.003 -20"><span class='ocrx_word' id='word_1_49' title='bbox 333 1015 486 1079; x_wconf 90' lang='lat' dir='ltr'><strong>lium</strong></span> <span class='ocrx_word' id='word_1_50' title='bbox 547 1016 937 1081; x_wconf 76' lang='lat' dir='ltr'><strong>invenirent.</strong></span> <span class='ocrx_word' id='word_1_51' title='bbox 1029 1016 1177 1081; x_wconf 87' lang='lat' dir='ltr'><strong>Jam</strong></span> <span class='ocrx_word' id='word_1_52' title='bbox 1221 1039 1372 1082; x_wconf 88' lang='lat' dir='ltr'><strong>vero</strong></span> <span class='ocrx_word' id='word_1_53' title='bbox 1430 1040 1620 1084; x_wconf 91' lang='lat' dir='ltr'><strong>nemo</strong></span> <span class='ocrx_word' id='word_1_54' title='bbox 1677 1042 1874 1084; x_wconf 91' lang='lat' dir='ltr'><strong>sanae</strong></span> <span class='ocrx_word' id='word_1_55' title='bbox 1931 1021 2165 1085; x_wconf 89' lang='lat' dir='ltr'><strong>mentis</strong></span> <span class='ocrx_word' id='word_1_56' title='bbox 2215 1021 2640 1099; x_wconf 89' lang='lat' dir='ltr'><strong>contenderit,</strong></span> 
     </span>
     <span class='ocr_line' id='line_1_8' title="bbox 333 1038 2661 1296; baseline 0.003 -122"><span class='ocrx_word' id='word_1_57' title='bbox 333 1110 502 1174; x_wconf 90' lang='lat' dir='ltr'><strong>haud</strong></span> <span class='ocrx_word' id='word_1_58' title='bbox 549 1113 832 1195; x_wconf 87' lang='lat' dir='ltr'><strong>potuisse</strong></span> <span class='ocrx_word' id='word_1_59' title='bbox 875 1111 1259 1177; x_wconf 88' lang='lat' dir='ltr'><strong>Pontificem</strong></span> <span class='ocrx_word' id='word_1_60' title='bbox 1314 1116 1383 1178; x_wconf 90' lang='lat' dir='ltr'><strong>in</strong></span> <span class='ocrx_word' id='word_1_61' title='bbox 1429 1115 1543 1201; x_wconf 84' lang='lat' dir='ltr'><strong>illa</strong></span> <span class='ocrx_word' id='word_1_62' title='bbox 1595 1117 1984 1182; x_wconf 71' lang='lat' dir='ltr'><strong>necessitate</strong></span> <span class='ocrx_word' id='word_1_63' title='bbox 2029 1117 2109 1181; x_wconf 88' lang='lat' dir='ltr'><strong>ad</strong></span> <span class='ocrx_word' id='word_1_64' title='bbox 2157 1116 2442 1183; x_wconf 83' lang='lat' dir='ltr'><strong>Francos</strong></span> <span class='ocrx_word' id='word_1_65' title='bbox 2489 1038 2661 1296; x_wconf 42' lang='lat' dir='ltr'><strong>conj(</strong></span> 
     </span>
     <span class='ocr_line' id='line_1_9' title="bbox 331 1209 2607 1297; baseline 0.003 -25"><span class='ocrx_word' id='word_1_66' title='bbox 331 1209 582 1292; x_wconf 84' lang='lat' dir='ltr'><strong>fugere,</strong></span> <span class='ocrx_word' id='word_1_67' title='bbox 643 1210 772 1275; x_wconf 89' lang='lat' dir='ltr'><strong>imo</strong></span> <span class='ocrx_word' id='word_1_68' title='bbox 817 1211 1361 1293; x_wconf 88' lang='lat' dir='ltr'><strong>sapientissimum</strong></span> <span class='ocrx_word' id='word_1_69' title='bbox 1414 1212 1614 1277; x_wconf 83' lang='lat' dir='ltr'><strong>fuisse</strong></span> <span class='ocrx_word' id='word_1_70' title='bbox 1660 1213 1995 1277; x_wconf 88' lang='lat' dir='ltr'><strong>consilium</strong></span> <span class='ocrx_word' id='word_1_71' title='bbox 2050 1214 2201 1278; x_wconf 88' lang='lat' dir='ltr'><strong>inde</strong></span> <span class='ocrx_word' id='word_1_72' title='bbox 2258 1237 2439 1297; x_wconf 88' lang='lat' dir='ltr'><strong>opem</strong></span> <span class='ocrx_word' id='word_1_73' title='bbox 2485 1214 2607 1279; x_wconf 89' lang='lat' dir='ltr'><strong>sub</strong></span> 
     </span>
     <span class='ocr_line' id='line_1_10' title="bbox 333 1305 2640 1394; baseline 0.002 -24"><span class='ocrx_word' id='word_1_74' title='bbox 333 1305 696 1390; x_wconf 90' lang='lat' dir='ltr'><strong>sidiumque</strong></span> <span class='ocrx_word' id='word_1_75' title='bbox 755 1307 1046 1389; x_wconf 84' lang='lat' dir='ltr'><strong>petendi,</strong></span> <span class='ocrx_word' id='word_1_76' title='bbox 1108 1308 1298 1373; x_wconf 87' lang='lat' dir='ltr'><strong>facile</strong></span> <span class='ocrx_word' id='word_1_77' title='bbox 1356 1310 1627 1393; x_wconf 89' lang='lat' dir='ltr'><strong>quisque</strong></span> <span class='ocrx_word' id='word_1_78' title='bbox 1690 1310 2008 1375; x_wconf 82' lang='lat' dir='ltr'><strong>admittet.</strong></span> <span class='ocrx_word' id='word_1_79' title='bbox 2028 1308 2080 1394; x_wconf 89' lang='grc'><strong>1)</strong></span> <span class='ocrx_word' id='word_1_80' title='bbox 2188 1309 2423 1392; x_wconf 80' lang='lat' dir='ltr'><strong>Itaque</strong></span> <span class='ocrx_word' id='word_1_81' title='bbox 2485 1309 2640 1375; x_wconf 90' lang='lat' dir='ltr'><strong>dum</strong></span> 
     </span>
     <span class='ocr_line' id='line_1_11' title="bbox 330 1401 2957 1490; baseline 0.003 -24"><span class='ocrx_word' id='word_1_82' title='bbox 330 1401 531 1466; x_wconf 88' lang='lat' dir='ltr'><strong>isdem</strong></span> <span class='ocrx_word' id='word_1_83' title='bbox 575 1401 1026 1467; x_wconf 76' lang='lat' dir='ltr'><strong>sanctissimus</strong></span> <span class='ocrx_word' id='word_1_84' title='bbox 1054 1403 1177 1483; x_wconf 83' lang='lat' dir='ltr'><strong>vir,</strong></span> <span class='ocrx_word' id='word_1_85' title='bbox 1224 1405 1319 1468; x_wconf 85' lang='lat' dir='ltr'><strong>ita</strong></span> <span class='ocrx_word' id='word_1_86' title='bbox 1363 1406 1767 1483; x_wconf 76' lang='lat' dir='ltr'><strong>Anastasius,</strong></span> <span class='ocrx_word' id='word_1_87' title='bbox 1807 1406 1951 1489; x_wconf 80' lang='lat' dir='ltr'><strong>jam</strong></span> <span class='ocrx_word' id='word_1_88' title='bbox 1991 1406 2215 1488; x_wconf 84' lang='lat' dir='ltr'><strong>fatum</strong></span> <span class='ocrx_word' id='word_1_89' title='bbox 2249 1406 2637 1490; x_wconf 85' lang='lat' dir='ltr'><strong>pestiferum</strong></span> <span class='ocrx_word' id='word_1_90' title='bbox 2673 1411 2816 1463; x_wconf 67' lang='lat' dir='ltr'><strong>pipini</strong></span> <span class='ocrx_word' id='word_1_91' title='bbox 2844 1412 2957 1463; x_wconf 65' lang='lat' dir='ltr'><strong>Petit</strong></span> 
     </span>
     <span class='ocr_line' id='line_1_12' title="bbox 333 1473 2921 1583; baseline 0.002 -19"><span class='ocrx_word' id='word_1_92' title='bbox 333 1499 913 1581; x_wconf 71' lang='lat' dir='ltr'><strong>Louyobardorum</strong></span> <span class='ocrx_word' id='word_1_93' title='bbox 979 1519 1191 1583; x_wconf 73' lang='lat' dir='ltr'><strong>reqem</strong></span> <span class='ocrx_word' id='word_1_94' title='bbox 1246 1500 1582 1566; x_wconf 77' lang='lat' dir='ltr'><strong>immensis</strong></span> <span class='ocrx_word' id='word_1_95' title='bbox 1632 1500 1885 1567; x_wconf 84' lang='lat' dir='ltr'><strong>vicibus</strong></span> <span class='ocrx_word' id='word_1_96' title='bbox 1946 1501 2459 1568; x_wconf 75' lang='lat' dir='ltr'><strong>innumerabilia</strong></span> <span class='ocrx_word' id='word_1_97' title='bbox 2520 1504 2638 1568; x_wconf 89' lang='lat' dir='ltr'><strong>tri·</strong></span> <span class='ocrx_word' id='word_1_98' title='bbox 2700 1473 2921 1515; x_wconf 70' lang='lat'>⁸¹²¹¹¹¹⁰¹¹¹</span> 
     </span>
     <span class='ocr_line' id='line_1_13' title="bbox 334 1596 2637 1682; baseline 0.002 -21"><span class='ocrx_word' id='word_1_99' title='bbox 334 1597 532 1662; x_wconf 80' lang='lat' dir='ltr'><strong>bueus</strong></span> <span class='ocrx_word' id='word_1_100' title='bbox 594 1616 871 1661; x_wconf 78' lang='lat' dir='ltr'><strong>munera</strong></span> <span class='ocrx_word' id='word_1_101' title='bbox 933 1596 1388 1679; x_wconf 78' lang='lat' dir='ltr'><strong>deprecaretur</strong></span> <span class='ocrx_word' id='word_1_102' title='bbox 1440 1620 1569 1681; x_wconf 88' lang='lat' dir='ltr'><strong>pro</strong></span> <span class='ocrx_word' id='word_1_103' title='bbox 1624 1599 1934 1682; x_wconf 71' lang='lat' dir='ltr'><strong>yreyibus</strong></span> <span class='ocrx_word' id='word_1_104' title='bbox 1996 1599 2123 1664; x_wconf 84' lang='lat' dir='ltr'><strong>sibi</strong></span> <span class='ocrx_word' id='word_1_105' title='bbox 2178 1620 2220 1664; x_wconf 88' lang='lat' dir='ltr'><strong>a</strong></span> <span class='ocrx_word' id='word_1_106' title='bbox 2266 1600 2406 1665; x_wconf 89' lang='lat' dir='ltr'><strong>Deo</strong></span> <span class='ocrx_word' id='word_1_107' title='bbox 2470 1621 2637 1666; x_wconf 88' lang='lat' dir='ltr'><strong>com-</strong></span> 
     </span>
     <span class='ocr_line' id='line_1_14' title="bbox 333 1691 2637 1778; baseline 0.002 -20"><span class='ocrx_word' id='word_1_108' title='bbox 333 1692 550 1758; x_wconf 79' lang='lat' dir='ltr'><strong>missis</strong></span> <span class='ocrx_word' id='word_1_109' title='bbox 593 1696 654 1756; x_wconf 91' lang='lat' dir='ltr'><strong>et</strong></span> <span class='ocrx_word' id='word_1_110' title='bbox 688 1691 972 1774; x_wconf 86' lang='lat' dir='ltr'><strong>perditis</strong></span> <span class='ocrx_word' id='word_1_111' title='bbox 1030 1692 1280 1775; x_wconf 77' lang='lat' dir='ltr'><strong>ovibus,</strong></span> <span class='ocrx_word' id='word_1_112' title='bbox 1339 1694 1579 1760; x_wconf 90' lang='lat' dir='ltr'><strong>scilicet</strong></span> <span class='ocrx_word' id='word_1_113' title='bbox 1622 1717 1750 1778; x_wconf 88' lang='lat' dir='ltr'><strong>pro</strong></span> <span class='ocrx_word' id='word_1_114' title='bbox 1806 1695 2112 1761; x_wconf 77' lang='lat' dir='ltr'><strong>universo</strong></span> <span class='ocrx_word' id='word_1_115' title='bbox 2168 1696 2457 1762; x_wconf 82' lang='lat' dir='ltr'><strong>exercitu</strong></span> <span class='ocrx_word' id='word_1_116' title='bbox 2501 1697 2637 1762; x_wconf 88' lang='lat' dir='ltr'><strong>Ra-</strong></span> 
     </span>
     <span class='ocr_line' id='line_1_15' title="bbox 330 1789 2640 1877; baseline 0.002 -22"><span class='ocrx_word' id='word_1_117' title='bbox 330 1810 577 1855; x_wconf 75' lang='lat' dir='ltr'><strong>vennae</strong></span> <span class='ocrx_word' id='word_1_118' title='bbox 636 1792 828 1870; x_wconf 80' lang='lat' dir='ltr'><strong>atque</strong></span> <span class='ocrx_word' id='word_1_119' title='bbox 892 1793 1118 1854; x_wconf 77' lang='lat' dir='ltr'><strong>cuncto</strong></span> <span class='ocrx_word' id='word_1_120' title='bbox 1177 1789 1373 1855; x_wconf 89' lang='lat' dir='ltr'><strong>istius</strong></span> <span class='ocrx_word' id='word_1_121' title='bbox 1423 1791 1666 1856; x_wconf 91' lang='lat' dir='ltr'><strong>Italiae</strong></span> <span class='ocrx_word' id='word_1_122' title='bbox 1719 1793 2101 1873; x_wconf 76' lang='lat' dir='ltr'><strong>provinciae</strong></span> <span class='ocrx_word' id='word_1_123' title='bbox 2144 1793 2419 1877; x_wconf 81' lang='lat' dir='ltr'><strong>popule,</strong></span> <span class='ocrx_word' id='word_1_124' title='bbox 2482 1814 2640 1876; x_wconf 82' lang='lat' dir='ltr'><strong>quos</strong></span> 
     </span>
     <span class='ocr_line' id='line_1_16' title="bbox 331 1885 2639 1973; baseline 0.002 -23"><span class='ocrx_word' id='word_1_125' title='bbox 331 1885 649 1952; x_wconf 83' lang='lat' dir='ltr'><strong>diabolica</strong></span> <span class='ocrx_word' id='word_1_126' title='bbox 698 1885 940 1969; x_wconf 83' lang='lat' dir='ltr'><strong>fraude</strong></span> <span class='ocrx_word' id='word_1_127' title='bbox 997 1885 1134 1968; x_wconf 86' lang='lat' dir='ltr'><strong>ipse</strong></span> <span class='ocrx_word' id='word_1_128' title='bbox 1185 1886 1430 1969; x_wconf 90' lang='lat' dir='ltr'><strong>impius</strong></span> <span class='ocrx_word' id='word_1_129' title='bbox 1473 1887 1804 1972; x_wconf 79' lang='lat' dir='ltr'><strong>deceperat</strong></span> <span class='ocrx_word' id='word_1_130' title='bbox 1856 1911 1977 1955; x_wconf 78' lang='lat' dir='ltr'><strong>rex</strong></span> <span class='ocrx_word' id='word_1_131' title='bbox 2021 1894 2082 1954; x_wconf 93' lang='lat' dir='ltr'><strong>et</strong></span> <span class='ocrx_word' id='word_1_132' title='bbox 2128 1890 2526 1973; x_wconf 82' lang='lat' dir='ltr'><strong>possidebat,·</strong></span> <span class='ocrx_word' id='word_1_133' title='bbox 2580 1895 2639 1955; x_wconf 88' lang='lat' dir='ltr'><strong>et</strong></span> 
     </span>
     <span class='ocr_line' id='line_1_17' title="bbox 331 1982 2641 2070; baseline 0.002 -23"><span class='ocrx_word' id='word_1_134' title='bbox 331 1983 487 2048; x_wconf 85' lang='lat' dir='ltr'><strong>dum</strong></span> <span class='ocrx_word' id='word_1_135' title='bbox 533 1984 612 2049; x_wconf 83' lang='lat' dir='ltr'><strong>ab</strong></span> <span class='ocrx_word' id='word_1_136' title='bbox 659 2003 730 2047; x_wconf 89' lang='lat' dir='ltr'><strong>eo</strong></span> <span class='ocrx_word' id='word_1_137' title='bbox 785 1982 906 2047; x_wconf 86' lang='lat' dir='ltr'><strong>hac</strong></span> <span class='ocrx_word' id='word_1_138' title='bbox 953 1982 1028 2046; x_wconf 89' lang='lat' dir='ltr'><strong>de</strong></span> <span class='ocrx_word' id='word_1_139' title='bbox 1087 2004 1160 2047; x_wconf 91' lang='lat' dir='ltr'><strong>re</strong></span> <span class='ocrx_word' id='word_1_140' title='bbox 1215 1983 1388 2049; x_wconf 77' lang='lat' dir='ltr'><strong>nihil</strong></span> <span class='ocrx_word' id='word_1_141' title='bbox 1437 1984 1777 2064; x_wconf 77' lang='lat' dir='ltr'><strong>obtineret,</strong></span> <span class='ocrx_word' id='word_1_142' title='bbox 1840 2007 2106 2053; x_wconf 78' lang='lat' dir='ltr'><strong>cerneus</strong></span> <span class='ocrx_word' id='word_1_143' title='bbox 2141 1986 2535 2070; x_wconf 87' lang='lat' dir='ltr'><strong>praesertim</strong></span> <span class='ocrx_word' id='word_1_144' title='bbox 2579 1990 2641 2052; x_wconf 89' lang='lat' dir='ltr'><strong>et</strong></span> 
     </span>
     <span class='ocr_line' id='line_1_18' title="bbox 331 2079 2640 2192; baseline 0.001 -47"><span class='ocrx_word' id='word_1_145' title='bbox 331 2081 410 2146; x_wconf 87' lang='lat' dir='ltr'><strong>ab</strong></span> <span class='ocrx_word' id='word_1_146' title='bbox 443 2079 786 2163; x_wconf 87' lang='lat' dir='ltr'><strong>Imperiali</strong></span> <span class='ocrx_word' id='word_1_147' title='bbox 825 2079 1119 2165; x_wconf 76' lang='lat' dir='ltr'><strong>potentia</strong></span> <span class='ocrx_word' id='word_1_148' title='bbox 1162 2081 1421 2147; x_wconf 78' lang='lat' dir='ltr'><strong>nullum</strong></span> <span class='ocrx_word' id='word_1_149' title='bbox 1451 2102 1582 2146; x_wconf 86' lang='lat' dir='ltr'><strong>esse</strong></span> <span class='ocrx_word' id='word_1_150' title='bbox 1623 2083 2044 2149; x_wconf 76' lang='lat' dir='ltr'><strong>subveniendi</strong></span> <span class='ocrx_word' id='word_1_151' title='bbox 2087 2083 2436 2192; x_wconf 77' lang='lat' dir='ltr'><strong>auxilium,</strong></span> <span class='ocrx_word' id='word_1_152' title='bbox 2486 2088 2640 2150; x_wconf 79' lang='lat' dir='ltr'><strong>tuuc</strong></span> 
     </span>
     <span class='ocr_line' id='line_1_19' title="bbox 331 2176 2636 2261; baseline 0.001 -17"><span class='ocrx_word' id='word_1_153' title='bbox 331 2176 865 2259; x_wconf 78' lang='lat' dir='ltr'><strong>quemadmodum</strong></span> <span class='ocrx_word' id='word_1_154' title='bbox 895 2176 1414 2258; x_wconf 78' lang='lat' dir='ltr'><strong>praedecessores</strong></span> <span class='ocrx_word' id='word_1_155' title='bbox 1458 2179 1600 2261; x_wconf 82' lang='lat' dir='ltr'><strong>ejus</strong></span> <span class='ocrx_word' id='word_1_156' title='bbox 1648 2179 1866 2246; x_wconf 84' lang='lat' dir='ltr'><strong>beatae</strong></span> <span class='ocrx_word' id='word_1_157' title='bbox 1909 2179 2282 2261; x_wconf 83' lang='lat' dir='ltr'><strong>memoriae,</strong></span> <span class='ocrx_word' id='word_1_158' title='bbox 2331 2180 2636 2246; x_wconf 82' lang='lat' dir='ltr'><strong>Domnus</strong></span> 
     </span>
     <span class='ocr_line' id='line_1_20' title="bbox 338 2272 2637 2357; baseline 0.001 -18"><span class='ocrx_word' id='word_1_159' title='bbox 338 2274 697 2357; x_wconf 71' lang='lat' dir='ltr'><strong>Greyorius</strong></span> <span class='ocrx_word' id='word_1_160' title='bbox 743 2278 802 2337; x_wconf 88' lang='lat' dir='ltr'><strong>et</strong></span> <span class='ocrx_word' id='word_1_161' title='bbox 855 2272 1214 2354; x_wconf 75' lang='lat' dir='ltr'><strong>Greqorius</strong></span> <span class='ocrx_word' id='word_1_162' title='bbox 1258 2275 1457 2356; x_wconf 89' lang='lat' dir='ltr'><strong>alius,</strong></span> <span class='ocrx_word' id='word_1_163' title='bbox 1503 2282 1564 2340; x_wconf 83' lang='lat' dir='ltr'><strong>et</strong></span> <span class='ocrx_word' id='word_1_164' title='bbox 1608 2276 1913 2342; x_wconf 76' lang='lat' dir='ltr'><strong>Domnus</strong></span> <span class='ocrx_word' id='word_1_165' title='bbox 1957 2277 2350 2356; x_wconf 80' lang='lat' dir='ltr'><strong>Zacharias,</strong></span> <span class='ocrx_word' id='word_1_166' title='bbox 2410 2276 2637 2341; x_wconf 84' lang='lat' dir='ltr'><strong>beatis-</strong></span> 
     </span>
     <span class='ocr_line' id='line_1_21' title="bbox 331 2367 2636 2456; baseline 0 -19"><span class='ocrx_word' id='word_1_167' title='bbox 331 2371 483 2437; x_wconf 89' lang='lat' dir='ltr'><strong>simi</strong></span> <span class='ocrx_word' id='word_1_168' title='bbox 528 2369 901 2451; x_wconf 76' lang='lat' dir='ltr'><strong>Pontifices,</strong></span> <span class='ocrx_word' id='word_1_169' title='bbox 960 2367 1090 2435; x_wconf 84' lang='lat' dir='ltr'><strong>Car</strong></span> <span class='ocrx_word' id='word_1_170' title='bbox 1092 2371 1189 2436; x_wconf 87' lang='lat' dir='ltr'><strong>olo</strong></span> <span class='ocrx_word' id='word_1_171' title='bbox 1231 2372 1801 2438; x_wconf 80' lang='lat' dir='ltr'><strong>excellentissimae</strong></span> <span class='ocrx_word' id='word_1_172' title='bbox 1844 2373 2190 2439; x_wconf 88' lang='lat' dir='ltr'><strong>memoriae</strong></span> <span class='ocrx_word' id='word_1_173' title='bbox 2233 2372 2374 2456; x_wconf 74' lang='lat' dir='ltr'><strong>reqi</strong></span> <span class='ocrx_word' id='word_1_174' title='bbox 2420 2372 2491 2439; x_wconf 87' lang='lat' dir='ltr'><em>F</em></span> <span class='ocrx_word' id='word_1_175' title='bbox 2483 2393 2636 2438; x_wconf 80' lang='lat' dir='ltr'><strong>rau</strong></span> 
     </span>
     <span class='ocr_line' id='line_1_22' title="bbox 332 2446 2637 2580; baseline 0 -45"><span class='ocrx_word' id='word_1_176' title='bbox 332 2488 553 2535; x_wconf 87' lang='lat' dir='ltr'><strong>corum</strong></span> <span class='ocrx_word' id='word_1_177' title='bbox 619 2455 1047 2580; x_wconf 73' lang='lat' dir='ltr'><strong>direxerunt,</strong></span> <span class='ocrx_word' id='word_1_178' title='bbox 1090 2446 1380 2551; x_wconf 79' lang='lat' dir='ltr'><strong>petentes</strong></span> <span class='ocrx_word' id='word_1_179' title='bbox 1454 2468 1580 2534; x_wconf 84' lang='lat' dir='ltr'><strong>sibi</strong></span> <span class='ocrx_word' id='word_1_180' title='bbox 1647 2469 1981 2535; x_wconf 76' lang='lat' dir='ltr'><strong>subveniri</strong></span> <span class='ocrx_word' id='word_1_181' title='bbox 2049 2474 2315 2554; x_wconf 88' lang='lat' dir='ltr'><strong>propter</strong></span> <span class='ocrx_word' id='word_1_182' title='bbox 2381 2490 2637 2557; x_wconf 83' lang='lat' dir='ltr'><strong>oppres-</strong></span> 
     </span>
     <span class='ocr_line' id='line_1_23' title="bbox 330 2566 2637 2651; baseline 0.001 -21"><span class='ocrx_word' id='word_1_183' title='bbox 330 2566 540 2631; x_wconf 78' lang='lat' dir='ltr'><strong>siones</strong></span> <span class='ocrx_word' id='word_1_184' title='bbox 597 2587 673 2632; x_wconf 90' lang='lat' dir='ltr'><strong>ac</strong></span> <span class='ocrx_word' id='word_1_185' title='bbox 716 2567 1112 2646; x_wconf 78' lang='lat' dir='ltr'><strong>invasiones,</strong></span> <span class='ocrx_word' id='word_1_186' title='bbox 1171 2587 1333 2649; x_wconf 80' lang='lat' dir='ltr'><strong>quas</strong></span> <span class='ocrx_word' id='word_1_187' title='bbox 1389 2571 1449 2631; x_wconf 90' lang='lat' dir='ltr'><strong>et</strong></span> <span class='ocrx_word' id='word_1_188' title='bbox 1504 2566 1635 2649; x_wconf 90' lang='lat' dir='ltr'><strong>ipsi</strong></span> <span class='ocrx_word' id='word_1_189' title='bbox 1688 2567 1764 2632; x_wconf 80' lang='lat' dir='ltr'><strong>iu</strong></span> <span class='ocrx_word' id='word_1_190' title='bbox 1818 2566 1938 2631; x_wconf 86' lang='lat' dir='ltr'><strong>hac</strong></span> <span class='ocrx_word' id='word_1_191' title='bbox 1989 2566 2436 2633; x_wconf 77' lang='lat' dir='ltr'><strong>Romanorum</strong></span> <span class='ocrx_word' id='word_1_192' title='bbox 2483 2588 2637 2651; x_wconf 88' lang='lat' dir='ltr'><strong>pro·</strong></span> 
     </span>
     <span class='ocr_line' id='line_1_24' title="bbox 331 2661 2639 2748; baseline 0.001 -22"><span class='ocrx_word' id='word_1_193' title='bbox 331 2661 548 2729; x_wconf 82' lang='lat' dir='ltr'><strong>vincia</strong></span> <span class='ocrx_word' id='word_1_194' title='bbox 610 2684 652 2729; x_wconf 87' lang='lat' dir='ltr'><strong>a</strong></span> <span class='ocrx_word' id='word_1_195' title='bbox 713 2665 1004 2748; x_wconf 78' lang='lat' dir='ltr'><strong>nefanda</strong></span> <span class='ocrx_word' id='word_1_196' title='bbox 1066 2663 1649 2747; x_wconf 70' lang='lat' dir='ltr'><strong>Louyobardorum</strong></span> <span class='ocrx_word' id='word_1_197' title='bbox 1703 2668 1893 2745; x_wconf 71' lang='lat' dir='ltr'><strong>yeute</strong></span> <span class='ocrx_word' id='word_1_198' title='bbox 1947 2663 2236 2746; x_wconf 88' lang='lat' dir='ltr'><strong>perpessi</strong></span> <span class='ocrx_word' id='word_1_199' title='bbox 2293 2669 2483 2729; x_wconf 80' lang='lat' dir='ltr'><strong>suut:</strong></span> <span class='ocrx_word' id='word_1_200' title='bbox 2540 2663 2639 2729; x_wconf 86' lang='lat' dir='ltr'><strong>ita</strong></span> 
     </span>
     <span class='ocr_line' id='line_1_25' title="bbox 331 2759 2636 2844; baseline 0.001 -21"><span class='ocrx_word' id='word_1_201' title='bbox 331 2759 513 2824; x_wconf 90' lang='lat' dir='ltr'><strong>modo</strong></span> <span class='ocrx_word' id='word_1_202' title='bbox 558 2760 785 2844; x_wconf 85' lang='lat' dir='ltr'><strong>etipse</strong></span> <span class='ocrx_word' id='word_1_203' title='bbox 814 2762 1201 2829; x_wconf 77' lang='lat' dir='ltr'><strong>venerabilis</strong></span> <span class='ocrx_word' id='word_1_204' title='bbox 1231 2761 1451 2840; x_wconf 88' lang='lat' dir='ltr'><strong>Pater,</strong></span> <span class='ocrx_word' id='word_1_205' title='bbox 1499 2759 1728 2825; x_wconf 78' lang='lat' dir='ltr'><strong>divina</strong></span> <span class='ocrx_word' id='word_1_206' title='bbox 1766 2760 1994 2842; x_wconf 71' lang='lat' dir='ltr'><strong>qratia</strong></span> <span class='ocrx_word' id='word_1_207' title='bbox 2037 2760 2426 2843; x_wconf 73' lang='lat' dir='ltr'><strong>inspirante,</strong></span> <span class='ocrx_word' id='word_1_208' title='bbox 2474 2761 2636 2826; x_wconf 81' lang='lat' dir='ltr'><strong>clam</strong></span> 
     </span>
     <span class='ocr_line' id='line_1_26' title="bbox 321 2856 2638 2967; baseline 0.001 -47"><span class='ocrx_word' id='word_1_209' title='bbox 321 2877 446 2939; x_wconf 91' lang='lat' dir='ltr'><strong>per</strong></span> <span class='ocrx_word' id='word_1_210' title='bbox 476 2858 814 2967; x_wconf 78' lang='lat' dir='ltr'><strong>quemdam</strong></span> <span class='ocrx_word' id='word_1_211' title='bbox 837 2859 1263 2942; x_wconf 71' lang='lat' dir='ltr'><strong>pereyriuum</strong></span> <span class='ocrx_word' id='word_1_212' title='bbox 1294 2877 1451 2922; x_wconf 86' lang='lat' dir='ltr'><strong>suas</strong></span> <span class='ocrx_word' id='word_1_213' title='bbox 1479 2856 1662 2921; x_wconf 86' lang='lat' dir='ltr'><strong>misit</strong></span> <span class='ocrx_word' id='word_1_214' title='bbox 1694 2856 1948 2922; x_wconf 81' lang='lat' dir='ltr'><strong>litteras</strong></span> <span class='ocrx_word' id='word_1_215' title='bbox 1977 2856 2226 2950; x_wconf 81' lang='lat' dir='ltr'><strong>Pipino</strong></span> <span class='ocrx_word' id='word_1_216' title='bbox 2246 2858 2386 2948; x_wconf 71' lang='lat' dir='ltr'><strong>reqi</strong></span> <span class='ocrx_word' id='word_1_217' title='bbox 2415 2856 2638 2922; x_wconf 81' lang='lat' dir='ltr'><strong>Fran·-</strong></span> 
     </span>
     <span class='ocr_line' id='line_1_27' title="bbox 332 2941 2637 3037; baseline 0 -20"><span class='ocrx_word' id='word_1_218' title='bbox 332 2974 578 3034; x_wconf 87' lang='lat' dir='ltr'><strong>corum,</strong></span> <span class='ocrx_word' id='word_1_219' title='bbox 635 2954 840 3020; x_wconf 75' lang='lat' dir='ltr'><strong>nimio</strong></span> <span class='ocrx_word' id='word_1_220' title='bbox 886 2955 1099 3022; x_wconf 89' lang='lat' dir='ltr'><strong>dolore</strong></span> <span class='ocrx_word' id='word_1_221' title='bbox 1154 2954 1306 3020; x_wconf 81' lang='lat' dir='ltr'><strong>huic</strong></span> <span class='ocrx_word' id='word_1_222' title='bbox 1352 2952 1730 3037; x_wconf 77' lang='lat' dir='ltr'><strong>provinciae</strong></span> <span class='ocrx_word' id='word_1_223' title='bbox 1784 2941 2163 3019; x_wconf 59' lang='lat' dir='ltr'><strong>inhaerente</strong></span> <span class='ocrx_word' id='word_1_224' title='bbox 2217 2945 2637 3036; x_wconf 75' lang='lat' dir='ltr'><strong>conscriptas.</strong></span> 
     </span>
    </p>
   </div>
   <div class='ocr_carea' id='block_1_3' title="bbox 333 3103 2638 3284">
    <p class='ocr_par' dir='ltr' id='par_1_3' title="bbox 333 3103 2638 3284">
     <span class='ocr_line' id='line_1_28' title="bbox 505 3103 2635 3189; baseline -0 -20"><span class='ocrx_word' id='word_1_225' title='bbox 505 3107 609 3171; x_wconf 87' lang='lat'><strong>31.</strong></span> <span class='ocrx_word' id='word_1_226' title='bbox 671 3106 938 3189; x_wconf 86' lang='lat' dir='ltr'><strong>Pipinus</strong></span> <span class='ocrx_word' id='word_1_227' title='bbox 998 3105 1300 3170; x_wconf 88' lang='lat' dir='ltr'><strong>Pontifici</strong></span> <span class='ocrx_word' id='word_1_228' title='bbox 1360 3104 1674 3168; x_wconf 85' lang='lat' dir='ltr'><strong>auxilium</strong></span> <span class='ocrx_word' id='word_1_229' title='bbox 1737 3103 2029 3187; x_wconf 84' lang='lat' dir='ltr'><strong>promisit</strong></span> <span class='ocrx_word' id='word_1_230' title='bbox 2090 3124 2359 3186; x_wconf 89' lang='lat' dir='ltr'><strong>eumque</strong></span> <span class='ocrx_word' id='word_1_231' title='bbox 2428 3106 2504 3166; x_wconf 90' lang='lat' dir='ltr'><strong>ut</strong></span> <span class='ocrx_word' id='word_1_232' title='bbox 2566 3103 2635 3168; x_wconf 92' lang='lat' dir='ltr'><strong>in</strong></span> 
     </span>
     <span class='ocr_line' id='line_1_29' title="bbox 333 3198 2638 3284; baseline -0 -19"><span class='ocrx_word' id='word_1_233' title='bbox 333 3200 608 3266; x_wconf 86' lang='lat' dir='ltr'><strong>Galliam</strong></span> <span class='ocrx_word' id='word_1_234' title='bbox 670 3204 921 3268; x_wconf 87' lang='lat' dir='ltr'><strong>veniret</strong></span> <span class='ocrx_word' id='word_1_235' title='bbox 989 3201 1309 3267; x_wconf 87' lang='lat' dir='ltr'><strong>invitavit.</strong></span> <span class='ocrx_word' id='word_1_236' title='bbox 1435 3198 1804 3283; x_wconf 83' lang='lat' dir='ltr'><strong>Stephanus</strong></span> <span class='ocrx_word' id='word_1_237' title='bbox 1873 3200 2101 3284; x_wconf 87' lang='lat' dir='ltr'><strong>igitur,</strong></span> <span class='ocrx_word' id='word_1_238' title='bbox 2181 3200 2475 3283; x_wconf 88' lang='lat' dir='ltr'><strong>quamvis</strong></span> <span class='ocrx_word' id='word_1_239' title='bbox 2541 3200 2638 3264; x_wconf 89' lang='lat' dir='ltr'><strong>in-</strong></span> 
     </span>
    </p>
   </div>
   <div class='ocr_carea' id='block_1_4' title="bbox 332 3344 751 3351">
    <p class='ocr_par' dir='ltr' id='par_1_4' title="bbox 332 3344 751 3351">
     <span class='ocr_line' id='line_1_30' title="bbox 332 3344 751 3351; baseline 0 0"><span class='ocrx_word' id='word_1_240' title='bbox 332 3344 751 3351; x_wconf 95' lang='lat' dir='ltr'><strong> </strong></span> 
     </span>
    </p>
   </div>
   <div class='ocr_carea' id='block_1_5' title="bbox 329 3406 2639 4196">
    <p class='ocr_par' dir='ltr' id='par_1_5' title="bbox 329 3406 2639 4196">
     <span class='ocr_line' id='line_1_31' title="bbox 511 3406 2639 3478; baseline 0 -15"><span class='ocrx_word' id='word_1_241' title='bbox 511 3408 550 3478; x_wconf 79' lang='lat'><strong>¹)</strong></span> <span class='ocrx_word' id='word_1_242' title='bbox 588 3410 625 3463; x_wconf 85' lang='lat' dir='ltr'><strong>J</strong></span> <span class='ocrx_word' id='word_1_243' title='bbox 627 3425 713 3462; x_wconf 90' lang='lat' dir='ltr'><strong>am</strong></span> <span class='ocrx_word' id='word_1_244' title='bbox 750 3415 996 3477; x_wconf 88' lang='lat' dir='ltr'><strong>tempore</strong></span> <span class='ocrx_word' id='word_1_245' title='bbox 1032 3407 1322 3463; x_wconf 85' lang='lat' dir='ltr'><strong>Benedicti</strong></span> <span class='ocrx_word' id='word_1_246' title='bbox 1345 3408 1389 3462; x_wconf 88' lang='grc' dir='ltr'><strong>Ι.</strong></span> <span class='ocrx_word' id='word_1_247' title='bbox 1425 3406 1709 3462; x_wconf 89' lang='lat' dir='ltr'><strong>Pontificis</strong></span> <span class='ocrx_word' id='word_1_248' title='bbox 1747 3407 1897 3476; x_wconf 89' lang='lat'>(568)</span> <span class='ocrx_word' id='word_1_249' title='bbox 1934 3407 1972 3461; x_wconf 89' lang='lat' dir='ltr'><strong>J</strong></span> <span class='ocrx_word' id='word_1_250' title='bbox 1974 3407 2190 3463; x_wconf 89' lang='lat' dir='ltr'><strong>ustinus</strong></span> <span class='ocrx_word' id='word_1_251' title='bbox 2217 3409 2292 3463; x_wconf 92' lang='lat' dir='ltr'><strong>II.</strong></span> <span class='ocrx_word' id='word_1_252' title='bbox 2331 3409 2639 3478; x_wconf 83' lang='lat' dir='ltr'><strong>Imperator</strong></span> 
     </span>
     <span class='ocr_line' id='line_1_32' title="bbox 329 3486 2638 3556; baseline -0 -13"><span class='ocrx_word' id='word_1_253' title='bbox 329 3489 605 3543; x_wconf 88' lang='lat' dir='ltr'><strong>Romanos</strong></span> <span class='ocrx_word' id='word_1_254' title='bbox 642 3488 880 3555; x_wconf 90' lang='lat' dir='ltr'><strong>monuit,</strong></span> <span class='ocrx_word' id='word_1_255' title='bbox 915 3494 975 3541; x_wconf 91' lang='lat' dir='ltr'><strong>ut</strong></span> <span class='ocrx_word' id='word_1_256' title='bbox 1012 3488 1248 3556; x_wconf 87' lang='lat' dir='ltr'><strong>propriis</strong></span> <span class='ocrx_word' id='word_1_257' title='bbox 1287 3503 1346 3542; x_wconf 93' lang='lat' dir='ltr'><strong>se</strong></span> <span class='ocrx_word' id='word_1_258' title='bbox 1384 3487 1740 3542; x_wconf 85' lang='lat' dir='ltr'><strong>defenderent</strong></span> <span class='ocrx_word' id='word_1_259' title='bbox 1773 3486 2010 3553; x_wconf 84' lang='lat' dir='ltr'><strong>viribus,</strong></span> <span class='ocrx_word' id='word_1_260' title='bbox 2048 3487 2257 3555; x_wconf 86' lang='lat' dir='ltr'><strong>aliquos</strong></span> <span class='ocrx_word' id='word_1_261' title='bbox 2296 3491 2460 3543; x_wconf 92' lang='lat' dir='ltr'><strong>duces</strong></span> <span class='ocrx_word' id='word_1_262' title='bbox 2498 3489 2638 3543; x_wconf 91' lang='lat' dir='ltr'><strong>Lon-</strong></span> 
     </span>
     <span class='ocr_line' id='line_1_33' title="bbox 331 3566 2638 3638; baseline -0 -16"><span class='ocrx_word' id='word_1_263' title='bbox 331 3570 689 3638; x_wconf 86' lang='lat' dir='ltr'><strong>gobardorum</strong></span> <span class='ocrx_word' id='word_1_264' title='bbox 743 3569 848 3622; x_wconf 87' lang='lat' dir='ltr'><strong>sibi</strong></span> <span class='ocrx_word' id='word_1_265' title='bbox 904 3567 1285 3629; x_wconf 85' lang='lat' dir='ltr'><strong>conciliarent,</strong></span> <span class='ocrx_word' id='word_1_266' title='bbox 1337 3566 1427 3621; x_wconf 85' lang='lat' dir='ltr'><strong>vel</strong></span> <span class='ocrx_word' id='word_1_267' title='bbox 1487 3566 1726 3638; x_wconf 71' lang='lat' dir='ltr'><strong>Francos</strong></span> <span class='ocrx_word' id='word_1_268' title='bbox 1777 3582 1841 3620; x_wconf 95' lang='lat' dir='ltr'><strong>eo</strong></span> <span class='ocrx_word' id='word_1_269' title='bbox 1898 3567 2256 3634; x_wconf 80' lang='lat' dir='ltr'><strong>adducerent,</strong></span> <span class='ocrx_word' id='word_1_270' title='bbox 2310 3572 2370 3621; x_wconf 91' lang='lat' dir='ltr'><strong>ut</strong></span> <span class='ocrx_word' id='word_1_271' title='bbox 2417 3568 2638 3621; x_wconf 86' lang='lat' dir='ltr'><strong>Italiam</strong></span> 
     </span>
     <span class='ocr_line' id='line_1_34' title="bbox 331 3644 2636 3717; baseline -0.001 -16"><span class='ocrx_word' id='word_1_272' title='bbox 331 3647 722 3717; x_wconf 85' lang='lat' dir='ltr'><strong>aggredientes</strong></span> <span class='ocrx_word' id='word_1_273' title='bbox 767 3647 898 3714; x_wconf 92' lang='lat' dir='ltr'><strong>ipsis</strong></span> <span class='ocrx_word' id='word_1_274' title='bbox 944 3646 1204 3701; x_wconf 86' lang='lat' dir='ltr'><strong>auxilium</strong></span> <span class='ocrx_word' id='word_1_275' title='bbox 1248 3649 1611 3714; x_wconf 89' lang='lat' dir='ltr'><strong>praestarent.</strong></span> <span class='ocrx_word' id='word_1_276' title='bbox 1698 3646 1764 3699; x_wconf 91' lang='lat' dir='ltr'><strong>V.</strong></span> <span class='ocrx_word' id='word_1_277' title='bbox 1802 3644 2089 3700; x_wconf 84' lang='lat' dir='ltr'><strong>Menandri</strong></span> <span class='ocrx_word' id='word_1_278' title='bbox 2134 3653 2394 3715; x_wconf 87' lang='lat' dir='ltr'><strong>excerpta</strong></span> <span class='ocrx_word' id='word_1_279' title='bbox 2435 3663 2486 3713; x_wconf 90' lang='lat' dir='ltr'><strong>p.</strong></span> <span class='ocrx_word' id='word_1_280' title='bbox 2534 3649 2636 3700; x_wconf 79' lang='lat'><strong>327</strong></span> 
     </span>
     <span class='ocr_line' id='line_1_35' title="bbox 330 3724 2637 3796; baseline -0.001 -15"><span class='ocrx_word' id='word_1_281' title='bbox 330 3728 414 3781; x_wconf 92' lang='lat' dir='ltr'><strong>ed.</strong></span> <span class='ocrx_word' id='word_1_282' title='bbox 442 3726 614 3780; x_wconf 88' lang='lat' dir='ltr'><strong>Bonn.</strong></span> <span class='ocrx_word' id='word_1_283' title='bbox 651 3756 720 3764; x_wconf 91' lang='lat'><strong>—-</strong></span> <span class='ocrx_word' id='word_1_284' title='bbox 755 3726 1016 3796; x_wconf 87' lang='lat' dir='ltr'><strong>Pelagius</strong></span> <span class='ocrx_word' id='word_1_285' title='bbox 1042 3726 1118 3779; x_wconf 91' lang='lat' dir='ltr'><strong>H.</strong></span> <span class='ocrx_word' id='word_1_286' title='bbox 1158 3724 1309 3795; x_wconf 87' lang='lat'>(577)</span> <span class='ocrx_word' id='word_1_287' title='bbox 1346 3740 1476 3779; x_wconf 87' lang='lat' dir='ltr'><strong>vero</strong></span> <span class='ocrx_word' id='word_1_288' title='bbox 1514 3725 1569 3778; x_wconf 91' lang='lat' dir='ltr'><strong>in</strong></span> <span class='ocrx_word' id='word_1_289' title='bbox 1606 3724 1842 3792; x_wconf 89' lang='lat' dir='ltr'><strong>epistola</strong></span> <span class='ocrx_word' id='word_1_290' title='bbox 1879 3726 1948 3778; x_wconf 90' lang='lat' dir='ltr'><strong>ad</strong></span> <span class='ocrx_word' id='word_1_291' title='bbox 1976 3725 2298 3794; x_wconf 84' lang='lat' dir='ltr'><strong>Gregorium</strong></span> <span class='ocrx_word' id='word_1_292' title='bbox 2335 3726 2637 3791; x_wconf 89' lang='lat' dir='ltr'><strong>diaconum,</strong></span> 
     </span>
     <span class='ocr_line' id='line_1_36' title="bbox 333 3803 2639 3874; baseline -0.001 -15"><span class='ocrx_word' id='word_1_293' title='bbox 333 3804 807 3872; x_wconf 88' lang='lat' dir='ltr'><strong>Constantinopoli</strong></span> <span class='ocrx_word' id='word_1_294' title='bbox 838 3805 1270 3874; x_wconf 83' lang='lat' dir='ltr'><strong>apocrisiarium,</strong></span> <span class='ocrx_word' id='word_1_295' title='bbox 1308 3804 1587 3859; x_wconf 87' lang='lat' dir='ltr'><strong>instanter</strong></span> <span class='ocrx_word' id='word_1_296' title='bbox 1621 3803 1784 3871; x_wconf 91' lang='lat' dir='ltr'><strong>petit,</strong></span> <span class='ocrx_word' id='word_1_297' title='bbox 1820 3808 1884 3857; x_wconf 90' lang='lat' dir='ltr'><strong>ut</strong></span> <span class='ocrx_word' id='word_1_298' title='bbox 1912 3803 2155 3858; x_wconf 90' lang='lat' dir='ltr'><strong>subsidia</strong></span> <span class='ocrx_word' id='word_1_299' title='bbox 2177 3805 2483 3872; x_wconf 87' lang='lat' dir='ltr'><strong>Imperator</strong></span> <span class='ocrx_word' id='word_1_300' title='bbox 2517 3804 2639 3858; x_wconf 90' lang='lat' dir='ltr'><strong>mit-</strong></span> 
     </span>
     <span class='ocr_line' id='line_1_37' title="bbox 329 3882 2638 3953; baseline 0 -16"><span class='ocrx_word' id='word_1_301' title='bbox 329 3889 433 3938; x_wconf 83' lang='lat' dir='ltr'><strong>tat.</strong></span> <span class='ocrx_word' id='word_1_302' title='bbox 512 3884 609 3953; x_wconf 89' lang='lat' dir='ltr'><strong>„In</strong></span> <span class='ocrx_word' id='word_1_303' title='bbox 658 3883 804 3938; x_wconf 93' lang='lat' dir='ltr'><strong>omni</strong></span> <span class='ocrx_word' id='word_1_304' title='bbox 847 3900 1058 3950; x_wconf 91' lang='lat' dir='ltr'><strong>sumus,</strong></span> <span class='ocrx_word' id='word_1_305' title='bbox 1104 3882 1321 3949; x_wconf 88' lang='lat' dir='ltr'><strong>scribit,</strong></span> <span class='ocrx_word' id='word_1_306' title='bbox 1371 3882 1633 3951; x_wconf 84' lang='lat' dir='ltr'><strong>angustia</strong></span> <span class='ocrx_word' id='word_1_307' title='bbox 1679 3882 1961 3949; x_wconf 88' lang='lat' dir='ltr'><strong>destituti,</strong></span> <span class='ocrx_word' id='word_1_308' title='bbox 2009 3883 2134 3949; x_wconf 87' lang='lat' dir='ltr'><strong>quia</strong></span> <span class='ocrx_word' id='word_1_309' title='bbox 2181 3884 2414 3939; x_wconf 85' lang='lat' dir='ltr'><strong>maxime</strong></span> <span class='ocrx_word' id='word_1_310' title='bbox 2452 3887 2638 3952; x_wconf 88' lang='lat' dir='ltr'><strong>partes</strong></span> 
     </span>
     <span class='ocr_line' id='line_1_38' title="bbox 329 3962 2637 4031; baseline -0 -15"><span class='ocrx_word' id='word_1_311' title='bbox 329 3963 608 4018; x_wconf 88' lang='lat' dir='ltr'><strong>Romanae</strong></span> <span class='ocrx_word' id='word_1_312' title='bbox 647 3963 793 4018; x_wconf 93' lang='lat' dir='ltr'><strong>omni</strong></span> <span class='ocrx_word' id='word_1_313' title='bbox 829 3964 1104 4031; x_wconf 89' lang='lat' dir='ltr'><strong>praesidio</strong></span> <span class='ocrx_word' id='word_1_314' title='bbox 1130 3966 1397 4018; x_wconf 88' lang='lat' dir='ltr'><strong>vacuatae</strong></span> <span class='ocrx_word' id='word_1_315' title='bbox 1432 3963 1710 4017; x_wconf 86' lang='lat' dir='ltr'><strong>videntur.</strong></span> <span class='ocrx_word' id='word_1_316' title='bbox 1771 3962 1848 4015; x_wconf 85' lang='lat' dir='ltr'><strong>Et</strong></span> <span class='ocrx_word' id='word_1_317' title='bbox 1885 3962 2149 4016; x_wconf 85' lang='lat' dir='ltr'><strong>exarchus</strong></span> <span class='ocrx_word' id='word_1_318' title='bbox 2188 3962 2393 4029; x_wconf 88' lang='lat' dir='ltr'><strong>scribit,</strong></span> <span class='ocrx_word' id='word_1_319' title='bbox 2431 3963 2637 4016; x_wconf 91' lang='lat' dir='ltr'><strong>nullum</strong></span> 
     </span>
     <span class='ocr_line' id='line_1_39' title="bbox 329 4037 2637 4110; baseline 0 -14"><span class='ocrx_word' id='word_1_320' title='bbox 329 4037 820 4110; x_wconf 55' lang='lat' dir='ltr'><strong>posse‘remedium</strong></span> <span class='ocrx_word' id='word_1_321' title='bbox 857 4043 1062 4109; x_wconf 84' lang='lat' dir='ltr'><strong>facere,</strong></span> <span class='ocrx_word' id='word_1_322' title='bbox 1112 4043 1306 4110; x_wconf 90' lang='lat' dir='ltr'><strong>quippe</strong></span> <span class='ocrx_word' id='word_1_323' title='bbox 1346 4042 1437 4110; x_wconf 90' lang='lat' dir='ltr'><strong>qui</strong></span> <span class='ocrx_word' id='word_1_324' title='bbox 1483 4058 1584 4096; x_wconf 90' lang='lat' dir='ltr'><strong>nee</strong></span> <span class='ocrx_word' id='word_1_325' title='bbox 1632 4042 1701 4095; x_wconf 90' lang='lat' dir='ltr'><strong>ad</strong></span> <span class='ocrx_word' id='word_1_326' title='bbox 1747 4041 1874 4094; x_wconf 90' lang='lat' dir='ltr'><strong>illas</strong></span> <span class='ocrx_word' id='word_1_327' title='bbox 1919 4045 2106 4109; x_wconf 84' lang='lat' dir='ltr'><strong>partes</strong></span> <span class='ocrx_word' id='word_1_328' title='bbox 2154 4042 2537 4096; x_wconf 88' lang='lat' dir='ltr'><strong>custodiendas</strong></span> <span class='ocrx_word' id='word_1_329' title='bbox 2580 4056 2637 4096; x_wconf 92' lang='lat' dir='ltr'><strong>se</strong></span> 
     </span>
     <span class='ocr_line' id='line_1_40' title="bbox 329 4121 1608 4196; baseline -0.002 -21"><span class='ocrx_word' id='word_1_330' title='bbox 329 4125 572 4196; x_wconf 86' lang='lat' dir='ltr'><strong>testatur</strong></span> <span class='ocrx_word' id='word_1_331' title='bbox 605 4137 766 4188; x_wconf 90' lang='lat' dir='ltr'><strong>posse</strong></span> <span class='ocrx_word' id='word_1_332' title='bbox 806 4121 1103 4177; x_wconf 85' lang='lat' dir='ltr'><strong>sufficere.“</strong></span> <span class='ocrx_word' id='word_1_333' title='bbox 1144 4121 1345 4187; x_wconf 80' lang='lat' dir='ltr'><strong>Labbe,</strong></span> <span class='ocrx_word' id='word_1_334' title='bbox 1383 4121 1449 4175; x_wconf 91' lang='lat' dir='ltr'><strong>V.</strong></span> <span class='ocrx_word' id='word_1_335' title='bbox 1489 4123 1608 4173; x_wconf 87' lang='lat'><strong>938.</strong></span> 
     </span>
    </p>
   </div>
  </div>
 </body>
</html>
