3270 5028
876 426 1131 506 Elevat-io
1169 451 1353 519 Pipini
1389 453 1448 505 in
1484 467 1672 521 regem
1709 451 2057 506 Francorum.
2524 457 2624 508 127

317 596 652 657 averteret.
770 591 1002 675 Pipino
1064 592 1360 657 videlicet
1416 593 1716 658 carisiaci
1787 596 2090 678 degente,
2160 617 2233 659 eo
2302 594 2482 659 venit
2549 617 2626 659 ex

314 691 509 754 Italia
555 687 1062 772 Cerolornannus
1127 693 1263 779 ejus
1318 691 1519 754 frater
1564 694 1722 754 tunc
1785 691 2135 755 monachus
2204 690 2627 770 Cassirmnsis,

315 787 424 865 qui
484 807 615 849 rem
665 785 994 868 Aistulphi
1056 776 1319 870 geren&
1380 787 1560 850 nisus
1623 791 1726 852 est
1780 787 2088 871 Pipinum
2150 788 2490 864 adducere,
2553 794 2627 852 ut

315 881 762 967 Longobardis
831 881 1069 946 bellum
1139 881 1310 945 haud
1377 882 1669 948 inferret.
1788 883 1864 947 In
1939 881 2087 947 Vita
2154 882 2474 966 Stephani
2526 882 2625 948 II.

315 979 481 1062 apud
555 981 970 1043 Anastasium
1026 978 1191 1043 Bibl.
1252 981 1370 1043 hoc
1436 980 1680 1043 factum
1743 979 1916 1044 hisce
1979 980 2289 1045 refertur:
2360 979 2628 1046 Interea

314 1073 828 1156 nefandissimus
905 1073 1241 1156 Aistulfus
1322 1073 1871 1140 Carolomannum
1945 1075 2228 1157 fratrem
2304 1076 2625 1159 benignis-

316 1171 469 1236 simi
515 1171 745 1253 Pipini
802 1171 975 1253 reqis
1033 1190 1075 1234 a
1132 1170 1523 1236 monasterio
1582 1171 1751 1236 beati
1795 1172 2163 1250 Benedicti,
2220 1172 2293 1237 in
2352 1194 2477 1255 quo
2523 1173 2625 1238 de-

308 1258 455 1333 ‘vote
520 1290 645 1351 per
719 1268 1082 1332 revolutum
1159 1264 1497 1350 temporis*
1540 1268 1828 1351 spatium
1902 1268 2269 1334 monachice
2344 1269 2625 1352 deyebat,

316 1365 651 1430 diabolicis
714 1365 773 1430 ei
836 1363 1253 1429 suasionibus
1317 1365 1596 1430 suadens
1663 1364 1737 1430 in
1799 1364 2157 1430 Franciam
2213 1365 2627 1447 provinciam

316 1462 404 1526 ad
448 1460 898 1544 objiciendum,
947 1465 1141 1542 atque
1181 1460 1659 1526 adversandum
1704 1481 1938 1526 causae
1980 1462 2438 1545 redemptionis
2475 1484 2623 1529 san·
2665 1504 2670 1513 -

316 1563 453 1625 ctae
497 1558 631 1623 Dei
684 1557 978 1623 ecclesiae
1035 1557 1428 1641 reipublicae
1472 1559 1926 1624 Romanorum
1985 1558 2243 1623 direxit.
2342 1557 2626 1642 Cumque

314 1655 472 1720 illuc
518 1652 989 1737 conjunxisset,
1047 1654 1382 1720 nitebatur
1427 1655 1690 1720 omnino
1740 1658 1801 1719 et
1855 1654 2292 1722 vehementius
2344 1656 2624 1722 decerta-

318 1753 427 1818 bat
471 1756 733 1818 sanctae
778 1751 911 1815 Dei
956 1750 1284 1817 Ecclesiae
1337 1772 1598 1816 causam
1660 1750 2054 1832 subvertere,
2093 1752 2300 1836 juxta
2356 1753 2524 1834 quod
2583 1773 2624 1817 a

306 1848 613 1931 praefato
664 1869 778 1913 nec
834 1847 1097 1913 dicendo
1146 1846 1437 1930 Aistulfo
1493 1852 1778 1930 tyranno
1832 1847 2059 1929 fuerat
2110 1848 2409 1915 directus.
2500 1849 2627 1914 Sed

304 1945 713 2029 propitiante
758 1943 1046 2009 Domino
1102 1944 1370 2009 minime
1430 1943 1644 2008 valuit
1689 1944 1797 2008 sui
1851 1945 2154 2027 qermani
2216 1944 2624 2011 christianis-

316 2041 468 2107 simi
511 2040 745 2124 Pipini
799 2039 971 2123 reyis
1017 2039 1432 2106 Francorum
1486 2040 1559 2105 in
1619 2039 1736 2105 hoc
1787 2040 2241 2122 firmissimum
2287 2063 2395 2107 cor
2437 2043 2625 2109 incli-

316 2158 499 2206 nare.
602 2137 835 2202 Potius
891 2141 1106 2201 autem
1166 2141 1488 2218 comperta
1541 2135 1927 2218 nequissimi
1988 2138 2257 2219 Aistulfi
2315 2139 2624 2218 versutia,

317 2238 453 2298 tota
498 2255 564 2298 se
606 2233 850 2298 virtute
894 2233 1064 2297 idem
1111 2232 1686 2298 excellentissimus
1732 2233 2017 2316 Pipinus
2047 2233 2462 2301 Francorum
2506 2257 2627 2300 rex

306 2331 647 2413 professus
692 2334 784 2394 est
827 2329 1151 2394 decertare
1185 2351 1315 2412 pro
1361 2350 1561 2395 eausa
1605 2334 1869 2395 sanctae
1916 2330 2048 2394 Dei
2094 2331 2404 2410 ecclesiae,
2456 2333 2626 2398 sicut

306 2427 566 2509 pridem
612 2427 762 2510 jam
805 2427 948 2508 fato
1007 2425 1371 2492 beatissimo
1431 2427 1863 2509 spoponderat
1909 2426 2231 2508 Pontifici.
2287 2468 2376 2475 ——
2446 2430 2627 2495 Tunc

306 2525 467 2607 pari
513 2524 776 2592 consilio
822 2523 1025 2588 isdem
1053 2524 1507 2590 sanctissimus
1536 2524 1727 2614 Papa
1773 2546 1917 2590 cum
1963 2525 2375 2591 denominato
2406 2527 2625 2592 Fran-

280 2697 298 2714 Ι
317 2642 539 2687 corum
607 2642 781 2705 reye,
842 2621 1048 2704 juxta
1117 2619 1189 2684 id
1257 2621 1425 2703 quod
1476 2621 1831 2704 praefatus
1904 2621 2419 2689 Carolomannus
2484 2624 2627 2689 Deo

317 2739 382 2782 se
432 2718 771 2782 devoverat
826 2716 1267 2782 monachicam
1324 2718 1547 2801 deyere
1601 2718 1835 2795 vitam,
1899 2717 1974 2783 in
2034 2720 2425 2785 monasterio
2479 2741 2625 2786 eum

331 2814 613 2879 Viennae
667 2814 740 2879 in
789 2812 1086 2878 Francia
1140 2813 1626 2879 collocaverunt.
1746 2813 1874 2880 Ubi
1928 2820 1989 2879 et
2040 2820 2194 2898 post
2253 2817 2627 2898 aliquantos

315 2910 450 2975 dies
518 2910 745 2976 divina
811 2908 1143 2975 vocatione
1211 2911 1286 2975 de
1353 2910 1474 2976 hac
1539 2911 1676 2976 luce
1738 2911 2049 2994 miqravit
2109 2932 2284 2977 anno
2348 2912 2630 2998 Domini

315 3008 517 3089 755¹)
593 3046 662 3053 —-
739 3006 924 3073 Istud
987 3008 1441 3080 Carolomanni
1494 3010 1629 3072 iter
1694 3031 1767 3072 ac
1825 3015 2001 3074 totus
2064 3014 2334 3074 eventus
2399 3010 2624 3074 obscu-

313 3106 509 3170 ritate
582 3105 858 3189 quadam
932 3104 1173 3168 suffusa
1251 3110 1423 3168 sunt.
1537 3104 1945 3189 Eginhardus
2023 3114 2089 3168 et
2162 3107 2270 3169 alii
2346 3106 2623 3170 Annali-

313 3206 451 3265 stae
523 3202 846 3278 scribunt,
924 3200 1004 3263 ab
1079 3200 1339 3263 Abbate
1380 3222 1521 3265 ,suo
1593 3199 1867 3284 Optato,
1945 3202 2203 3264 volente
2271 3201 2624 3284 Aistulpho

315 3319 496 3380 rege,
550 3297 1091 3363 Carolomannum
1149 3297 1407 3360 missum
1466 3318 1633 3380 esse,
1690 3304 1756 3361 et
1813 3297 2107 3379 quamvis
2161 3298 2441 3361 invitum
2497 3299 2624 3362 iter

313 3396 694 3479 suscepisse,
753 3393 912 3475 quia
965 3412 1082 3457 nec
1140 3391 1249 3456 ille
1304 3391 1578 3456 Abbatis
1633 3391 1741 3457 sui
1782 3393 1977 3476 jussa
2034 3398 2456 3473 contemnere,
2512 3415 2626 3459 nec

317 3490 532 3556 Abbas
575 3490 759 3555 illius
808 3488 1174 3572 praeceptis
1217 3488 1392 3572 reyis
1438 3488 2022 3571 Lonqobardorum
2082 3490 2196 3570 qui
2241 3490 2300 3555 ei
2344 3490 2460 3556 hoc
2503 3490 2624 3556 im-

496 3708 539 3773 1)
595 3706 828 3761 Videtur
881 3712 1069 3762 tamen
1124 3708 1549 3762 carolomannus
1598 3709 1717 3777 jam
1772 3724 1819 3761 a.
1873 3710 1977 3761 754
2030 3716 2275 3762 mortuus
2332 3725 2470 3764 esse.
2560 3710 2625 3762 In

314 3787 509 3840 Annal.
550 3786 999 3854 Sangallensibus
1040 3787 1183 3842 enim
1222 3787 1454 3841 habetur
1489 3789 1558 3841 ad
1599 3805 1649 3841 a.
1690 3790 1821 3841 754:
1876 3787 2025 3855 „Hoc
2074 3803 2213 3841 anno
2249 3787 2478 3856 Pipinus
2529 3804 2627 3842 rex

314 3882 434 3919 cum
458 3865 686 3918 Francis
724 3863 783 3917 in
819 3865 1043 3919 Italiam
1079 3866 1342 3934 perrexit,
1379 3866 1774 3935 Longobardos
1815 3865 2102 3934 superavit
2139 3867 2196 3920 in
2235 3866 2442 3935 gladio.
2507 3866 2626 3921 Hoc

315 3960 455 3998 anno
495 3943 920 3997 Oarolomannus
972 3943 1250 3998 moritur.“
1328 3945 1509 4011 Atque
1561 3946 1728 4002 etiam
1764 3945 1822 3998 in
1861 3945 2057 3999 Annal.
2094 3944 2391 4011 Einhardi‚
2444 3962 2631 4012 quam·

312 4023 397 4076 vis
435 4023 708 4077 referatur
744 4039 887 4077 mors
925 4023 1309 4078 Carolomanni
1345 4024 1416 4077 ad
1453 4040 1503 4077 a.
1540 4027 1669 4090 755,
1718 4024 1921 4078 dicitur
1968 4033 2212 4077 mortuus
2261 4040 2405 4089 esse,
2448 4024 2628 4093 prius·

313 4118 477 4167 quam
512 4118 609 4154 rea·
644 4101 706 4154 de
743 4101 920 4155 Italia
956 4105 1338 4167 reverteretur,
1391 4103 1633 4170 adeoque
1675 4119 1723 4156 a.
1762 4105 1893 4168 754,
1943 4118 2106 4169 quum
2141 4102 2371 4169 Pipinus
2403 4104 2520 4172 jam
2560 4119 2628 4157 ex

314 4179 481 4233 Italia
517 4195 774 4234 reversus
811 4181 887 4234 sit
924 4187 1214 4235 auctumno
1251 4183 1413 4251 hujus
1455 4182 1599 4236 anni.
