3270 5028
908 371 1159 448 Eventus
1196 401 1324 462 post
1362 394 1659 447 Concilium
1699 409 1810 448 occ.
1836 394 1990 448 VIII.
2500 399 2607 448 407
2648 393 2661 401 “

284 534 457 599 tium
519 533 739 599 animo
799 534 1007 616 fuisse
1065 535 1139 599 ’ἐπ
1187 533 1623 617 Apostolicam
1683 533 1906 599 Sedem
1965 534 2222 617 infenso
2280 535 2603 601 existimet

283 631 386 695 vel
431 630 723 714 i‘nyrato,
782 652 923 696 cum
982 652 1145 712 quae
1193 631 1375 713 juris
1421 636 1628 696 essent
1685 651 1840 696 suae
1894 630 2188 696 ecclesiae-
2245 631 2610 713 defenderas

269 727 659 809 juramento
705 732 1033 792 teneretur
1085 728 1457 808 obstrictus,
1518 729 1715 792 etiam
1761 733 2061 794 aeternae
2115 728 2289 794 vitae
2346 727 2598 811 dispen-

284 824 429 888 dio:
483 846 615 889 non
662 824 833 889 enim
888 824 1106 890 aliena
1153 824 1460 904 retinere,
1521 824 1630 889 secl
1683 844 1807 889 sua
1852 825 2182 906 possidere
2227 846 2306 889 eoe
2352 846 2602 907 posses-

237 936 248 948 ·
284 920 466 986 sione
501 921 1068 1003 praedecessorum
1112 921 1249 1003 ipse
1289 922 1550 1003 justum
1591 920 1893 1003 pic-tavit,
1957 921 2065 986 cui
2108 921 2287 987 haud
2331 921 2600 987 dubium

281 1022 509 1099 sponte
572 1017 883 1098 cessisset,
953 1018 1013 1082 si
1068 1017 1139 1081 id
1191 1017 1409 1099 facere
1463 1016 1588 1081 sibi
1645 1016 1902 1080 licuisse
1960 1017 2345 1082 credidisset.
2438 1018 2599 1083 Pro-

265 1113 509 1179 'batum
554 1135 671 1179 vas
715 1115 865 1198 iqne
897 1119 1038 1180 erat
1082 1115 1237 1202 ipse,
1282 1118 1732 1195 excoctumque
1775 1114 2044 1195 fornace
2078 1114 2254 1179 omni
2297 1114 2601 1198 rubiyine

281 1232 529 1276 carens.
644 1212 736 1277 At
802 1231 950 1275 vero
1017 1212 1274 1277 nultum
1333 1210 1601 1293 penitus
1671 1210 2075 1276 contraxisse
2144 1232 2437 1293 umquam
2504 1212 2601 1276 vet

282 1308 478 1373 levem
530 1309 868 1392 pulverem
933 1306 1150 1390 ipsum
1198 1307 1263 1372 S.
1311 1306 1654 1390 Ionatium
1717 1328 1796 1371 εει)
1849 1306 1970 1371 hac
2031 1307 2129 1371 vel
2185 1306 2322 1372 alia
2383 1328 2599 1387 causa,

281 1404 414 1468 dici
458 1427 592 1470 non
637 1405 902 1487 patitur
958 1405 1250 1469 humana
1311 1404 1617 1483 conditi0‚
1682 1424 1806 1486 quo
1861 1408 2234 1469 sanctorum
2278 1404 2602 1469 ‘neminem

281 1502 590 1582 caruisse,
638 1502 771 1566 Dei
824 1502 1153 1567 Genitrice
1200 1506 1479 1584 excepta,
1524 1501 1828 1583 fatentur
1875 1501 2166 1585 omnes.¹)

1398 1848 1521 1915 IV.

280 1974 424 2037 De
470 1972 979 2037 eventibus
1012 1979 1235 2051 post
1268 1972 1825 2036 Concilium
1862 1973 2598 2036 oecumenicum

1205 2076 1676 2133 octavum.

465 2224 605 2285 100.
683 2223 899 2287 Mense
959 2223 1194 2287 Martio
1264 2225 1420 2288 anni
1485 2225 1612 2287 870
1677 2223 1875 2307 legati
1944 2223 2218 2287 Romani
2280 2223 2593 2288 Constan-
2644 2242 2904 2313 Legaporum

280 2319 554 2403 tinopoli
604 2320 874 2401 profecti
924 2324 1099 2385 sunt.
1192 2320 1394 2396 Quum
1457 2321 1907 2384 auctoritatem
1956 2318 2136 2383 Sedis
2184 2321 2595 2402 Apostolicae
2686 2304 2861 2345 s⁰d¹¹³¹¹⁸

281 2425 470 2481 tanto
523 2418 740 2500 vigore
800 2417 1265 2495 vindicassent,
1327 2415 1688 2499 Imperator
1739 2416 1994 2499 quidem
2049 2438 2180 2480 non
2241 2439 2471 2498 parum
2527 2419 2596 2481 in

282 2537 389 2580 eos
450 2523 807 2578 commotus
871 2519 1041 2597 erat3
1110 2537 1252 2577 cum
1314 2514 1801 2578 benevolentiae
1863 2516 2080 2576 tamen
2147 2513 2348 2596 signis
2399 2522 2595 2598 atque

278 2612 653 2675 muneribus
711 2633 816 2674 eos
873 2610 1131 2673 dimisit.
1239 2609 1462 2675 Basilii
1518 2610 1881 2692 spatharius
1938 2609 2334 2674 Theodosius
2392 2633 2594 2694 usque

280 2708 352 2771 ad
412 2707 839 2790 Dyrrachium
897 2710 1012 2771 eos‘
1057 2707 1401 2771 comitatus
1459 2712 1586 2784 est,
1648 2707 1758 2770 sed
1820 2729 2035 2770 eorum
2097 2707 2430 2770 securitati
2479 2729 2593 2789 pro

279 2805 570 2868 ulteriori
629 2805 862 2868 itinere
917 2804 1086 2866 haud
1144 2803 1273 2866 fuit
1330 2805 1672 2885 provisum.
1766 2803 1985 2885 Atque
2047 2802 2142 2865 ita
2198 2803 2455 2877 accidit,
2520 2808 2595 2866 ut

277 2903 347 2965 in
410 2923 640 2964 manus
704 2901 1056 2982 piratarum
1117 2897 1595 2963 Slavonicorum
1656 2898 2042 2980 inciderent,
2092 2922 2129 2962 a
2192 2899 2424 2981 quibus
2486 2899 2592 2963 de-

278 2998 444 3062 tenti
492 3003 557 3060 et
603 2995 900 3059 omnibus
947 3018 1111 3078 quae
1170 2994 1586 3078 possidebant
1641 2996 1878 3078 privati
1930 3000 2104 3058 sunt.
2199 2997 2472 3078 Aliquot
2515 3017 2591 3058 ex

280 3094 618 3158 comitibus
667 3092 823 3175 fuga
869 3091 1071 3175 elapsi
1124 3093 1426 3155 nuntium
1485 3092 1560 3156 de
1609 3091 1979 3156 tristissimo
2037 3097 2273 3155 eventu
2322 3090 2593 3154 Romam

280 3191 682 3266 detulerunt,
762 3191 828 3252 et
895 3211 1023 3252 non
1091 3189 1215 3251 nisi
1289 3191 1432 3270 post
1489 3189 1872 3271 multiplices
1945 3192 2212 3252 conatus
2275 3188 2592 3252 Hadriani

280 3286 626 3362 Pontificis‚
677 3308 805 3368 quo
848 3288 1111 3368 petente
1161 3285 1353 3348 etiam
1403 3285 1764 3349 Ludovicus
1794 3285 1875 3347 [1.
1929 3284 2289 3366 Imperator
2333 3306 2588 3367 operam
2666 3290 2669 3299 ³

281 3407 392 3447 suo
438 3385 810 3461 interventu
858 3382 1214 3464 praestitit,
1263 3403 1477 3446 versus
1524 3384 1717 3445 finem
1766 3381 1922 3444 anni
1973 3381 2099 3443 870
2144 3383 2343 3465 legati
2391 3382 2591 3464 capti·
2664 3461 2670 3468 ·

282 3480 479 3543 vitate
537 3479 730 3542 soluti
786 3479 855 3540 in
913 3478 1134 3542 urbem
1189 3484 1642 3561 pervenerunt.
1735 3478 1880 3542 Jam
1940 3478 2249 3555 diximus,
2313 3478 2588 3542 codicem

282 3597 529 3660 quoque
585 3576 894 3639 Actorum
950 3574 1217 3639 Concilii
1274 3596 1415 3638 cum
1469 3576 1719 3659 reliquo
1771 3574 2196 3657 suppellectili
2256 3575 2332 3637 iis
2394 3574 2590 3637 fuisse

283 3679 595 3756 ereptum,
657 3671 767 3734 sed
829 3673 1244 3734 Anastasium
1294 3671 1859 3736 Bibliothecarium
1925 3694 2000 3735 ex
2063 3693 2137 3735 eo
2199 3693 2387 3754 quem
2451 3672 2589 3753 ipse

284 3769 586 3834 attulerat
659 3767 1016 3832 versionem
1085 3769 1353 3831 latinam
1433 3768 1745 3832 Actorum
1828 3768 2070 3851 Synodi
2148 3769 2591 3831 oecumenicae

285 3871 539 3930 octavae
584 3863 950 3929 confecisse.
1009 3895 1013 3898 ⁴

457 4126 495 4189 ²)
533 4125 728 4178 Baron.
768 4126 836 4178 ad
875 4142 923 4178 a.
961 4127 1080 4177 870.
1119 4142 1169 4177 n.
1208 4129 1293 4178 42.
