3270 5028
924 458 1171 510 Eventus
1209 460 1333 522 post
1372 455 1673 509 Concilium
1712 472 1820 510 oec.
1848 456 2001 510 VIII.
2513 461 2615 512 421

279 597 482 660 cibus
551 599 929 679 intervenit,
1005 619 1226 662 omnes
1291 619 1422 660 uno
1487 600 1666 673 vot0,
1744 620 1873 662 uno
1942 620 2286 678 consensu,
2359 604 2426 664 et
2488 623 2617 664 una

280 693 639 757 concordia
699 695 765 757 in
824 694 1238 758 restitutione
1298 697 1413 757 tua
1472 694 1919 758 convenerint:
1981 696 2236 760 veniam
2290 718 2406 779 pro
2464 718 2617 779 pace

281 795 567 854 sanctae
642 789 943 855 CPtanae
1019 791 1317 854 ecclesiae
1387 789 1508 852 tibi
1583 790 2017 869 concedimus,
2105 793 2617 857 communionem

284 909 555 970 quoque
601 891 665 951 et
725 888 1027 972 gradum,
1083 910 1301 952 coram
1360 887 1603 969 synodo
1666 886 2164 952 misericordiam
2229 890 2618 971 quaerendO,

287 983 721 1048 nihilominus
781 985 1135 1062 reddimuS,
1204 988 1269 1048 et
1330 987 1405 1047 ut
1464 987 1725 1046 sanctae
1786 982 2087 1048 CPtanae
2154 985 2453 1049 ecclesiae
2510 986 2615 1050 de-

285 1080 453 1144 beas
526 1102 818 1163 praeesse
894 1077 1463 1161 consentimus.“¹)
1597 1078 1699 1143 Ad
1783 1101 1889 1143 eos
1968 1085 2183 1144 autem
2273 1083 2617 1164 praesules,

286 1176 415 1259 qui
470 1177 627 1240 duce
682 1177 1105 1261 Metrophane
1161 1176 1536 1259 Smyrnensi
1589 1176 1663 1238 in
1722 1176 2126 1259 oppositione
2180 1181 2408 1241 contra
2439 1177 2620 1241 Pho-

290 1274 466 1336 tium
516 1280 1111 1357 perseveraverant,
1175 1273 1533 1356 graviorem
1591 1271 1766 1335 dedit
1813 1274 2178 1355 epistolam,
2239 1274 2307 1337 in
2357 1297 2484 1357 qua
2530 1274 2618 1337 di-

289 1370 590 1434 strictius
639 1377 707 1433 et
750 1372 1028 1434 severius
1073 1370 1325 1442 scribit:
1385 1367 1730 1446 „Vestram
1777 1371 2053 1433 salutem
2101 1370 2434 1454 cupientes
2483 1393 2619 1435 mo-

293 1488 531 1530 nemus
591 1470 656 1530 et
714 1468 1061 1549 apostolica
1123 1467 1527 1549 benignitate
1574 1466 1906 1550 jubemus,
1970 1488 2078 1530 vos
2133 1488 2352 1530 omnes
2399 1466 2619 1530 Eccle-

291 1563 434 1626 siae
481 1563 683 1647 uniri,
732 1567 1069 1645 vestroque
1118 1562 1549 1645 patriarchae,
1607 1560 1842 1626 Photio
1889 1562 2212 1640 videlicet,
2273 1585 2452 1646 quem
2502 1586 2618 1647 pro

297 1658 626 1723 Ecclesiae
674 1680 828 1741 pace
876 1663 942 1722 et
987 1660 1235 1723 unitate
1279 1658 1661 1742 recepimuS,
1723 1658 2067 1722 adhaerere
2125 1661 2619 1725 communicare-

294 1778 429 1840 que
488 1755 760 1819 studete.
852 1755 1022 1818 Nam
1086 1756 1140 1819 si
1201 1755 1358 1820 haec
1422 1761 1645 1820 nostra
1708 1756 2055 1838 apostolica
2114 1757 2358 1820 monita
2409 1806 2422 1821 .
2473 1806 2485 1819 .
2537 1806 2550 1820 .
2602 1804 2616 1819 .

296 1852 525 1916 audire
584 1852 1127 1935 contempseritis,
1188 1853 1444 1928 scitote,
1509 1853 1662 1935 quia
1718 1853 1929 1916 missis
1988 1854 2226 1916 nostris
2290 1854 2616 1937 praecepi·

299 1971 465 2023 mus,
512 1950 760 2012 tamdiu
793 1971 901 2013 vos
930 1949 1105 2014 omni
1140 1949 1566 2013 ecclesiastica
1599 1950 2047 2014 communione
2075 1950 2346 2033 privare,
2395 1972 2612 2032 quam·

297 2046 411 2108 diu
464 2043 539 2109 ad
586 2045 906 2109 unitatem
964 2047 1243 2129 corporis
1292 2045 1533 2109 Christi
1593 2049 1660 2110 et
1704 2046 1784 2110 ad
1829 2050 2112 2109 vestrum
2163 2047 2617 2129 contempseri-

298 2142 386 2205 tis
456 2142 665 2205 redire
737 2140 1234 2224 pontificem.“²)
1302 2178 1389 2186 —
1456 2141 1801 2207 Probabile
1869 2146 1990 2220 est,
2062 2143 2386 2206 Joannem
2432 2142 2616 2207 VIII.

300 2238 517 2321 quoad
589 2238 703 2302 hos
781 2241 1109 2322 episcopos
1186 2239 1519 2322 deceptum
1604 2240 1802 2303 fuisse
1874 2239 2117 2304 callidis
2191 2237 2616 2304 Santabareni

301 2335 843 2413 accusationibus,
910 2337 1020 2420 qui
1082 2357 1187 2399 eos
1250 2340 1326 2399 ut
1384 2340 1673 2400 auctores
1739 2335 2097 2400 obstinatos
2161 2335 2616 2401 discordiarum

303 2435 371 2495 et
426 2432 747 2496 scissionis
804 2431 1222 2516 descripserit.
1315 2432 1554 2495 Durius
1612 2431 1779 2495 enim
1842 2431 2151 2496 Pontifex
2210 2454 2315 2497 eos
2379 2433 2614 2517 arguit,

303 2529 472 2610 quod
534 2529 723 2592 etiam
792 2534 1092 2594 anteacto
1151 2534 1437 2613 tempore
1497 2529 1877 2592 divisionem
1938 2529 2237 2593 foverint.
2347 2529 2616 2607 „Multis

296 2626 429 2708 jam
492 2625 862 2689 labentibus
922 2627 1138 2704 anniS,
1203 2627 1326 2706 ait,
1386 2647 1583 2709 usque
1640 2625 1718 2687 ad
1782 2646 2083 2708 praesens
2143 2625 2213 2688 in
2271 2625 2616 2690 discordiae

303 2720 611 2785 divisione
659 2726 724 2785 et
767 2723 838 2785 in
885 2723 1329 2787 scandalorum
1375 2722 1866 2804 perturbatione
1911 2743 2024 2784 vos
2072 2719 2356 2785 videmus
2405 2744 2615 2804 prom-

303 2823 444 2900 ptos
489 2840 779 2896 manere,
842 2841 960 2883 nec
1008 2842 1121 2901 per
1168 2820 1455 2883 caritatis
1502 2818 1855 2882 custodiam
1903 2819 1984 2881 ad
2030 2817 2347 2882 unitatem
2397 2818 2615 2882 Eccle-

302 2915 430 2980 siae
492 2918 796 2979 reve1·ti.“
856 2952 934 2960 --
999 2915 1362 3000 Objectioni
1422 2919 1643 2978 autem
1706 2936 1898 2998 quam
1959 2913 2128 2978 forte
2187 2915 2413 2978 afferre
2474 2923 2614 2998 pot-

304 3015 516 3088 erant,
576 3012 847 3076 solemni
906 3013 1368 3094 subscriptione
1429 3018 1624 3074 antea
1682 3012 1763 3075 ab
1818 3011 1971 3094 ipsis
2019 3033 2158 3075 esse
2214 3013 2615 3095 promissum,

306 3130 369 3172 se
429 3107 598 3173 haud
653 3113 983 3173 secuturos
1045 3130 1178 3172 esse
1233 3107 1570 3183 Photium,
1632 3108 1906 3171 occurrit
1960 3107 2265 3172 Pontifex
2330 3108 2614 3171 animad-

307 3207 589 3282 vertens,
653 3205 1041 3268 auctoritate
1097 3203 1426 3268 Ecclesiae
1485 3204 1740 3267 vincula
1799 3204 2109 3287 ejusmodi
2168 3205 2345 3269 solvi.
2438 3203 2616 3282 „Nec

306 3301 562 3384 aliquiS,
631 3300 878 3378 scribit,
951 3305 1234 3364 vestrum
1298 3301 1465 3364 hanc
1522 3301 1763 3365 habeat
1829 3302 1899 3364 in
1964 3301 2287 3364 redeundo
2351 3314 2614 3365 excusa-

308 3399 572 3475 tionem,
628 3420 743 3480 pro
791 3398 1125 3480 scripturis
1182 3398 1258 3461 de
1307 3398 1426 3462 hac
1481 3420 1672 3462 causa
1736 3398 2126 3482 compositis3
2187 3399 2338 3482 quia
2398 3398 2614 3462 divina

307 3498 620 3577 potestate
689 3517 882 3578 quam
954 3494 1197 3577 accepit
1276 3495 1557 3560 Ecclesia
1627 3494 1901 3575 Christi,
1977 3500 2211 3560 cuncta
2275 3495 2613 3560 solvuntur

308 3591 584 3667 vincula,
659 3591 916 3675 quando
981 3613 1093 3674 per
1162 3593 1542 3675 pastoralem
1606 3591 2059 3656 auctoritatem
2125 3613 2289 3675 quae
2353 3591 2614 3656 fuerant

309 3687 500 3770 ligata
572 3689 939 3765 solvuntur,
1014 3689 1350 3770 quoniam,
1435 3689 1599 3752 sicut
1675 3686 1830 3751 dicit
1904 3686 1968 3753 S.
2047 3688 2223 3772 Papa
2299 3687 2612 3766 GelasiuS,

310 3785 549 3847 nullum
606 3792 708 3848 est
751 3785 1075 3848 vinculum
1140 3785 1511 3858 insolubile,
1562 3784 1692 3847 nisi
1748 3783 1912 3847 circa
1961 3805 2066 3847 eos
2126 3786 2236 3867 qui
2285 3786 2351 3848 in
2401 3806 2612 3849 errore

309 3881 716 3963 persistunt.“
789 3916 868 3924 -—
941 3881 1130 3945 Certe
1197 3882 1410 3944 minus
1490 3880 1749 3965 provide
1818 3879 2137 3945 Joannem
2211 3881 2417 3965 quoad
2494 3881 2609 3944 hos

311 3978 619 4060 episcopos
665 3945 1279 4061 scripsissefnegari
1329 4000 1461 4042 non
1510 3999 1694 4060 posse
1746 3977 2018 4041 videtur.
2112 3976 2375 4041 Etenim
2424 3999 2611 4042 eous-

479 4186 518 4252 1)
556 4186 653 4252 Ep.
694 4188 821 4253 2013
860 4186 1040 4240 nabbe
1080 4186 1175 4239 IX.
1218 4189 1333 4239 142.
1546 4162 1596 4263 ξ)
1635 4187 1737 4254 Ep.
1777 4188 1903 4253 202;
1943 4185 2128 4239 nabbe
2167 4186 2262 4239 IX.
2298 4188 2412 4238 147.
