3270 5028
1132 430 1427 485 Concilium
1465 431 1515 484 N
1518 430 1765 486 icaenum
1803 433 1877 486 II.
2590 436 2655 487 51

350 571 462 654 qui
507 571 928 654 praecedente
971 577 1261 656 tempore
1292 573 1707 638 Iconoclastis
1754 596 1983 638 manus
2015 572 2340 652 dederant,
2388 574 2467 638 ad
2496 573 2659 657 Syn-

348 666 542 731 odum
606 689 739 731 non
799 668 1066 735 venisse.
1177 668 1538 733 Interfuere
1601 668 1860 752 Synodo
1922 673 2118 735 etiam
2184 672 2395 755 plures
2460 672 2661 735 archi-

348 762 705 829 mandritae
766 768 832 829 et
891 765 1237 842 monachi..
1286 766 1398 849 qui
1455 767 1822 849 praesulum
1876 789 2241 832 consessum
2294 768 2659 832 sanctitatis

351 864 417 924 et
459 858 786 926 doctrinae
834 862 1167 946 splendore
1213 862 1548 947 magnifice
1588 863 2008 938 decorabant,
2072 864 2244 927 inter
2295 860 2455 948 quos
2502 865 2659 927 emi-

348 956 597 1020 nebant
655 956 840 1021 Plato
897 957 1351 1042 Hegoumenos
1409 959 1780 1023 monasterii
1830 959 2284 1036 Sacundioni8‚
2343 964 2408 1023 et
2452 959 2656 1025 Theo-

350 1053 593 1136 phanes
660 1054 890 1131 abbas,
961 1058 1185 1119 auctor
1244 1054 1827 1139 Chronographiae.
1937 1056 2166 1119 Adfuit
2228 1057 2480 1120 demum
2541 1055 2658 1120 Ni-

347 1153 520 1215 cetas
576 1151 688 1234 qui
745 1150 1251 1234 Imperatoribus
1306 1155 1444 1216 erat
1499 1175 1538 1214 a
1592 1152 1884 1217 secretis·
1918 1150 2168 1236 (postea
2221 1152 2469 1217 Tarasii
2523 1176 2659 1218 suc-

347 1244 615 1330 cessor),
663 1269 807 1312 cum
853 1248 994 1313 aliis
1040 1249 1406 1331 proceribus
1453 1249 1533 1313 ab
1578 1249 1974 1332 Imperatore
2020 1250 2261 1325 missiS,
2317 1254 2392 1312 ut
2438 1251 2660 1315 ordine

348 1344 565 1407 omnia
623 1344 691 1407 in
750 1342 1034 1410 Concilio
1095 1346 1314 1430 peragi
1374 1348 1697 1409 curarent.
1791 1343 1999 1409 Locus
2053 1344 2292 1428 Synodi
2350 1347 2474 1411 fuit
2530 1348 2659 1430 pri-

347 1440 549 1504 maria
598 1438 870 1505 Nicaeae
927 1440 1217 1521 basilica,
1281 1448 1582 1507 aeternae
1642 1439 2012 1524 Sapientiae
2068 1443 2189 1505 sub
2242 1443 2437 1508 titulo
2496 1443 2659 1508 San-

347 1539 491 1600 ctae
540 1535 817 1620 Sophiae
863 1559 1061 1602 sacra.

528 1677 630 1739 58.
695 1676 814 1741 Die
871 1673 986 1739 25⁰
1042 1678 1280 1741 mensis
1327 1674 1723 1759 Septembris
1778 1698 1832 1740 a.
1886 1675 2009 1739 787
2059 1674 2354 1758 Synodus
2410 1683 2506 1741 est
2560 1678 2658 1741 in-

347 1774 600 1837 choata.
707 1774 893 1838 Illam
956 1773 1259 1837 Tarasius
1328 1771 1722 1857 patriarcha,
1789 1794 1980 1855 penes
2046 1794 2232 1856 quem
2299 1776 2524 1856 utpote
2588 1775 2656 1838 in

348 1869 565 1934 arduis
622 1871 901 1954 negotiis
947 1871 1131 1934 valde
1187 1871 1610 1934 exercitatum
1666 1874 1734 1932 et
1781 1870 2043 1952 linguae
2089 1890 2353 1953 graecae
2410 1870 2659 1953 peritis-

348 1968 603 2044 simum,
652 1967 849 2050 legati
886 1967 1233 2050 Apostolici
1268 1963 1507 2049 Synodi
1555 1964 1973 2030 directionem
2018 1966 2437 2047 reliquerant,
2482 1968 2662 2031 brevi

347 2062 457 2126 sed
519 2063 802 2147 eleganti
863 2064 1156 2128 oratione
1217 2062 1485 2146 aperuit.
1593 2060 1764 2125 Dein
1820 2062 1987 2125 lecta
2044 2067 2144 2126 est
2202 2063 2473 2146 epistola
2527 2062 2660 2127 Im-

348 2165 746 2243 peratorum,
793 2182 918 2243 qua
963 2160 1292 2224 restitutio
1338 2180 1665 2224 sacrarum
1709 2158 2064 2240 imaginum
2107 2163 2172 2222 et
2217 2160 2474 2224 unionis
2518 2183 2661 2225 cum

349 2255 612 2320 ecclesia
658 2256 955 2321 Romana
1009 2261 1074 2320 et
1135 2256 1415 2320 ecclesiis
1471 2254 1757 2319 Orientis
1820 2258 1892 2318 ut
1949 2275 2176 2338 scopus
2222 2255 2462 2338 Synodi
2521 2279 2662 2340 pro-

348 2354 633 2437 ponitur.
725 2354 930 2417 Porro
986 2353 1146 2417 varii
1201 2352 1478 2435 episcopi
1527 2374 1605 2414 ex
1654 2350 2202 2416 Iconoclastarum
2258 2352 2539 2419 factione
2593 2355 2661 2417 in

346 2471 598 2514 sacrum
645 2471 1009 2514 consessum
1057 2449 1313 2514 admissi
1359 2454 1535 2523 sunt,
1585 2451 1837 2535 ejurata
1882 2448 2130 2513 haeresi
2179 2453 2245 2512 et
2276 2449 2398 2514 fide
2446 2451 2660 2516 ortho-

347 2547 514 2611 doxa
577 2547 654 2611 de
717 2549 898 2611 cultu
963 2569 1216 2631 quoque
1280 2547 1637 2631 imaginum
1701 2546 2007 2629 exposita.
2118 2546 2216 2610 Ex
2273 2570 2401 2631 quo
2462 2553 2661 2632 patet,

339 2645 479 2729 jam
540 2644 689 2709 inde
758 2645 840 2708 ab
902 2644 1092 2708 initio
1161 2643 1457 2726 Concilii,
1525 2641 2095 2707 Iconomachorum
2164 2643 2522 2708 doctrinam
2590 2648 2663 2708 ut

349 2740 754 2805 manifestam
802 2740 1115 2805 haeresim
1166 2740 1630 2806 consideratam
1677 2739 1897 2804 fuisse.

528 2892 630 2955 59.
710 2892 899 2955 Actio
963 2891 1247 2955 secunda
1307 2891 1630 2955 celebrata
1699 2893 1797 2954 est
1874 2890 1974 2953 die
2050 2889 2178 2953 26²⁰
2247 2889 2660 2974 Septembris

352 2988 691 3054 Recitatae
759 2991 912 3051 sunt
975 2988 1044 3051 in
1113 3009 1188 3051 ea
1254 2988 1510 3051 litterae
1573 2985 1890 3050 Hadriani
1958 2986 2038 3050 ad
2100 2986 2527 3069 Imperatores
2596 2990 2662 3048 et

348 3086 430 3150 ad
477 3084 814 3149 Tarasium
870 3083 1322 3167 patriarcham.
1412 3082 1561 3148 Jam
1609 3084 1906 3160 diximus,
1972 3086 2041 3146 in
2096 3083 2364 3165 epistola
2416 3081 2496 3144 ad
2543 3080 2662 3145 Ta-

349 3181 588 3246 rasium
668 3181 901 3246 similia
983 3182 1301 3245 contineri
1374 3181 1485 3256 iis,
1572 3202 1738 3264 quae
1811 3179 2314 3263 Imperatoribus
2386 3178 2663 3243 Hadria-

349 3299 472 3343 nus
546 3278 798 3361 scripsit
866 3277 942 3342 de
1017 3278 1401 3342 auctoritate
1460 3276 1644 3341 Sedis
1707 3276 2116 3359 Apostolicae
2191 3279 2258 3340 et
2314 3275 2391 3339 de
2470 3276 2665 3340 sacris

348 3376 742 3460 imaginibus
803 3374 1239 3439 restituendis.
1348 3373 1528 3437 Inter
1589 3373 1716 3436 alia
1779 3372 2084 3436 Pontifex
2147 3373 2395 3436 scribit:
2459 3369 2665 3453 Cujus

352 3472 446 3558 (S.
491 3469 704 3557 Petri)
753 3470 945 3535 Sedes
987 3469 1062 3535 in
1109 3489 1357 3534 omnem
1402 3472 1735 3534 terrarum
1781 3468 1994 3533 orbem
2038 3471 2260 3533 tenens
2295 3467 2663 3550 primatum

350 3568 657 3651 refulget,
714 3573 776 3633 et
830 3571 1026 3649 caput
1079 3565 1370 3632 omnium
1423 3564 1837 3630 ecclesiarum
1879 3564 2011 3629 Dei
2065 3563 2399 3649 consistit.
2487 3564 2665 3630 Unde

351 3665 520 3731 idem
560 3665 784 3730 beatus
828 3663 1070 3729 Petrus
1117 3662 1464 3748 Apostolus
1510 3660 1789 3727 Domini
1829 3666 2173 3743 praecepto
2217 3681 2495 3744 pascens
2540 3661 2663 3726 Ec-

352 3761 610 3828 clesiam
656 3759 828 3827 nihil
873 3760 1260 3826 dissolutum
1305 3758 1575 3839 dimisit,
1622 3758 1732 3823 sed
1785 3758 1996 3824 tenuit
2033 3778 2279 3841 semper
2324 3762 2383 3822 et
2427 3757 2664 3823 retinet

341 3857 815 3943 principatum.
908 3854 1033 3922 Cui
1074 3855 1135 3920 si
1179 3855 1530 3921 adhaerere
1576 3854 1755 3938 cupit
1802 3859 2016 3919 vestra
2059 3854 2393 3934 sanctitaS,
2442 3858 2501 3918 et
2546 3876 2660 3919 no·

353 3960 530 4021 strae
576 3953 983 4036 Apostolicae
1030 3951 1243 4032 Sedis,
1302 3971 1466 4033 quae
1513 3955 1606 4016 est
1660 3955 1856 4034 caput
1912 3950 2200 4016 omnium
2252 3950 2663 4017 ecclesiarum

356 4051 517 4132 Dei,
581 4071 841 4118 sacram
899 4053 960 4113 et
1013 4048 1435 4114 orthodoxam
1485 4048 1773 4131 formam
1820 4047 2196 4130 incorrupte
2256 4052 2316 4111 et
2369 4047 2662 4113 inconta-

275 4209 285 4220 ,
353 4147 602 4214 minate
665 4168 744 4212 ex
808 4146 1143 4229 profundo
1207 4145 1418 4211 cordis
1484 4148 1545 4210 et
1609 4144 1982 4210 sinceritate
2043 4143 2278 4209 mentis
2345 4143 2665 4209 custodire

2315 4246 2383 4300 4*

2723 3082 2967 3135 EQlae„

2724 3143 2953 3188 Hadriani.
