3270 5028
608 431 713 482 346
1283 427 1463 481 XVII.
1498 428 1580 481 De
1621 427 1916 483 schismate
1953 428 2241 482 Photiano.

491 640 494 646 ,
607 566 890 651 imayini
894 567 1027 649 bus,
1076 567 1395 652 quidquid
1438 568 1727 650 quaestio
1774 567 2057 651 afferret,
2093 569 2278 651 juste
2321 588 2397 632 ac
2432 566 2544 649 pie
2585 565 2931 631 licentiam

608 664 853 729 dantes.
865 663 914 743 1)

287 755 569 859 Ni‘ssgssgm'
788 762 892 826 34.
939 761 1206 849 Legatis
1260 764 1462 848 igitur
1510 763 1640 828 suis
1688 762 2018 828 Rodoaldo
2064 762 2408 829 Portuensi
2463 767 2530 827 et
2576 762 2929 827 Zachariae

612 858 969 923 Ananiensi
1018 860 1327 943 episcopis
1374 858 1681 924 Nicolaus
1726 860 2043 924 commisit
2085 861 2338 925 litteras
2384 860 2444 926 d.
2484 860 2542 924 d.
2593 862 2698 924 25.
2735 857 2925 943 Sept.

608 981 663 1021 a.
708 955 867 1036 860,
914 956 1147 1039 quibus
1192 955 1490 1036 Michae'li
1536 959 1602 1019 et
1649 954 1881 1021 Photio
1925 956 2277 1039 respondit.
2369 957 2446 1021 In
2492 956 2725 1022 litteris
2769 977 2929 1040 pro-

608 1052 942 1116 lixioribus
997 1053 1077 1116 ad
1136 1051 1599 1135 Imperatorem
1656 1052 2000 1136 plurimum
2063 1056 2328 1137 questus
2385 1058 2485 1118 est
2538 1052 2616 1117 de
2670 1053 2929 1137 Ignatii

603 1148 1029 1232 depositione,
1090 1152 1158 1213 et
1203 1149 1280 1213 de
1325 1147 1546 1215 Photii
1594 1149 1740 1231 laici
1795 1148 2253 1234 subrogatione
2297 1151 2471 1215 facta
2515 1153 2741 1215 contra
2786 1153 2929 1213 tra-=

602 1246 934 1334 ditionem,
962 1244 1231 1310 Patrum
1279 1246 1521 1329 absque
1578 1266 1898 1310 consensu
1959 1243 2236 1310 Romani
2283 1246 2635 1311 pontificis.
2733 1245 2926 1309 Inter

603 1342 734 1406 alia
782 1341 1030 1406 scribit:
1080 1340 1187 1405 Ad
1218 1341 1406 1423 cujus
1452 1340 1871 1427 (apostolicae
1917 1342 2312 1425 traditionis)
2361 1341 2532 1407 enim
2576 1341 2743 1408 sicut
2784 1340 2928 1423 ipsi

603 1436 788 1503 scitis
849 1436 1290 1519 inteqritatem
1346 1436 1840 1517 observationis,
1913 1437 2238 1503 multoties
2297 1442 2646 1504 conventus
2696 1439 2927 1521 factus

599 1532 815 1617 fuerit
859 1533 1040 1616 (fuit)
1097 1538 1474 1600 sanctorum
1523 1538 1826 1617 patrum,
1888 1553 1930 1598 a
1975 1533 2210 1616 quibus
2261 1538 2323 1599 et
2375 1534 2796 1600 deliberatum
2842 1555 2925 1600 ac

603 1631 1014 1696 observatum
1059 1629 1309 1710 existit,
1372 1630 1658 1713 qualiter
1701 1630 1938 1720 absque
1982 1631 2323 1696 Romanae
2369 1630 2555 1696 Sedis
2599 1632 2922 1696 Romani-

602 1748 729 1810 que
775 1725 1116 1808 Pontificis
1160 1749 1489 1809 consensu,
1543 1727 1770 1793 nullus
1814 1728 2220 1811 insurqentis
2267 1727 2748 1794 deliberationis
2792 1732 2922 1793 ter-

607 1823 829 1889 minus
884 1822 1169 1889 daretur.
1261 1823 1487 1909 Iyitur
1531 1844 1572 1889 a
1617 1823 1797 1890 vobis
1842 1823 2404 1907 Constantinopoli
2460 1829 2922 1909 conqreqatum

604 1919 980 2002 concilium,
1035 1926 1111 1986 ut
1154 1920 1387 1987 vestris
1432 1921 1729 2005 apicibus
1772 1920 2016 1987 nostris
2060 1920 2440 1987 intimatum
2467 1926 2580 1987 ⁴est
2621 1922 2918 2001 auribus,

603 2018 810 2101 liujus
855 2016 1099 2082 tenoris
1154 2018 1384 2084 seriem
1431 2019 1946 2101 parvipendens,
2001 2017 2080 2082 ab
2134 2017 2462 2084 institutis
2522 2018 2924 2102 supradictis

607 2133 877 2179 manum
925 2114 1463 2181 considerationis
1507 2135 1665 2181 suae
1708 2115 2026 2196 reflectere
2055 2133 2187 2179 non
2227 2114 2594 2197 trepidavit,
2641 2115 2796 2180 adeo
2843 2119 2922 2180 ut

609 2209 953 2293 anatium
996 2232 1201 2294 supra
1241 2213 1391 2295 jam
1437 2212 1814 2278 nominatae
1857 2210 2042 2276 urbis
2091 2210 2551 2293 patriarcham
2601 2211 2740 2277 sine
2784 2212 2920 2277 Ro-

605 2307 794 2373 mani
859 2308 1157 2373 consultu
1214 2308 1553 2390 Pontificis
1623 2308 1860 2374 ibidem
1930 2312 2144 2372 coetus
2205 2308 2585 2374 conveniens
2644 2309 2922 2391 proprio

595 2404 930 2488 privasset
982 2404 1294 2485 honore.2)
1387 2407 1466 2471 In
1521 2408 1651 2470 fine
1709 2406 2016 2490 epistolae
2063 2404 2365 2470 Nicolaus
2415 2407 2645 2471 iterum
2699 2414 2924 2471 monet

609 2502 1092 2587 Imperatorem,
1142 2507 1217 2568 ut
1262 2504 1593 2588 provincia
1638 2502 1904 2588 Illyrica
1932 2503 2187 2588 juribus
2234 2502 2766 2587 patriarchalibus
2811 2502 2925 2568 Se-

601 2600 705 2664 dis
770 2599 1099 2665 Romanae
1160 2598 1494 2677 reddatur,
1570 2605 1637 2665 et
1705 2601 2034 2684 episcopus
2084 2599 2672 2665 Thessalonicensis
2728 2603 2923 2685 juxt-a

601 2698 948 2780 antiquum
1014 2719 1254 2762 morem
1321 2697 1704 2762 admittatur
1766 2700 1841 2760 ut
1905 2695 2175 2760 vicarius
2244 2695 2424 2761 Sedis
2491 2697 2923 2780 Apostolicae,

608 2793 974 2878 pariterque
1020 2800 1094 2858 ut
1138 2794 1491 2859 reddantur
1535 2794 1834 2858 ecclesiae
1884 2792 2215 2859 Romanae
2272 2793 2660 2876 patrimonia
2704 2793 2925 2858 ablata

599 2891 678 2953 in
725 2888 1022 2954 Calabria
1082 2896 1148 2954 et
1209 2889 1457 2968 Sicilia,
1520 2894 1721 2974 utque
1783 2889 2175 2955 consecratio
2236 2889 2690 2974 archiepiscopi
2739 2889 2926 2972 Syra·

598 2986 826 3049 cusani
876 2987 1103 3051 exinde
1159 3010 1197 3051 a
1224 2985 1419 3051 1Sede
1468 2986 1760 3052 Romana
1809 2985 2239 3068 impendatur.
2303 3022 2390 3032 ·-
2445 2984 2923 3052 PhotiosNico-

606 3083 742 3146 laus
787 3083 1146 3147 breviorem
1193 3083 1529 3166 epistolam
1577 3083 1853 3166 scripsit.
1961 3081 2217 3146 Laudat
2261 3082 2720 3165 professionem
2768 3083 2925 3147 fidei

597 3179 1059 3259 orthodoxam,
1112 3179 1222 3244 sed
1268 3179 1469 3264 ipsius
1516 3179 2056 3244 consecrationem
2106 3200 2184 3242 ex
2229 3179 2390 3243 laico
2449 3182 2524 3242 ut
2565 3181 2921 3244 canonibus

601 3276 960 3358 oppositam
1000 3277 1241 3359 arguit3
1299 3275 1848 3342 confirmationem
1902 3296 2018 3358 pro
2065 3280 2354 3358 tempore
2406 3296 2540 3340 non
2586 3276 2921 3360 impendit,

603 3372 741 3451 eius
809 3376 1027 3436 tamen
1096 3394 1273 3456 spem
1341 3372 1499 3437 facit
1563 3371 1912 3437 secundum
1980 3372 2339 3455 legatorum
2407 3372 2626 3437 futura
2693 3373 2920 3439 relata.

601 3466 1043 3550 Quapropter,
1092 3469 1327 3553 inquit,
1374 3472 1622 3532 vestrae
1669 3466 2137 3532 consecrationi
2168 3466 2526 3532 consentire
2571 3468 2753 3533 modo
2784 3490 2921 3534 non

595 3584 975 3645 possumus,
1035 3563 1228 3628 donec
1285 3564 1497 3629 nostri
1561 3564 1676 3646 qui
1728 3584 1770 3628 a
1831 3562 2017 3628 nobis
2079 3562 2702 3646 Constantinopolim
2761 3570 2918 3631 sunt

595 3658 835 3724 directi
880 3664 1324 3741 revertantur,
1385 3660 1669 3744 qualiter
1702 3681 1826 3743 per
1871 3680 1972 3724 eos
2019 3680 2474 3743 coqnoscamus
2518 3665 2767 3726 vestrae
2811 3661 2913 3727 ob-

595 3756 993 3823 servationis
1060 3762 1245 3824 actus
1305 3763 1365 3823 et
1425 3755 1885 3824 ecclesiasticae
1941 3755 2255 3822 utilitatis
2322 3757 2784 3838 constantiam,
2853 3762 2915 3822 et

786 3929 828 3995 ¹)
869 3930 1047 3996 Epist.
1084 3936 1143 3985 9⁸
1174 3949 1259 4001 ap.
1296 3933 1481 3987 Labbe
1510 3933 1669 3986 VIII.
1709 3934 1829 4005 329.

782 4007 826 4074 2)
865 4009 1039 4063 Nicol.
1066 4026 1147 4077 ep.
1168 4015 1250 4079 2⁸3
1290 4029 1374 4079 ap.
1413 4011 1596 4066 Labbe
1624 4006 1780 4064 VIII.
1817 4013 1936 4063 270.
1975 4040 2045 4048 -
2070 4009 2239 4064 Vides
2268 4010 2432 4064 etiam
2461 4011 2550 4064 hic
2579 4011 2697 4079 jam
2731 4027 2780 4065 a.
2808 4013 2915 4064 860

594 4103 637 4139 a
673 4087 939 4142 Pontifice
977 4104 1041 4143 ea
1077 4091 1303 4158 proponi
1338 4090 1630 4159 principia,
1683 4105 1820 4156 quae
1858 4089 2132 4143 immerito
2171 4105 2203 4142 a
2241 4089 2561 4156 quibusdam
2598 4090 2914 4145 auctoribus

600 4166 802 4220 hausta
840 4167 1093 4221 dicuntur
1129 4186 1196 4224 ex
1231 4168 1854 4224 Pseudo-Decretalibus
1891 4167 2104 4222 Isidori.
