3270 5028
680 428 788 477 244
1032 423 1180 477 XVI.
1219 422 1427 477 Causae
1464 423 1703 478 celebres
1742 427 1799 477 et
1836 423 2151 478 Decretales
2191 424 2645 478 Pseudo-Isidori.

685 566 805 630 sati
853 565 1079 643 clerici,
1127 565 1422 629 videlicet
1451 564 1793 629 Wulfadus
1840 567 1903 627 et
1935 567 2065 628 tres
2113 564 2220 628 alii
2268 564 2555 639 canonici
2592 564 3000 631 Rhemenses

680 667 878 745 atque
936 661 1178 744 aliquot
1232 659 1860 743 monachiT‘synodo
1918 660 2393 744 supplicarunt,
2458 665 2532 725 ut
2585 661 2653 724 in
2701 663 2995 727 ordinem

681 780 940 823 suorum
990 758 1491 822 ministeriorum
1541 757 2075 833 restituerentur,
2123 758 2490 835 contestati,
2538 779 2605 821 se
2655 758 2823 822 bona
2867 758 3028 822 fide·

682 856 764 919 ab
812 854 1085 918 Ebbone
1132 853 1386 918 ordines
1431 854 1806 937 suscepisse3
1864 875 1931 917 se
1977 853 2149 916 enim
2203 854 2600 918 existimasse
2647 875 2779 918 rem
2829 855 3001 919 bene

685 952 946 1026 habere,
1008 972 1082 1013 eo
1128 950 1300 1033 quod
1357 951 1692 1025 sciverint,
1759 970 1902 1013 eum
1950 948 2032 1011 ab
2086 949 2398 1033 episcopis
2455 949 2521 1013 in
2572 950 2833 1014 ecclesia
2877 973 3002 1014 sua

685 1048 1053 1112 restitutum
1102 1047 1326 1128 fuisse,
1376 1047 1710 1130 ipsumque
1758 1044 2036 1110 viderint
2082 1046 2258 1109 nullo
2304 1045 2783 1110 contradicente
2825 1048 3000 1111 sole-

685 1144 924 1208 mniter
969 1165 1043 1207 ac
1098 1142 1356 1225 pacifice
1407 1164 1585 1207 sacra
1639 1142 2090 1207 celebrantem.
2186 1141 2575 1206 Petitionem
2631 1165 2809 1207 suam
2871 1143 3002 1207 ful-

684 1242 942 1305 ciebant
1009 1261 1264 1324 quoque
1308 1239 1408 1304 'eo
1481 1239 1796 1323 principio
1854 1240 2021 1322 juris
2088 1239 2410 1314 canonici,
2480 1240 2838 1323 episcopum
2912 1241 3001 1304 ab

535 1324 591 1387 f<
685 1338 902 1421 aliqua
945 1337 1190 1419 synodo
1237 1337 1378 1400 sine
1424 1333 1807 1401 auctoritate
1839 1335 2116 1399 Romani
2157 1335 2492 1400 Pontificis
2536 1358 2667 1400 non
2713 1338 3003 1421 potuisse

686 1434 919 1517 deponi
981 1431 1581 1514 (Pseudo-Isidor.),
1647 1432 1930 1516 adeoque
1990 1430 2275 1496 Ebbonis
2334 1433 2797 1516 depositionem
2858 1454 3001 1498 non

687 1532 884 1594 fuisse
931 1529 1303 1613 legitimam.
1394 1529 1709 1593 Attamen
1758 1527 2144 1592 Hincmarus
2203 1550 2346 1593 cum
2398 1530 2539 1594 aliis
2590 1529 2818 1612 synodi
2865 1530 3004 1613 epi-

669 1612 887 1727 spscopis
934 1624 1245 1700 decrevit,
1303 1630 1377 1689 ut
1426 1624 1770 1690 Wulfadus
1823 1625 2083 1708 ejusque
2133 1626 2286 1689 socii
2342 1625 2647 1710 gradibus
2700 1627 3002 1692 ecclesia-

668 1724 861 1787 ,sticis
909 1723 1143 1805 privati
1192 1726 1548 1787 manerent.

520 1850 540 1879 ³
864 1846 967 1908 28.
1014 1842 1402 1907 Hincmarus
1448 1843 1700 1908 studuit
1745 1865 1783 1906 a
1810 1843 1970 1908 Sede
2001 1841 2380 1926 Apostolica
2426 1845 2718 1909 obtinere
2766 1844 3004 1928 synodi

688 1941 1256 2021 confirmationem,
1306 1940 1473 2005 forte
1519 1941 1639 2005 hac
1685 1942 1753 2004 in
1802 1962 1868 2004 re
1913 1941 2459 2024 pariter⁴sequens
2505 1943 2789 2026 regulam
2829 1942 3006 2026 juris

689 2043 757 2103 in
837 2037 1084 2102 Pseudo
1109 2072 1137 2083 -
1163 2036 1605 2101 Decretalibus
1688 2041 2081 2102 contentam.
2201 2032 2325 2101 Sed
2397 2038 2617 2103 renuit
2693 2037 3004 2103 Pontifex

693 2136 824 2200 Leo
868 2133 1005 2209 IV„
1052 2139 1191 2196 tum
1242 2133 1409 2216 quod
1456 2138 1598 2198 acta
1643 2133 1816 2198 illius
1860 2132 2086 2217 synodi
2134 2155 2268 2197 non
2316 2133 2597 2199 fuissent
2641 2135 2719 2198 ad
2767 2134 3001 2200 Sedem

696 2231 1123 2314 Apostolicam
1194 2230 1599 2312 transmissa,
1669 2234 1807 2293 tum
1873 2230 2041 2315 quod
2106 2229 2450 2294 Wulfadus
2483 2228 2778 2316 'ejusque
2847 2231 3006 2295 socii

695 2350 807 2411 per
845 2327 1135 2410 proprias
1197 2325 1447 2389 litteras
1507 2325 1795 2390 eamdem
1834 2324 2068 2398 Sedem
2121 2320 2574 2410 appellassent.
2666 2328 3009 2411 Praecepit

694 2428 911 2488 autem
979 2422 1109 2487 Leo
1171 2421 1373 2505 Papa,
1443 2427 1518 2486 ut
1573 2422 1963 2488 Hincmarus
2025 2445 2168 2487 cum
2232 2423 2416 2487 dictis
2480 2423 2723 2489 clericis
2783 2445 3006 2506 recur-⁴

695 2525 868 2586 reret
927 2521 1006 2584 ad
1063 2519 1403 2603 synodum,
1464 2520 1544 2583 ad
1604 2543 1795 2605 quam
1856 2522 1994 2604 ipse
2057 2520 2319 2585 Petrum
2380 2521 2738 2604 episcopum
2786 2519 3009 2604 Spole·

695 2626 921 2683 tanum
985 2640 1017 2681 e
1079 2618 1277 2681 latere
1340 2619 1586 2702 legaret
1647 2618 1726 2682 ad
1791 2618 2232 2683 renovandum
2296 2618 2431 2683 vice
2493 2640 2608 2681 sua
2669 2618 3006 2702 judicium,

696 2719 787 2779 ita
835 2714 1109 2798 quidem,
1152 2717 1227 2777 ut
1272 2714 1325 2777 si
1370 2715 1436 2777 in
1491 2736 1565 2778 ea
1619 2714 2082 2797 depositionem
2139 2714 2573 2798 praefatorum
2630 2715 3008 2780 clericorum

696 2811 1059 2875 confirmari
1111 2810 1543 2895 contingeret,
1611 2814 1678 2874 et
1732 2811 1826 2874 illi
1882 2809 2111 2875 iterum
2169 2811 2248 2874 ad
2296 2811 2732 2894 Apostolicam
2778 2808 3010 2875 Sedem

700 2908 1126 2992 appellarent,
1193 2906 1319 2970 illis
1372 2907 1633 2972 licentia
1691 2908 1769 2971 ad
1828 2929 1967 2972 eam
2024 2907 2327 2971 veniendi
2374 2907 2857 2985 concederetur,
2921 2929 3010 2972 ne

701 3004 983 3087 ejusdem
1053 3025 1268 3067 sacrae
1332 3002 1511 3068 Sedis
1574 3004 2032 3068 dissolveretur
2105 3002 2538 3086 privilegium3
2619 3003 3010 3069 Hincmarus

699 3101 801 3165 vel
848 3101 985 3184 ejus
1034 3106 1410 3182 procurator
1466 3122 1610 3164 cum
1659 3100 1782 3164 illis
1829 3099 2098 3163 Romam
2154 3099 2434 3176 veniret,
2496 3104 2819 3183 quatenus
2875 3101 3011 3164 col·-

700 3198 831 3261 lato
877 3218 1019 3260 cum
1068 3196 1372 3260 fratribus
1417 3197 1547 3261 suis
1598 3197 1907 3280 episcopis
1956 3197 2249 3271 consili0,
2309 3201 2577 3279 utraque
2623 3201 2806 3281 parte
2853 3219 3009 3260 con-

701 3294 1019 3368 veniente,
1069 3314 1260 3356 causa
1306 3314 1344 3355 a
1388 3297 1611 3357 sancta
1659 3291 1818 3357 Sede
1863 3291 2227 3372 finiretur.¹)

428 3429 583 3498 ,Betw-
880 3420 982 3480 29.
1056 3415 1253 3479 Anno
1319 3415 1442 3478 855
1525 3414 1832 3480 defuncto
1902 3415 2103 3479 Leoni
2174 3415 2288 3479 IV.
2369 3416 2669 3480 successit
2737 3415 3007 3479 Bene-di·

392 3488 538 3530 dmm
566 3489 653 3530 ω’
703 3521 842 3579 ctus
891 3513 1035 3590 111„
1096 3516 1161 3575 et
1207 3513 1288 3575 ab
1335 3533 1409 3575 eo
1454 3511 1845 3576 Hincmarus
1902 3509 2412 3577 conditionatam
2454 3511 3008 3576 confirmationem

702 3610 928 3694 synodi
990 3608 1395 3690 impetravit,
1465 3607 1791 3684 videlicet,
1858 3608 1908 3671 si
1981 3608 2197 3672 omnia
2255 3606 2703 3673 se‘haberent
2767 3609 2862 3672 uti
2925 3608 3008 3671 ab

701 3710 839 3791 ipso
896 3704 1186 3787 exposita
1244 3699 1504 3786 erant.²)
1601 3703 1730 3768 Per
1789 3704 2227 3788 obreptionem
2291 3706 2485 3769 etiam
2544 3728 2583 3767 a
2637 3701 2906 3768 Nicolao
2952 3704 3007 3767 Ι.

882 3911 924 3977 ¹)
972 3911 1078 3963 Cfr.
1126 3911 1285 3979 Pagii
1334 3912 1520 3966 Critic.
1566 3913 1765 3966 Baron.
1814 3913 1882 3966 ad
1931 3929 1979 3966 a.
2018 3915 2121 3966 853
2170 3930 2222 3966 n.
2269 3915 2326 3980 33
2374 3912 2585 3966 Nicolai
2637 3913 2681 3966 Ι.
2728 3912 2888 3979 epist.
2938 3913 3004 3965 ad

703 3992 1053 4046 Hincmarum
1091 3990 1451 4046 Rhemensem
1488 3991 1674 4044 datam
1712 4008 1759 4045 a.
1799 3995 1919 4057 866,
1956 4009 2040 4060 ap.
2078 3992 2264 4046 Labbe
2301 3993 2363 4045 Τ.
2402 3992 2557 4045 VIII.
2597 3991 2696 4046 col.
2735 3994 2855 4046 851.
2893 4021 2898 4030 ·

882 4068 922 4134 ²)
965 4068 1352 4137 „Definitiones
1388 4069 1756 4124 fraternitatis
1794 4075 1921 4125 tuae
1959 4076 2016 4125 et
2053 4075 2386 4125 caeterorum
2424 4071 2825 4139 episcoporum,
2874 4086 3009 4138 quas

703 4149 758 4203 in
797 4148 1046 4216 praefata
1083 4148 1289 4215 synodo
1327 4147 1645 4216 apostolicis
1684 4150 2062 4217 canonicisque
2089 4150 2505 4205 auctoritatibus
2542 4149 2773 4218 propriis
2814 4151 3012 4219 digitis
