3270 5028
599 1353 1314 1475 Dissertatio
1380 1353 1865 1473 decima
1935 1360 2320 1475 sexta.

310 1578 438 1659 De
495 1574 852 1678 aliquot
906 1577 1200 1659 causis
1257 1575 1918 1660 celebrioribus
1966 1578 2325 1660 saeculo
2380 1599 2618 1661 nono

313 1691 706 1791 agitatiS,
739 1713 838 1774 ac
858 1691 965 1772 (le
992 1691 1625 1774 Decretalibus
1647 1691 2614 1775 Pseudo-Isidorianis.

493 2042 548 2106 1.
613 2039 913 2104 Carolum
975 2026 1285 2125 Ma‘gnum
1353 2063 1484 2104 non
1547 2041 1755 2105 solum
1819 2041 2202 2106 fortitudine
2262 2040 2490 2106 bellica
2555 2046 2620 2106 et
2640 2033 2956 2137 Issjrssffgmfff

309 2136 585 2220 sapienti
614 2136 1176 2201 administratione
1207 2157 1549 2221 regnorum
1583 2138 1946 2214 eminuisse,
1994 2138 2102 2202 sed
2136 2137 2378 2223 insigni
2427 2140 2615 2202 etiam

309 2232 737 2298 sollicitudine
783 2234 1169 2316 promovisse
1212 2234 1603 2313 litterarum,
1651 2236 2065 2299 scientiarum
2109 2239 2172 2299 et
2204 2235 2435 2300 artium
2485 2241 2616 2300 stu·

309 2329 512 2411 dium,
587 2334 726 2394 tum
789 2331 1031 2408 coaevi,
1109 2334 1248 2393 tum
1312 2335 1601 2396 auctores
1665 2332 2188 2416 subsequentium
2257 2338 2621 2416 temporum

312 2448 550 2511 magna
596 2449 738 2491 cum
795 2426 979 2492 laude
1035 2428 1341 2492 referunt.
1433 2427 1845 2512 Eginbardus
1899 2428 2217 2492 concinna
2270 2428 2621 2493 brevitate:

312 2523 509 2587 Artes
568 2522 889 2603 liberales,
953 2526 1206 2603 scribit,
1268 2523 1739 2590 studiosissime
1798 2523 2030 2603 coluit;
2098 2545 2449 2608 earumque
2513 2525 2619 2590 do-

310 2624 513 2685 ctores
584 2619 953 2703 plurimum
1030 2624 1377 2685 veneratus
1443 2620 1703 2704 maqm‘s
1779 2621 2106 2704 afficiebat
2188 2621 2621 2706 honoribus.¹)

310 2718 397 2783 Et
456 2740 610 2783 sane
671 2719 738 2781 in
801 2718 1068 2783 urbibus
1129 2722 1195 2781 et
1251 2719 1430 2803 pagis
1494 2718 1744 2783 scholas
1808 2720 2071 2783 excitari
2133 2721 2411 2795 curavit3
2478 2741 2620 2793 cum

308 2816 616 2899 episcopis
678 2821 742 2878 et
811 2814 1155 2879 abbatibus
1224 2817 1359 2898 egit
1421 2816 1498 2879 ad
1565 2815 1902 2898 erigendas
1971 2837 2298 2879 sacrarum
2367 2816 2623 2880 littera-

309 2934 453 2975 rum
517 2917 582 2976 et
651 2910 1130 2994 disciplinarum
1199 2911 1446 2975 scholas
1515 2912 1580 2974 in
1652 2912 1931 2976 ecclesiis
2007 2911 2479 2976 cathedralibus
2558 2917 2624 2975 et

310 3007 748 3082 monasteriis3
816 3007 1235 3072 bibliothecas
1299 3009 1652 3071 existentes
1713 3008 1896 3071 auxit
1964 3029 2291 3091 novasque
2361 3008 2621 3085 creavit,

311 3104 480 3168 viros
544 3103 822 3168 eruditos
886 3103 952 3167 in
1018 3126 1202 3169 suum
1268 3125 1542 3188 regnum
1608 3104 1926 3183 evocavit,
1990 3105 2329 3188 magistros
2387 3105 2627 3169 consti-

311 3201 474 3284 tuit,
537 3201 823 3284 praemio
870 3204 935 3264 et
990 3201 1235 3264 honore
1283 3201 1512 3266 affecit.
1604 3201 1907 3276 Quamvis
1962 3205 2180 3264 autem
2227 3199 2438 3264 Caroli
2484 3221 2624 3264 suc·

215 3364 224 3376 ‚
312 3318 589 3361 cessores
635 3295 1060 3361 haudeodem
1105 3297 1354 3361 fervore
1402 3318 1474 3360 ac
1515 3298 1650 3381 ipse
1679 3297 1798 3361 hac
1841 3298 1913 3361 in
1959 3318 2027 3361 re
2067 3296 2340 3380 praediti
2388 3302 2624 3373 essent,

314 3415 434 3458 nec
475 3392 805 3458 Ludovico
848 3394 963 3457 Pio
1006 3399 1225 3458 tamen
1274 3416 1388 3458 nec
1436 3393 1628 3477 hujus
1672 3394 1820 3457 filiis
1879 3394 2158 3459 studium
2213 3393 2625 3476 promovendi

314 3491 567 3555 litteras
613 3490 875 3573 penitus
923 3490 1149 3554 defuit.
1241 3489 1430 3554 Unde
1475 3492 1686 3554 aetate
1729 3488 1849 3554 illa
1899 3488 2209 3555 Carolina
2256 3513 2388 3556 non
2440 3491 2626 3574 pauci

314 3587 675 3652 floruerunt
729 3589 849 3652 viri
912 3587 1084 3652 docti
1146 3593 1213 3650 et
1274 3588 1342 3651 in
1414 3587 1764 3671 disciplinis
1824 3588 2015 3654 sacris
2082 3592 2278 3671 atque
2337 3587 2629 3672 profanis

317 3685 481 3749 bene
544 3686 810 3762 versati,
873 3706 990 3748 nec
1055 3684 1319 3748 minima
1382 3682 1539 3747 haec
1603 3690 1705 3748 est
1769 3683 2160 3748 Francorum
2225 3683 2397 3748 illius
2461 3687 2626 3746 tem·

317 3781 487 3866 poris
532 3781 756 3865 gloria.

493 3877 555 3939 2.
618 3878 722 3942 Ex
784 3877 902 3940 hac
962 3899 1113 3942 vero
1176 3876 1437 3942 florenti
1498 3877 1861 3942 litterarum
1927 3898 2000 3941 ac
2059 3875 2419 3941 studiorum
2476 3896 2628 3939 con-

319 3973 563 4040 ditione
610 3976 857 4054 evenit,
912 3978 987 4039 ut
1033 3996 1169 4038 non
1215 3975 1423 4038 solum
1476 3974 1542 4038 in
1602 3974 2050 4039 controversiis
2109 3972 2254 4036 aliis
2301 3973 2369 4035 in
2422 3970 2630 4055 regio·

500 4198 544 4267 ¹)
581 4197 841 4251 Einharti
875 4197 1010 4253 Vita
1059 4196 1241 4253 Caroli
1291 4215 1333 4251 c.
1373 4197 1544 4252 XXV.
1582 4197 1685 4266 Ap.
1733 4196 1876 4251 Jaffe
1920 4196 2157 4251 Monum.
2197 4194 2372 4249 Carol.
2417 4210 2469 4261 p.
2509 4195 2633 4247 531.
