3270 5028
1155 418 1538 473 Controversia
1571 418 1630 473 in
1669 417 1865 473 Gallia.
2595 423 2659 473 73

351 559 728 635 numinum,
791 562 884 624 ita
935 562 1074 645 jam
1134 561 1527 645 imaginibus
1588 563 1782 626 sacris
1840 561 2085 625 cultum
2145 562 2661 644 superstitiosum

350 654 823 738 impenderent.
914 656 1038 722 Sed
1085 657 1451 723 idololatria
1507 659 1767 741 penitus
1824 659 2145 722 exstincta
2202 662 2270 721 et
2316 658 2664 723 christiana

351 751 662 835 religione
705 753 981 832 firmata,
1012 754 1160 818 tale
1204 754 1557 837 periculum
1601 755 1859 838 penitus
1907 753 2153 819 aberat.
2243 758 2461 837 Atque
2506 754 2664 819 fide-

350 848 442 912 les
491 849 688 912 etiam
735 848 1050 929 rudiores,
1105 850 1237 915 suis
1282 855 1498 915 tamen
1546 850 1693 915 fidei
1739 851 2067 934 principiis
2111 850 2343 915 imbuti
2393 856 2460 917 et
2506 874 2663 916 sana

349 946 603 1010 ratione
671 946 875 1023 ducti,
944 947 1139 1010 sacris
1207 947 1592 1031 imaginibus
1658 969 1794 1011 eam
1863 952 2118 1012 tantum
2182 949 2659 1013 venerationem

349 1043 770 1125 praestabant
828 1042 1226 1118 inferiorem,
1290 1043 1691 1129 analogicam
1749 1049 1815 1108 et
1870 1044 2237 1120 relativam,
2296 1066 2458 1128 quae
2509 1045 2662 1128 ipsis

352 1140 673 1215 convenit,
721 1140 878 1222 quin
924 1140 1004 1204 iis
1053 1160 1209 1224 opus
1254 1145 1426 1204 esset
1469 1139 1996 1205 distinctionibus
2042 1140 2273 1223 doctis,
2322 1162 2488 1224 quae
2534 1163 2661 1205 me·

349 1236 475 1300 rito
522 1259 561 1301 a
605 1236 924 1320 theologis
981 1235 1370 1301 adhibentur
1425 1242 1492 1302 et
1544 1236 1833 1302 adhiberi
1885 1236 2151 1314 debent,
2212 1259 2355 1302 cum
2401 1239 2664 1303 scienti-

350 1334 467 1398 fica
511 1334 767 1398 ratione
814 1332 891 1396 de
932 1334 1074 1398 istis
1116 1333 1598 1417 quaestionibus
1644 1337 1949 1398 tractant.

527 1431 632 1495 85.
693 1430 817 1494 Per
856 1452 924 1495 se
968 1453 1119 1495 vero
1173 1432 1300 1495 ista
1344 1431 1677 1496 veneratio
1732 1435 1963 1514 sponte
2017 1431 2456 1514 consequitur,
2515 1429 2661 1494 dum

348 1527 664 1610 imagines
721 1526 803 1592 ob
858 1528 1229 1593 memoriam
1286 1531 1351 1591 et
1405 1549 1690 1592 amorem
1737 1526 2122 1592 Sanctorum
2179 1531 2658 1592 conservantur.

348 1622 890 1699 Quemadmodum
959 1624 1129 1688 filius
1197 1624 1310 1707 qui
1376 1624 1457 1689 ob
1531 1625 1732 1707 patris
1803 1624 2176 1689 memoriam
2246 1628 2313 1687 et
2381 1645 2660 1688 amorem

350 1721 489 1804 ejus
559 1719 757 1785 habet
823 1720 1169 1806 imaginem
1189 1767 1204 1796 ,
1271 1719 1440 1784 hanc
1508 1719 1749 1786 honore
1817 1722 2090 1805 quodam
2160 1721 2331 1785 civili
2399 1721 2658 1798 afficiet,

284 1875 294 1885 .
347 1818 439 1880 ita
506 1818 699 1881 etiam
758 1817 1175 1882 veneratione
1236 1814 1542 1898 reliqiosa
1609 1822 1838 1900 sponte
1913 1817 2280 1882 afficientur
2346 1817 2660 1902 imagines

348 1912 757 1990 Sanctorum3
822 1913 981 1978 haec
1046 1935 1124 1978 ex
1190 1913 1407 1978 indole
1475 1914 1572 1977 rei
1639 1913 1867 1977 intime
1936 1935 2107 1977 nexa
2175 1918 2274 1978 est
2334 1935 2476 1979 cum
2542 1936 2658 1978 usu

349 2032 568 2075 earum
625 2010 708 2075 ob
762 2011 1131 2074 memoriam
1188 2014 1254 2074 et
1314 2030 1596 2074 amorem
1655 2007 2059 2074 Sanctorum.
2152 2009 2340 2074 Unde
2393 2009 2660 2074 Hadria·
2687 2054 2696 2109 ¹

348 2129 470 2170 nus
518 2107 631 2191 qui
677 2106 1134 2190 comprobabat
1179 2106 1537 2171 doctrinam
1587 2105 1855 2171 Concilii
1894 2105 2183 2187 Nicaeni‚
2230 2108 2490 2191 quando
2538 2106 2694 2172 Ca-

347 2204 636 2287 pitularii
685 2204 854 2288 quod
903 2202 1073 2268 Galli
1118 2207 1553 2287 opposuerant
1600 2203 1904 2268 ultimum
1950 2203 2111 2267 citat
2157 2203 2544 2288 capitulum,
2590 2204 2658 2267 in

348 2322 476 2384 quo
531 2301 920 2383 profitentur
974 2322 1042 2364 se
1103 2300 1285 2384 sequi
1340 2321 1527 2364 sensa
1576 2298 1871 2384 Gregorii
1918 2299 2003 2366 M.
2068 2303 2134 2364 et
2190 2321 2446 2364 servare
2503 2301 2661 2364 ima-

347 2397 531 2482 gines
576 2401 842 2509 propter
886 2418 1168 2462 amorem
1216 2396 1339 2460 Dei
1397 2400 1465 2460 et
1509 2394 1889 2461 Sanctorum
1946 2399 2113 2481 ejus,
2172 2419 2306 2461 rem
2352 2397 2634 2480 approba

346 2494 757 2579 perspiciens,
807 2493 1015 2578 quoad
1062 2493 1492 2558 substantiam
1542 2496 1609 2556 et
1656 2493 1898 2578 quoad
1907 2496 2168 2580 praxim
2208 2494 2343 2559 fere
2376 2401 2682 2630 eamdeni)

349 2614 485 2656 esse
550 2591 882 2657 Gallorum
947 2597 1014 2655 et
1080 2590 1507 2655 Orientalium
1573 2592 1983 2658 sententiam.
2085 2591 2228 2655 Hoc
2279 2609 2540 2655 sacrum
2602 2594 2664 2654 et

348 2687 787 2753 venerandum
834 2685 1213 2770 capitulum,
1260 2687 1512 2765 scribit,
1569 2686 1848 2752 multum
1894 2687 2097 2753 distat
2141 2707 2183 2753 a
2230 2686 2383 2752 totis
2428 2706 2659 2769 supra-

347 2784 538 2850 dictis
598 2783 920 2866 capitulis.
1025 2783 1118 2848 Et
1177 2782 1417 2848 idcirco
1484 2804 1627 2848 cum
1691 2783 2077 2867 aqnovimus
2137 2788 2386 2849 vestrae
2431 2803 2472 2848 a
2521 2783 2661 2849 Deo

346 2885 641 2946 servatae
686 2880 1200 2962 orthodoxaeque
1244 2879 1486 2963 reyalis
1531 2880 1942 2946 excellentiae
1987 2901 2119 2945 esse
2151 2880 2533 2963 proprium,
2586 2880 2660 2945 in

347 2998 416 3043 eo
461 2977 577 3044 ubi
620 2982 831 3043 rectae
869 2976 1022 3058 fidei
1058 2977 1258 3059 plena
1293 2975 1564 3059 penitus
1604 2977 1898 3060 confessa
1943 2982 2036 3042 est
2080 2997 2341 3042 sensum
2387 2974 2659 3041 sanctis-

345 3074 499 3140 simi
556 3073 862 3158 Greqorii
906 3072 1104 3155 sequi.
1151 3110 1240 3119 —
1284 3078 1380 3140 Ac
1427 3097 1788 3152 censemus,
1834 3096 2058 3140 revera
2103 3096 2177 3139 eo
2224 3079 2541 3156 tempore,
2587 3078 2662 3138 ut

346 3178 599 3255 postea,
656 3174 874 3237 fideles
921 3171 1170 3236 Galliae
1227 3193 1470 3236 sacram
1520 3172 2009 3236 venerationem
2069 3170 2461 3255 imaginibus
2514 3171 2658 3253 qui-

346 3271 465 3335 bus
511 3269 865 3350 utebantur
911 3268 1294 3345 exhibuisse,
1342 3269 1631 3351 quamvis
1678 3268 2173 3333 consuetudines
2207 3266 2659 3344 Orientalium,

345 3367 458 3450 qui
505 3367 759 3444 osculiS,
811 3365 1393 3449 genuflexionibus,
1450 3367 1711 3430 incenso
1760 3368 1825 3429 et
1874 3364 2299 3429 luminaribus
2344 3364 2660 3448 imagines

347 3485 561 3527 sacras
609 3464 933 3537 colebant,
992 3463 1206 3526 minus
1262 3462 1333 3525 in
1391 3483 1505 3525 usu
1568 3467 1782 3526 essent
1834 3462 1906 3526 in
1954 3459 2243 3545 Gallia.¹)
2333 3459 2454 3525 Sed
2509 3461 2658 3526 talis

527 3688 569 3753 ¹)
606 3687 905 3755 Antiquam
943 3693 1127 3740 tamen
1170 3687 1340 3741 fuisse
1389 3686 1835 3742 consuetudinem
1881 3686 2210 3740 accendendi
2245 3685 2534 3739 luminaria
2572 3701 2658 3739 co-

346 3781 461 3819 ram
515 3765 871 3834 imaginibus,
933 3766 1163 3833 colliges
1221 3782 1287 3819 ex
1341 3765 1466 3819 istis
1521 3766 1770 3820 versibus
1824 3765 2115 3819 Fortunati
2176 3765 2233 3818 in
2288 3764 2537 3818 Carmine
2591 3766 2658 3818 de

348 3845 399 3898 S.
438 3845 702 3898 Martino:
756 3845 894 3912 „Hic
929 3844 1106 3912 paries
1148 3844 1352 3900 retinet
1397 3846 1572 3899 sancti
1614 3846 1712 3898 sub
1753 3844 1993 3912 imagine
2029 3843 2273 3910 formam,
2322 3874 2388 3882 —
2441 3844 2658 3911 Ample-

346 3924 546 3979 ctenda
582 3923 703 3992 ipso
738 3923 885 3976 dulci
930 3922 1145 3990 pictura
1184 3924 1376 3978 colore.
1414 3954 1483 3961 —
1521 3923 1628 3977 Sub
1674 3924 1902 3992 pedibus
1933 3923 2073 3992 Justi
2120 3923 2299 3991 paries
2336 3923 2501 3977 habet
2538 3927 2657 3977 arte

344 4002 659 4068 fenestram,
696 4033 764 4039 —
800 4002 1055 4069 Lychnus
1094 4004 1276 4069 adest,
1315 4003 1468 4071 cujus
1504 4002 1686 4056 vitrea
1722 4007 1882 4055 natat
1918 4001 2066 4070 ignis
2103 4000 2161 4053 in
2198 4002 2381 4054 urna.“
2456 4001 2519 4056 L.
2557 4001 2654 4055 IV.

346 4082 403 4134 in
439 4081 563 4135 fine.
601 4110 667 4119 —
704 4081 1011 4135 Venantius
1048 4081 1383 4135 Fortunatus
1431 4082 1507 4135 ibi
1546 4081 1808 4135 describit
1857 4079 2116 4135 sacellum
2155 4079 2205 4133 S.
2244 4080 2471 4133 Martini
2515 4082 2656 4147 quod

346 4160 645 4215 Ravennae
693 4161 946 4214 exstabat
993 4160 1050 4213 in
1099 4161 1332 4215 ecclesia
1380 4161 1464 4214 Ss.
1501 4160 1734 4214 Joannis
1785 4165 1841 4215 et
1891 4159 2075 4224 Pauli,
2127 4159 2216 4212 ubi
2269 4165 2324 4213 et
2375 4158 2492 4225 ipse
2533 4175 2655 4213 ocu-
