3270 5028
353 598 562 651 Quaestio
610 598 662 642 de

397 660 619 702 confirma-

441 721 570 763 tione.

682 462 787 513 374
1363 459 1542 512 XVII.
1579 460 1663 514 De
1702 459 1997 514 schismate
2032 460 2317 515 Photiano.

859 600 963 666 67.
1009 601 1289 666 Tantum
1336 601 1413 664 de
1463 623 1538 665 ea
1570 601 1786 666 Photii
1831 603 2235 667 accusatione
2266 624 2470 685 pauca
2515 602 2818 678 dicamUS‚
2873 624 3016 684 qua

684 698 1103 783 conqueritur
1157 719 1394 780 magno
1441 698 1695 776 furore,
1758 722 1796 764 a
1844 699 2067 763 latinis
2118 700 2513 782 presbyteris
2567 702 2635 762 in
2682 695 3017 782 Bulgaria

681 796 860 880 rejici
908 795 1458 859 confirmationem
1505 818 1552 857 a
1610 796 2000 878 presbyteris
2046 796 2288 887 graecis
2341 796 2639 860 collatam
2686 800 2761 859 ut
2806 796 3012 859 inva-

682 892 898 974 lidam,
939 913 1207 975 eamque
1254 913 1497 955 sacram
1542 893 1918 957 unctionem
1960 892 2041 955 ab
2086 893 2213 956 illis
2258 894 2485 975 repeti.
2576 891 2774 956 Forte
2822 894 3011 975 ejus-

681 987 853 1053 modi
908 988 1150 1052 factum
1203 987 1611 1071 adscripseris
1658 989 2203 1053 missionariorum
2267 989 2522 1053 illorum
2566 988 2800 1073 errori,
2863 1009 3015 1070 quo

680 1086 930 1168 opinati
974 1086 1127 1161 sint,
1174 1085 1730 1149 confirmationem
1765 1107 1802 1147 a
1842 1086 2232 1168 presbyteris
2270 1107 2601 1167 nunquam
2634 1085 2841 1148 valide
2896 1083 3011 1147 ad·

681 1182 1056 1246 ministrari.
1146 1180 1339 1245 Haud
1385 1184 1605 1244 tamen
1653 1203 1983 1245 censemus
2030 1181 2199 1245 hanc
2246 1182 2442 1245 fuisse
2488 1184 2829 1257 rationem,
2885 1202 3017 1245 cur

680 1278 1028 1343 invalidam
1085 1280 1275 1341 istam
1332 1278 1882 1342 confirmationem
1947 1278 2170 1343 Latini
2230 1278 2608 1352 habuerint3
2669 1278 2781 1343 sed
2845 1278 3011 1353 alia,

683 1398 883 1459 eaque
952 1374 1153 1439 solida
1220 1375 1489 1439 fuerunt
1551 1374 1708 1458 ipsis
1775 1376 2034 1439 motiva.
2147 1374 2242 1438 Ea
2305 1374 2382 1437 de
2447 1397 2518 1438 re
2578 1375 2799 1439 scribit
2850 1374 3009 1437 Em.

681 1470 1202 1556 Hergenriither:
1280 1470 1534 1548 „Quum
1609 1469 2039 1555 Bulgarorum
2112 1474 2289 1555 regio
2369 1471 2890 1536 consideraretur
2971 1494 3014 1535 a

685 1568 938 1632 Latinis
991 1573 1066 1631 ut
1121 1567 1409 1651 subjecta
1468 1568 1931 1650 patriarchatui
1985 1567 2311 1645 Romane,
2374 1575 2696 1652 quumque
2752 1570 2816 1632 in
2875 1568 3014 1632 hoc

682 1664 1118 1749 patriarchatu
1154 1664 1476 1728 ordinarie
1521 1665 1920 1728 confirmatio
1951 1665 2229 1729 conferri
2273 1687 2408 1729 non
2455 1675 2688 1749 posset,
2737 1667 2866 1729 nisi
2917 1666 3015 1729 ab

685 1763 1009 1845 episcopis,
1055 1760 1356 1825 videntur
1400 1760 1550 1824 inde
1593 1761 1892 1825 intulisse
1941 1761 2191 1841 Latini-‚
2247 1763 2765 1845 presbyterorum
2811 1784 3015 1846 grae-

684 1881 897 1923 corum
954 1858 1507 1923 confirmationem
1556 1858 1832 1922 validam
1887 1859 1978 1922 ibi
2024 1881 2155 1923 non
2203 1880 2340 1922 esse
2396 1858 2775 1923 habendam.
2871 1860 3012 1921 Ac·

684 1955 978 2030 cedebat,
1036 1955 1209 2038 quod
1255 1955 1612 2038 presbyteri
1658 1956 1752 2020 illi
1801 1960 2016 2019 essent
2055 1955 2397 2020 manifeste
2445 1955 2776 2029 Photiani‚
2840 1978 3010 2038 quo-

683 2074 827 2116 rum
872 2051 1191 2116 ordinatio
1237 2074 1315 2115 ex
1349 2052 1619 2115 decretis
1652 2050 1903 2116 Nicolai
1945 2053 2370 2136 rejiciebatur.
2441 2052 2784 2117 Praeterea
2824 2073 3016 2131 vern,

683 2149 1201 2233 idque-maximi
1262 2149 1571 2213 momenti
1632 2148 2029 2225 habendum,
2103 2151 2504 2214 confirmatio
2565 2151 2797 2215 collata
2858 2159 3017 2212 erat

687 2245 1026 2311 chrismate
1057 2269 1094 2309 a
1128 2244 1363 2309 Photio
1398 2251 1800 2329 consecrat03
1848 2245 2395 2311 consecrationem
2428 2246 2790 2310 chrismatis
2823 2248 3018 2309 enim

689 2342 960 2425 antiqua
1007 2341 1471 2406 consuetudine
1517 2344 1586 2405 in
1630 2341 1899 2424 Oriente
1946 2342 2350 2426 patriarchae
2393 2344 2516 2407 sibi
2560 2343 3013 2408 reservabant.

581 2501 600 2521 ,
689 2436 1143 2521 Metrophanes
1190 2438 1424 2501 diserte
1464 2438 1648 2512 dicit,
1705 2461 1741 2501 a
1791 2438 2042 2502 Latinis
2097 2437 2379 2502 chrisma
2422 2438 2642 2504 Photii
2697 2461 2836 2503 esse
2897 2460 3010 2501 re-

379 3056 569 3100 Orientis
596 3057 658 3099 di-

415 3119 610 3173 sciplina.

681 2537 959 2620 jectum,
1018 2536 1493 2616 ἀπεδοκίμασαν
1547 2543 1660 2597 τοῦ
1715 2536 1963 2599 Φωτίου
2023 2536 2092 2598 τὸ
2137 2533 2419 2620 μύρον.1)
2513 2535 2580 2600 Si
2637 2535 3017 2619 presbyteri

688 2631 879 2695 latini
927 2631 1143 2694 Photii
1187 2630 1463 2695 chrisma
1509 2633 1952 2714 agnovissent,
2009 2654 2082 2696 eo
2128 2634 2267 2715 ipso
2327 2636 2519 2696 etiam
2576 2633 3010 2716 agnovissent

692 2749 836 2791 eum
879 2733 953 2791 ut
999 2724 1566 2811 patriarcham.“²)
1657 2726 1910 2792 Similes
1964 2729 2251 2793 rationes
2298 2730 2662 2793 afferuntur
2705 2752 2742 2792 a
2791 2728 3007 2791 Bene-

690 2824 859 2888 dicto
906 2825 1108 2903 XIV„
1156 2847 1355 2908 quum
1401 2825 1499 2888 De
1533 2823 1770 2907 Synod.
1814 2824 1884 2888 L.
1919 2824 2068 2891 VII.
2117 2848 2166 2890 c.
2214 2826 2336 2890 IX.
2383 2849 2444 2888 n.
2492 2827 2553 2890 3.
2592 2826 2759 2891 hanc
2806 2847 3009 2909 quae-

688 2922 963 2986 stionem
1008 2922 1242 3004 tangit.

870 3051 971 3113 68.
1039 3049 1420 3113 Praesertim
1482 3071 1631 3113 vero
1693 3050 1850 3116 haec
1909 3052 1988 3115 ad
2014 3053 2480 3135 ⁴quaestionem
2545 3050 3001 3115 illustrandam

691 3146 1083 3211 advertenda
1127 3146 1584 3209 existimamus,
1679 3145 1954 3212 Vetusta
1996 3156 2093 3212 est
2139 3150 2251 3212 illa
2308 3149 2476 3231 apud
2523 3147 2794 3212 Graecos
2841 3169 3002 3210 con-

690 3243 987 3320 suetud0‚
1043 3246 1118 3305 ut
1169 3243 1485 3326 simplices
1544 3244 1903 3308 sacerdotes
1965 3249 2436 3309 sacramentum
2498 3245 3002 3310 confirmationis

691 3340 1161 3417 administrent,
1202 3362 1557 3423 puerosque
1589 3341 1810 3404 statim
1853 3346 2001 3424 post
2032 3342 2418 3424 baptismum
2450 3364 2627 3406 sacro
2658 3340 3004 3404 chrismate

692 3437 951 3500 liniant.
1055 3434 1390 3519 Ejusmodi
1450 3440 1661 3500 autem
1725 3438 2126 3502 confirmatio
2191 3461 2228 3501 a
2285 3439 2558 3521 simplici
2621 3438 3005 3521 presbytero

693 3533 1168 3612 administrata,
1213 3555 1388 3610 „non
1436 3537 1650 3621 potest
1691 3534 1984 3612 aliunde,
2039 3535 2131 3598 ait
2176 3533 2563 3598 Benedictus
2612 3533 2785 3621 XIV.
2836 3535 2874 3599 1.
2924 3556 3000 3611 c.‚

693 3630 855 3692 vires
918 3630 1164 3704 sortiri,
1226 3651 1417 3713 quam
1483 3651 1520 3692 a
1582 3631 1988 3715 delegatione
2051 3632 2185 3695 sive
2255 3653 2549 3714 expresse
2588 3633 2743 3695 'sive
2797 3631 3002 3694 tacite

695 3726 896 3790 eidem
942 3725 1256 3789 sacerdoti
1313 3725 1484 3790 facta
1544 3748 1582 3788 a
1638 3725 1930 3791 Romano
1984 3727 2362 3805 Pontifice‚“
2421 3728 2626 3811 adque
2683 3728 3005 3811 ejusmodi

692 3821 1094 3905 privilegium
1142 3822 1372 3885 saltem
1417 3823 1616 3886 tacite
1663 3846 1700 3886 a
1747 3821 1908 3887 Sede
1944 3824 2311 3906 Apostolica
2356 3823 2777 3888 orientalibus
2823 3845 3003 3905 pres-

871 4029 913 4097 ¹)
961 4029 1337 4098 Metrophanis
1384 4030 1673 4098 Metropol.
1721 4030 2061 4098 Smyrnensis
2109 4048 2190 4099 ep.
2237 4031 2306 4084 acl
2341 4032 2648 4086 Manualem
2682 4031 3010 4087 Patritium.

693 4110 861 4163 Hard.
901 4109 1033 4161 Coll.
1074 4109 1230 4162 Cone.
1272 4115 1312 4162 t.
1340 4109 1406 4163 V.
1446 4109 1546 4163 col.
1588 4111 1741 4164 1114.

873 4187 916 4254 2)
953 4188 1184 4242 Photius
1222 4189 1285 4241 T.
1325 4188 1369 4240 I.
1407 4206 1459 4255 p.
1498 4192 1615 4241 640.
