<?xml version="1.0" encoding="UTF-8"?>
<!DOCTYPE html PUBLIC "-//W3C//DTD XHTML 1.0 Transitional//EN"
    "http://www.w3.org/TR/xhtml1/DTD/xhtml1-transitional.dtd">
<html xmlns="http://www.w3.org/1999/xhtml" xml:lang="en" lang="en">
 <head>
  <title>
</title>
<meta http-equiv="Content-Type" content="text/html;charset=utf-8" />
  <meta name='ocr-system' content='tesseract 3.04.00' />
  <meta name='ocr-capabilities' content='ocr_page ocr_carea ocr_par ocr_line ocrx_word'/>
</head>
<body>
  <div class='ocr_page' id='page_1' title='image "./dissertationess04junggoog_0314.png"; bbox 0 0 3270 5028; ppageno 0'>
   <div class='ocr_carea' id='block_1_1' title="bbox 334 1547 616 1651">
    <p class='ocr_par' dir='ltr' id='par_1_1' title="bbox 334 1547 616 1651">
     <span class='ocr_line' id='line_1_1' title="bbox 334 1547 616 1600; baseline -0.014 -8"><span class='ocrx_word' id='word_1_1' title='bbox 334 1547 505 1592; x_wconf 86' lang='lat' dir='ltr'>Nicolai</span> <span class='ocrx_word' id='word_1_2' title='bbox 531 1548 616 1600; x_wconf 89' lang='lat' dir='ltr'>epi-</span> 
     </span>
     <span class='ocr_line' id='line_1_2' title="bbox 416 1610 540 1651; baseline -0.008 0"><span class='ocrx_word' id='word_1_3' title='bbox 416 1610 540 1651; x_wconf 83' lang='lat' dir='ltr'>stola.</span> 
     </span>
    </p>
   </div>
   <div class='ocr_carea' id='block_1_2' title="bbox 641 434 2593 492">
    <p class='ocr_par' dir='ltr' id='par_1_2' title="bbox 641 434 2593 492">
     <span class='ocr_line' id='line_1_3' title="bbox 641 434 2593 492; baseline -0.001 -3"><span class='ocrx_word' id='word_1_4' title='bbox 641 439 745 490; x_wconf 83' lang='lat'>308</span> <span class='ocrx_word' id='word_1_5' title='bbox 977 435 1125 489; x_wconf 86' lang='lat' dir='ltr'>XVI.</span> <span class='ocrx_word' id='word_1_6' title='bbox 1167 436 1374 490; x_wconf 80' lang='lat' dir='ltr'>Causae</span> <span class='ocrx_word' id='word_1_7' title='bbox 1413 435 1652 490; x_wconf 81' lang='lat' dir='ltr'>celebres</span> <span class='ocrx_word' id='word_1_8' title='bbox 1692 441 1748 489; x_wconf 87' lang='lat' dir='ltr'>et</span> <span class='ocrx_word' id='word_1_9' title='bbox 1783 435 2101 489; x_wconf 88' lang='lat' dir='ltr'>Decretales</span> <span class='ocrx_word' id='word_1_10' title='bbox 2138 434 2593 492; x_wconf 87' lang='lat' dir='ltr'>Pseudo-Isidori.</span> 
     </span>
    </p>
   </div>
   <div class='ocr_carea' id='block_1_3' title="bbox 640 574 2968 4238">
    <p class='ocr_par' dir='ltr' id='par_1_3' title="bbox 640 574 2968 1528">
     <span class='ocr_line' id='line_1_4' title="bbox 643 574 2968 661; baseline -0.003 -20"><span class='ocrx_word' id='word_1_11' title='bbox 643 583 934 660; x_wconf 89' lang='lat' dir='ltr'>tempore</span> <span class='ocrx_word' id='word_1_12' title='bbox 980 577 1426 659; x_wconf 86' lang='lat' dir='ltr'>perdurarunt.</span> <span class='ocrx_word' id='word_1_13' title='bbox 1503 575 1849 640; x_wconf 87' lang='lat' dir='ltr'>Praeterea</span> <span class='ocrx_word' id='word_1_14' title='bbox 1894 574 2294 641; x_wconf 88' lang='lat' dir='ltr'>Nomenoius</span> <span class='ocrx_word' id='word_1_15' title='bbox 2341 599 2454 641; x_wconf 86' lang='lat' dir='ltr'>rex</span> <span class='ocrx_word' id='word_1_16' title='bbox 2502 579 2772 661; x_wconf 89' lang='lat' dir='ltr'>ejusque</span> <span class='ocrx_word' id='word_1_17' title='bbox 2821 595 2968 638; x_wconf 86' lang='lat' dir='ltr'>suc-</span> 
     </span>
     <span class='ocr_line' id='line_1_5' title="bbox 642 670 2966 756; baseline -0.002 -18"><span class='ocrx_word' id='word_1_18' title='bbox 642 695 939 751; x_wconf 85' lang='lat' dir='ltr'>cessoreS,</span> <span class='ocrx_word' id='word_1_19' title='bbox 987 672 1355 756; x_wconf 86' lang='lat' dir='ltr'>Heruspeus</span> <span class='ocrx_word' id='word_1_20' title='bbox 1402 695 1474 738; x_wconf 88' lang='lat' dir='ltr'>ac</span> <span class='ocrx_word' id='word_1_21' title='bbox 1513 672 1661 737; x_wconf 89' lang='lat' dir='ltr'>dein</span> <span class='ocrx_word' id='word_1_22' title='bbox 1707 670 2040 749; x_wconf 84' lang='lat' dir='ltr'>Salomon,</span> <span class='ocrx_word' id='word_1_23' title='bbox 2088 672 2418 756; x_wconf 88' lang='lat' dir='ltr'>episcopos</span> <span class='ocrx_word' id='word_1_24' title='bbox 2465 673 2803 746; x_wconf 83' lang='lat' dir='ltr'>criminum</span> <span class='ocrx_word' id='word_1_25' title='bbox 2851 692 2966 733; x_wconf 87' lang='lat' dir='ltr'>ac-</span> 
     </span>
     <span class='ocr_line' id='line_1_6' title="bbox 645 768 2966 854; baseline -0.002 -20"><span class='ocrx_word' id='word_1_26' title='bbox 645 773 894 834; x_wconf 88' lang='lat' dir='ltr'>cusatos</span> <span class='ocrx_word' id='word_1_27' title='bbox 938 791 1053 853; x_wconf 91' lang='lat' dir='ltr'>per</span> <span class='ocrx_word' id='word_1_28' title='bbox 1090 770 1339 852; x_wconf 89' lang='lat' dir='ltr'>judices</span> <span class='ocrx_word' id='word_1_29' title='bbox 1384 769 1580 835; x_wconf 87' lang='lat' dir='ltr'>laicos</span> <span class='ocrx_word' id='word_1_30' title='bbox 1623 768 2040 854; x_wconf 87' lang='lat' dir='ltr'>judicabant,</span> <span class='ocrx_word' id='word_1_31' title='bbox 2097 768 2523 847; x_wconf 76' lang='lat' dir='ltr'>damnabant,</span> <span class='ocrx_word' id='word_1_32' title='bbox 2583 777 2648 833; x_wconf 87' lang='lat' dir='ltr'>et</span> <span class='ocrx_word' id='word_1_33' title='bbox 2697 790 2773 833; x_wconf 87' lang='lat' dir='ltr'>ex</span> <span class='ocrx_word' id='word_1_34' title='bbox 2823 768 2966 831; x_wconf 88' lang='lat' dir='ltr'>suis</span> 
     </span>
     <span class='ocr_line' id='line_1_7' title="bbox 643 861 2963 950; baseline -0.001 -21"><span class='ocrx_word' id='word_1_35' title='bbox 643 865 897 930; x_wconf 88' lang='lat' dir='ltr'>sedibus</span> <span class='ocrx_word' id='word_1_36' title='bbox 961 865 1323 950; x_wconf 73' lang='lat' dir='ltr'>eJiciebant.</span> <span class='ocrx_word' id='word_1_37' title='bbox 1415 865 1560 930; x_wconf 71' lang='lat' dir='ltr'>-Jam</span> <span class='ocrx_word' id='word_1_38' title='bbox 1624 864 2137 948; x_wconf 82' lang='lat' dir='ltr'>praedecessores</span> <span class='ocrx_word' id='word_1_39' title='bbox 2190 863 2256 930; x_wconf 89' lang='lat' dir='ltr'>S.</span> <span class='ocrx_word' id='word_1_40' title='bbox 2315 864 2595 940; x_wconf 89' lang='lat' dir='ltr'>Nicolai,</span> <span class='ocrx_word' id='word_1_41' title='bbox 2662 865 2792 929; x_wconf 90' lang='lat' dir='ltr'>Leo</span> <span class='ocrx_word' id='word_1_42' title='bbox 2842 861 2963 935; x_wconf 82' lang='lat' dir='ltr'>IV,</span> 
     </span>
     <span class='ocr_line' id='line_1_8' title="bbox 646 961 2963 1047; baseline -0.001 -22"><span class='ocrx_word' id='word_1_43' title='bbox 646 967 711 1025; x_wconf 89' lang='lat' dir='ltr'>et</span> <span class='ocrx_word' id='word_1_44' title='bbox 773 961 1163 1026; x_wconf 79' lang='lat' dir='ltr'>Benedictus</span> <span class='ocrx_word' id='word_1_45' title='bbox 1214 961 1357 1038; x_wconf 67' lang='lat'>111„</span> <span class='ocrx_word' id='word_1_46' title='bbox 1422 962 1717 1047; x_wconf 88' lang='lat' dir='ltr'>quamvis</span> <span class='ocrx_word' id='word_1_47' title='bbox 1780 962 1848 1025; x_wconf 89' lang='lat' dir='ltr'>in</span> <span class='ocrx_word' id='word_1_48' title='bbox 1914 962 2235 1045; x_wconf 87' lang='lat' dir='ltr'>principes</span> <span class='ocrx_word' id='word_1_49' title='bbox 2299 963 2406 1026; x_wconf 85' lang='lat' dir='ltr'>vix</span> <span class='ocrx_word' id='word_1_50' title='bbox 2477 985 2510 1027; x_wconf 91' lang='lat' dir='ltr'>e</span> <span class='ocrx_word' id='word_1_51' title='bbox 2574 962 2963 1046; x_wconf 83' lang='lat' dir='ltr'>paganismo</span> 
     </span>
     <span class='ocr_line' id='line_1_9' title="bbox 645 1056 2965 1143; baseline -0.002 -21"><span class='ocrx_word' id='word_1_52' title='bbox 645 1080 977 1123; x_wconf 86' lang='lat' dir='ltr'>conversos</span> <span class='ocrx_word' id='word_1_53' title='bbox 1034 1058 1337 1142; x_wconf 79' lang='lat' dir='ltr'>prudenti</span> <span class='ocrx_word' id='word_1_54' title='bbox 1403 1060 1776 1124; x_wconf 89' lang='lat' dir='ltr'>oeconomia</span> <span class='ocrx_word' id='word_1_55' title='bbox 1830 1063 2196 1135; x_wconf 85' lang='lat' dir='ltr'>uterentur,</span> <span class='ocrx_word' id='word_1_56' title='bbox 2261 1061 2478 1142; x_wconf 88' lang='lat' dir='ltr'>plures</span> <span class='ocrx_word' id='word_1_57' title='bbox 2528 1059 2830 1143; x_wconf 86' lang='lat' dir='ltr'>epistolas</span> <span class='ocrx_word' id='word_1_58' title='bbox 2876 1056 2965 1121; x_wconf 88' lang='lat' dir='ltr'>ad</span> 
     </span>
     <span class='ocr_line' id='line_1_10' title="bbox 644 1153 2964 1238; baseline -0.001 -20"><span class='ocrx_word' id='word_1_59' title='bbox 644 1155 787 1218; x_wconf 93' lang='lat' dir='ltr'>illos</span> <span class='ocrx_word' id='word_1_60' title='bbox 846 1175 1030 1238; x_wconf 89' lang='lat' dir='ltr'>reges</span> <span class='ocrx_word' id='word_1_61' title='bbox 1089 1153 1418 1218; x_wconf 89' lang='lat' dir='ltr'>dederant·</span> <span class='ocrx_word' id='word_1_62' title='bbox 1455 1161 1522 1218; x_wconf 90' lang='lat' dir='ltr'>et</span> <span class='ocrx_word' id='word_1_63' title='bbox 1569 1154 1649 1218; x_wconf 92' lang='lat' dir='ltr'>ad</span> <span class='ocrx_word' id='word_1_64' title='bbox 1712 1156 2063 1237; x_wconf 84' lang='lat' dir='ltr'>praesuleS,</span> <span class='ocrx_word' id='word_1_65' title='bbox 2128 1161 2198 1220; x_wconf 91' lang='lat' dir='ltr'>ut</span> <span class='ocrx_word' id='word_1_66' title='bbox 2259 1177 2364 1220; x_wconf 89' lang='lat' dir='ltr'>eos</span> <span class='ocrx_word' id='word_1_67' title='bbox 2424 1157 2821 1221; x_wconf 89' lang='lat' dir='ltr'>deterrerent</span> <span class='ocrx_word' id='word_1_68' title='bbox 2872 1154 2964 1217; x_wconf 85' lang='lat' dir='ltr'>ab</span> 
     </span>
     <span class='ocr_line' id='line_1_11' title="bbox 644 1251 2966 1336; baseline -0.001 -21"><span class='ocrx_word' id='word_1_69' title='bbox 644 1252 983 1316; x_wconf 89' lang='lat' dir='ltr'>arbitrario</span> <span class='ocrx_word' id='word_1_70' title='bbox 1040 1252 1227 1316; x_wconf 89' lang='lat' dir='ltr'>modo</span> <span class='ocrx_word' id='word_1_71' title='bbox 1289 1251 1550 1335; x_wconf 88' lang='lat' dir='ltr'>agendi,</span> <span class='ocrx_word' id='word_1_72' title='bbox 1611 1255 1813 1335; x_wconf 89' lang='lat' dir='ltr'>utque</span> <span class='ocrx_word' id='word_1_73' title='bbox 1875 1253 2372 1336; x_wconf 87' lang='lat' dir='ltr'>metropolitano</span> <span class='ocrx_word' id='word_1_74' title='bbox 2421 1251 2780 1317; x_wconf 85' lang='lat' dir='ltr'>Turonensi</span> <span class='ocrx_word' id='word_1_75' title='bbox 2840 1272 2966 1314; x_wconf 87' lang='lat' dir='ltr'>sua</span> 
     </span>
     <span class='ocr_line' id='line_1_12' title="bbox 640 1346 2966 1434; baseline -0.001 -22"><span class='ocrx_word' id='word_1_76' title='bbox 640 1351 790 1434; x_wconf 91' lang='lat' dir='ltr'>jura</span> <span class='ocrx_word' id='word_1_77' title='bbox 836 1349 1353 1413; x_wconf 86' lang='lat' dir='ltr'>restituerentur.</span> <span class='ocrx_word' id='word_1_78' title='bbox 1447 1348 1549 1411; x_wconf 91' lang='lat' dir='ltr'>Ad</span> <span class='ocrx_word' id='word_1_79' title='bbox 1606 1347 1764 1412; x_wconf 90' lang='lat' dir='ltr'>haec</span> <span class='ocrx_word' id='word_1_80' title='bbox 1778 1411 1789 1420; x_wconf 57' lang='grc'>,,</span> <span class='ocrx_word' id='word_1_81' title='bbox 1818 1349 2077 1432; x_wconf 88' lang='lat' dir='ltr'>negotia</span> <span class='ocrx_word' id='word_1_82' title='bbox 2134 1350 2327 1412; x_wconf 89' lang='lat' dir='ltr'>etiam</span> <span class='ocrx_word' id='word_1_83' title='bbox 2383 1349 2657 1432; x_wconf 89' lang='lat' dir='ltr'>epistola</span> <span class='ocrx_word' id='word_1_84' title='bbox 2701 1346 2966 1412; x_wconf 84' lang='lat' dir='ltr'>Nicolai</span> 
     </span>
     <span class='ocr_line' id='line_1_13' title="bbox 646 1446 2178 1528; baseline -0.002 -19"><span class='ocrx_word' id='word_1_85' title='bbox 646 1446 948 1528; x_wconf 85' lang='lat' dir='ltr'>pertinet.</span> <span class='ocrx_word' id='word_1_86' title='bbox 2170 1447 2178 1454; x_wconf 83' lang='lat'><em>&#39;</em></span> 
     </span>
    </p>

    <p class='ocr_par' dir='ltr' id='par_1_4' title="bbox 647 1540 2968 4238">
     <span class='ocr_line' id='line_1_14' title="bbox 829 1540 2961 1623; baseline 0 -20"><span class='ocrx_word' id='word_1_87' title='bbox 829 1541 972 1605; x_wconf 84' lang='lat'>104.</span> <span class='ocrx_word' id='word_1_88' title='bbox 1033 1540 1215 1605; x_wconf 86' lang='lat' dir='ltr'>Inter</span> <span class='ocrx_word' id='word_1_89' title='bbox 1271 1541 1399 1605; x_wconf 89' lang='lat' dir='ltr'>alia</span> <span class='ocrx_word' id='word_1_90' title='bbox 1446 1541 1749 1605; x_wconf 86' lang='lat' dir='ltr'>Pontifex</span> <span class='ocrx_word' id='word_1_91' title='bbox 1796 1541 2042 1605; x_wconf 86' lang='lat' dir='ltr'>scribit:</span> <span class='ocrx_word' id='word_1_92' title='bbox 2104 1540 2242 1621; x_wconf 91' lang='lat' dir='ltr'>„De</span> <span class='ocrx_word' id='word_1_93' title='bbox 2298 1547 2550 1608; x_wconf 87' lang='lat' dir='ltr'>caetero</span> <span class='ocrx_word' id='word_1_94' title='bbox 2597 1542 2758 1606; x_wconf 87' lang='lat' dir='ltr'>sciat</span> <span class='ocrx_word' id='word_1_95' title='bbox 2801 1563 2961 1623; x_wconf 87' lang='lat' dir='ltr'>pru-</span> 
     </span>
     <span class='ocr_line' id='line_1_15' title="bbox 649 1637 2964 1722; baseline -0.002 -19"><span class='ocrx_word' id='word_1_96' title='bbox 649 1640 874 1703; x_wconf 88' lang='lat' dir='ltr'>dentia</span> <span class='ocrx_word' id='word_1_97' title='bbox 919 1647 1062 1714; x_wconf 85' lang='lat' dir='ltr'>tua,</span> <span class='ocrx_word' id='word_1_98' title='bbox 1120 1660 1236 1702; x_wconf 91' lang='lat' dir='ltr'>nos</span> <span class='ocrx_word' id='word_1_99' title='bbox 1280 1638 1356 1701; x_wconf 88' lang='lat' dir='ltr'>de</span> <span class='ocrx_word' id='word_1_100' title='bbox 1420 1638 1640 1722; x_wconf 84' lang='lat' dir='ltr'>ejectis</span> <span class='ocrx_word' id='word_1_101' title='bbox 1703 1644 1768 1702; x_wconf 90' lang='lat' dir='ltr'>et</span> <span class='ocrx_word' id='word_1_102' title='bbox 1813 1637 1882 1701; x_wconf 89' lang='lat' dir='ltr'>in</span> <span class='ocrx_word' id='word_1_103' title='bbox 1942 1638 2096 1703; x_wconf 89' lang='lat' dir='ltr'>locis</span> <span class='ocrx_word' id='word_1_104' title='bbox 2143 1638 2399 1702; x_wconf 88' lang='lat' dir='ltr'>illorum</span> <span class='ocrx_word' id='word_1_105' title='bbox 2458 1640 2599 1703; x_wconf 89' lang='lat' dir='ltr'>aliis</span> <span class='ocrx_word' id='word_1_106' title='bbox 2653 1638 2964 1720; x_wconf 84' lang='lat' dir='ltr'>subroga-</span> 
     </span>
     <span class='ocr_line' id='line_1_16' title="bbox 647 1734 2966 1818; baseline -0.002 -18"><span class='ocrx_word' id='word_1_107' title='bbox 647 1737 733 1800; x_wconf 90' lang='lat' dir='ltr'>tis</span> <span class='ocrx_word' id='word_1_108' title='bbox 796 1735 1102 1818; x_wconf 91' lang='lat' dir='ltr'>episcopis</span> <span class='ocrx_word' id='word_1_109' title='bbox 1164 1734 1509 1818; x_wconf 85' lang='lat' dir='ltr'>diligenter</span> <span class='ocrx_word' id='word_1_110' title='bbox 1541 1735 1639 1814; x_wconf 74' lang='lat' dir='ltr'>vin</span> <span class='ocrx_word' id='word_1_111' title='bbox 1703 1735 1974 1798; x_wconf 87' lang='lat' dir='ltr'>archivis</span> <span class='ocrx_word' id='word_1_112' title='bbox 2037 1742 2297 1799; x_wconf 89' lang='lat' dir='ltr'>sanctae</span> <span class='ocrx_word' id='word_1_113' title='bbox 2362 1734 2691 1800; x_wconf 82' lang='lat' dir='ltr'>Romanae</span> <span class='ocrx_word' id='word_1_114' title='bbox 2759 1734 2966 1797; x_wconf 84' lang='lat' dir='ltr'>eccle-</span> 
     </span>
     <span class='ocr_line' id='line_1_17' title="bbox 648 1830 2961 1915; baseline -0.002 -18"><span class='ocrx_word' id='word_1_115' title='bbox 648 1832 781 1897; x_wconf 86' lang='lat' dir='ltr'>siae</span> <span class='ocrx_word' id='word_1_116' title='bbox 827 1830 1248 1915; x_wconf 87' lang='lat' dir='ltr'>requisivisse,</span> <span class='ocrx_word' id='word_1_117' title='bbox 1294 1836 1359 1895; x_wconf 91' lang='lat' dir='ltr'>et</span> <span class='ocrx_word' id='word_1_118' title='bbox 1406 1832 1611 1896; x_wconf 86' lang='lat' dir='ltr'>multo</span> <span class='ocrx_word' id='word_1_119' title='bbox 1658 1832 1848 1895; x_wconf 89' lang='lat' dir='ltr'>aliter</span> <span class='ocrx_word' id='word_1_120' title='bbox 1892 1833 1958 1895; x_wconf 90' lang='lat' dir='ltr'>in</span> <span class='ocrx_word' id='word_1_121' title='bbox 2007 1833 2475 1914; x_wconf 82' lang='lat' dir='ltr'>exemplaribus</span> <span class='ocrx_word' id='word_1_122' title='bbox 2521 1832 2961 1915; x_wconf 85' lang='lat' dir='ltr'>epistolarum,</span> 
     </span>
     <span class='ocr_line' id='line_1_18' title="bbox 651 1927 2965 2013; baseline -0.001 -20"><span class='ocrx_word' id='word_1_123' title='bbox 651 1951 815 2013; x_wconf 85' lang='lat' dir='ltr'>quae</span> <span class='ocrx_word' id='word_1_124' title='bbox 873 1950 910 1991; x_wconf 90' lang='lat' dir='ltr'>a</span> <span class='ocrx_word' id='word_1_125' title='bbox 972 1929 1407 1993; x_wconf 85' lang='lat' dir='ltr'>decessoribus</span> <span class='ocrx_word' id='word_1_126' title='bbox 1455 1930 1637 2003; x_wconf 80' lang='lat' dir='ltr'>meiS,</span> <span class='ocrx_word' id='word_1_127' title='bbox 1707 1928 1933 1992; x_wconf 90' lang='lat' dir='ltr'>beatae</span> <span class='ocrx_word' id='word_1_128' title='bbox 1995 1928 2291 1992; x_wconf 88' lang='lat' dir='ltr'>videlicet</span> <span class='ocrx_word' id='word_1_129' title='bbox 2351 1929 2692 1994; x_wconf 89' lang='lat' dir='ltr'>memoriae</span> <span class='ocrx_word' id='word_1_130' title='bbox 2739 1927 2965 1991; x_wconf 88' lang='lat' dir='ltr'>Leone</span> 
     </span>
     <span class='ocr_line' id='line_1_19' title="bbox 650 2023 2964 2108; baseline -0.002 -17"><span class='ocrx_word' id='word_1_131' title='bbox 650 2047 725 2091; x_wconf 90' lang='lat' dir='ltr'>ac</span> <span class='ocrx_word' id='word_1_132' title='bbox 786 2024 1135 2089; x_wconf 87' lang='lat' dir='ltr'>Benedicto</span> <span class='ocrx_word' id='word_1_133' title='bbox 1178 2023 1634 2101; x_wconf 87' lang='lat' dir='ltr'>Pontificibus,</span> <span class='ocrx_word' id='word_1_134' title='bbox 1699 2028 1892 2108; x_wconf 88' lang='lat' dir='ltr'>atque</span> <span class='ocrx_word' id='word_1_135' title='bbox 1953 2047 1988 2087; x_wconf 90' lang='lat' dir='ltr'>a</span> <span class='ocrx_word' id='word_1_136' title='bbox 2035 2046 2165 2101; x_wconf 89' lang='lat' dir='ltr'>me,</span> <span class='ocrx_word' id='word_1_137' title='bbox 2233 2023 2622 2101; x_wconf 83' lang='lat' dir='ltr'>NomenoiO,</span> <span class='ocrx_word' id='word_1_138' title='bbox 2689 2029 2754 2088; x_wconf 91' lang='lat' dir='ltr'>et</span> <span class='ocrx_word' id='word_1_139' title='bbox 2813 2023 2964 2099; x_wconf 88' lang='lat' dir='ltr'>tibi,</span> 
     </span>
     <span class='ocr_line' id='line_1_20' title="bbox 650 2120 2963 2206; baseline -0.001 -20"><span class='ocrx_word' id='word_1_140' title='bbox 650 2144 904 2186; x_wconf 91' lang='lat' dir='ltr'>necnon</span> <span class='ocrx_word' id='word_1_141' title='bbox 966 2121 1435 2204; x_wconf 88' lang='lat' dir='ltr'>archiepiscopo</span> <span class='ocrx_word' id='word_1_142' title='bbox 1499 2120 1824 2186; x_wconf 86' lang='lat' dir='ltr'>Turonico</span> <span class='ocrx_word' id='word_1_143' title='bbox 1883 2122 2074 2185; x_wconf 88' lang='lat' dir='ltr'>datae</span> <span class='ocrx_word' id='word_1_144' title='bbox 2135 2127 2319 2199; x_wconf 90' lang='lat' dir='ltr'>sunt,</span> <span class='ocrx_word' id='word_1_145' title='bbox 2381 2144 2612 2206; x_wconf 85' lang='lat' dir='ltr'>papam</span> <span class='ocrx_word' id='word_1_146' title='bbox 2674 2121 2963 2186; x_wconf 90' lang='lat' dir='ltr'>Leonem</span> 
     </span>
     <span class='ocr_line' id='line_1_21' title="bbox 652 2217 2964 2302; baseline -0.001 -19"><span class='ocrx_word' id='word_1_147' title='bbox 652 2218 1010 2283; x_wconf 88' lang='lat' dir='ltr'>Nomenoio</span> <span class='ocrx_word' id='word_1_148' title='bbox 1086 2218 1421 2282; x_wconf 85' lang='lat' dir='ltr'>consilium</span> <span class='ocrx_word' id='word_1_149' title='bbox 1497 2218 1595 2281; x_wconf 85' lang='lat' dir='ltr'>vel</span> <span class='ocrx_word' id='word_1_150' title='bbox 1675 2217 2126 2282; x_wconf 85' lang='lat' dir='ltr'>auctoritatem</span> <span class='ocrx_word' id='word_1_151' title='bbox 2200 2219 2559 2301; x_wconf 88' lang='lat' dir='ltr'>deponendi</span> <span class='ocrx_word' id='word_1_152' title='bbox 2635 2219 2964 2302; x_wconf 85' lang='lat' dir='ltr'>episcopos</span> 
     </span>
     <span class='ocr_line' id='line_1_22' title="bbox 650 2309 2961 2397; baseline -0.001 -18"><span class='ocrx_word' id='word_1_153' title='bbox 650 2314 1020 2397; x_wconf 85' lang='lat' dir='ltr'>tradidisse3</span> <span class='ocrx_word' id='word_1_154' title='bbox 1085 2315 1319 2397; x_wconf 90' lang='lat' dir='ltr'>quippe</span> <span class='ocrx_word' id='word_1_155' title='bbox 1366 2336 1556 2397; x_wconf 89' lang='lat' dir='ltr'>quem</span> <span class='ocrx_word' id='word_1_156' title='bbox 1613 2318 1870 2379; x_wconf 86' lang='lat' dir='ltr'>constat</span> <span class='ocrx_word' id='word_1_157' title='bbox 1926 2309 2275 2378; x_wconf 78' lang='lat' dir='ltr'>multifarie</span> <span class='ocrx_word' id='word_1_158' title='bbox 2330 2315 2680 2397; x_wconf 88' lang='lat' dir='ltr'>multisque</span> <span class='ocrx_word' id='word_1_159' title='bbox 2735 2314 2961 2390; x_wconf 77' lang='lat' dir='ltr'>modiS,</span> 
     </span>
     <span class='ocr_line' id='line_1_23' title="bbox 653 2409 2963 2494; baseline -0.001 -18"><span class='ocrx_word' id='word_1_160' title='bbox 653 2436 735 2476; x_wconf 90' lang='lat' dir='ltr'>ne</span> <span class='ocrx_word' id='word_1_161' title='bbox 793 2410 912 2473; x_wconf 91' lang='lat' dir='ltr'>hoc</span> <span class='ocrx_word' id='word_1_162' title='bbox 977 2409 1056 2474; x_wconf 89' lang='lat' dir='ltr'>ab</span> <span class='ocrx_word' id='word_1_163' title='bbox 1122 2410 1264 2473; x_wconf 88' lang='lat' dir='ltr'>aliis</span> <span class='ocrx_word' id='word_1_164' title='bbox 1316 2431 1508 2494; x_wconf 88' lang='lat' dir='ltr'>quam</span> <span class='ocrx_word' id='word_1_165' title='bbox 1573 2432 1611 2473; x_wconf 85' lang='lat' dir='ltr'>a</span> <span class='ocrx_word' id='word_1_166' title='bbox 1677 2413 1850 2474; x_wconf 88' lang='lat' dir='ltr'>certo</span> <span class='ocrx_word' id='word_1_167' title='bbox 1915 2412 2348 2494; x_wconf 89' lang='lat' dir='ltr'>episcoporum</span> <span class='ocrx_word' id='word_1_168' title='bbox 2426 2433 2694 2475; x_wconf 88' lang='lat' dir='ltr'>numero</span> <span class='ocrx_word' id='word_1_169' title='bbox 2757 2412 2963 2484; x_wconf 89' lang='lat' dir='ltr'>fieret,</span> 
     </span>
     <span class='ocr_line' id='line_1_24' title="bbox 655 2504 2963 2594; baseline -0.001 -21"><span class='ocrx_word' id='word_1_170' title='bbox 655 2509 1064 2594; x_wconf 87' lang='lat' dir='ltr'>praecepisse.</span> <span class='ocrx_word' id='word_1_171' title='bbox 1186 2505 1355 2571; x_wconf 91' lang='lat' dir='ltr'>Nam</span> <span class='ocrx_word' id='word_1_172' title='bbox 1429 2504 1788 2572; x_wconf 89' lang='lat' dir='ltr'>Nomenoio</span> <span class='ocrx_word' id='word_1_173' title='bbox 1865 2509 2227 2573; x_wconf 89' lang='lat' dir='ltr'>consulenti</span> <span class='ocrx_word' id='word_1_174' title='bbox 2303 2508 2457 2593; x_wconf 90' lang='lat' dir='ltr'>quid</span> <span class='ocrx_word' id='word_1_175' title='bbox 2537 2506 2617 2573; x_wconf 88' lang='lat' dir='ltr'>de</span> <span class='ocrx_word' id='word_1_176' title='bbox 2685 2508 2963 2593; x_wconf 84' lang='lat' dir='ltr'>Spiritus</span> 
     </span>
     <span class='ocr_line' id='line_1_25' title="bbox 656 2604 2963 2691; baseline -0.002 -19"><span class='ocrx_word' id='word_1_177' title='bbox 656 2605 877 2672; x_wconf 87' lang='lat' dir='ltr'>Sancti</span> <span class='ocrx_word' id='word_1_178' title='bbox 926 2604 1199 2688; x_wconf 85' lang='lat' dir='ltr'>gratiam</span> <span class='ocrx_word' id='word_1_179' title='bbox 1232 2604 1768 2668; x_wconf 86' lang='lat' dir='ltr'>venumdantibus</span> <span class='ocrx_word' id='word_1_180' title='bbox 1811 2609 2136 2688; x_wconf 90' lang='lat' dir='ltr'>oporteret</span> <span class='ocrx_word' id='word_1_181' title='bbox 2166 2607 2322 2684; x_wconf 89' lang='lat' dir='ltr'>fieri,</span> <span class='ocrx_word' id='word_1_182' title='bbox 2369 2606 2731 2691; x_wconf 85' lang='lat' dir='ltr'>respondet,</span> <span class='ocrx_word' id='word_1_183' title='bbox 2778 2604 2963 2681; x_wconf 90' lang='lat' dir='ltr'>nihil,</span> 
     </span>
     <span class='ocr_line' id='line_1_26' title="bbox 656 2700 2962 2788; baseline -0.001 -21"><span class='ocrx_word' id='word_1_184' title='bbox 656 2704 990 2788; x_wconf 89' lang='lat' dir='ltr'>inquiens,</span> <span class='ocrx_word' id='word_1_185' title='bbox 1048 2705 1306 2783; x_wconf 90' lang='lat' dir='ltr'>praeter</span> <span class='ocrx_word' id='word_1_186' title='bbox 1349 2700 1521 2785; x_wconf 91' lang='lat' dir='ltr'>quod</span> <span class='ocrx_word' id='word_1_187' title='bbox 1564 2702 1772 2765; x_wconf 88' lang='lat' dir='ltr'>sancti</span> <span class='ocrx_word' id='word_1_188' title='bbox 1827 2724 2102 2766; x_wconf 87' lang='lat' dir='ltr'>canones</span> <span class='ocrx_word' id='word_1_189' title='bbox 2159 2725 2352 2787; x_wconf 89' lang='lat' dir='ltr'>super</span> <span class='ocrx_word' id='word_1_190' title='bbox 2398 2703 2496 2767; x_wconf 89' lang='lat' dir='ltr'>his</span> <span class='ocrx_word' id='word_1_191' title='bbox 2542 2703 2962 2787; x_wconf 85' lang='lat' dir='ltr'>praecipiunt,</span> 
     </span>
     <span class='ocr_line' id='line_1_27' title="bbox 656 2796 2962 2883; baseline -0.001 -19"><span class='ocrx_word' id='word_1_192' title='bbox 656 2803 826 2883; x_wconf 89' lang='lat' dir='ltr'>ipsas</span> <span class='ocrx_word' id='word_1_193' title='bbox 881 2796 1136 2882; x_wconf 86' lang='lat' dir='ltr'>regulas</span> <span class='ocrx_word' id='word_1_194' title='bbox 1192 2797 1476 2880; x_wconf 88' lang='lat' dir='ltr'>apicibus</span> <span class='ocrx_word' id='word_1_195' title='bbox 1531 2797 1663 2861; x_wconf 91' lang='lat' dir='ltr'>suis</span> <span class='ocrx_word' id='word_1_196' title='bbox 1716 2799 2124 2866; x_wconf 78' lang='lat' dir='ltr'>interserens,</span> <span class='ocrx_word' id='word_1_197' title='bbox 2174 2850 2189 2865; x_wconf 93' lang='lat'>.</span> <span class='ocrx_word' id='word_1_198' title='bbox 2239 2849 2254 2864; x_wconf 95' lang='lat'>.</span> <span class='ocrx_word' id='word_1_199' title='bbox 2312 2799 2503 2878; x_wconf 89' lang='lat' dir='ltr'>,Nam</span> <span class='ocrx_word' id='word_1_200' title='bbox 2559 2800 2804 2864; x_wconf 90' lang='lat' dir='ltr'>nullam</span> <span class='ocrx_word' id='word_1_201' title='bbox 2850 2798 2962 2861; x_wconf 87' lang='lat' dir='ltr'>da-</span> 
     </span>
     <span class='ocr_line' id='line_1_28' title="bbox 658 2895 2964 2979; baseline -0.001 -18"><span class='ocrx_word' id='word_1_202' title='bbox 658 2897 1052 2961; x_wconf 88' lang='lat' dir='ltr'>mnationem</span> <span class='ocrx_word' id='word_1_203' title='bbox 1099 2895 1532 2977; x_wconf 87' lang='lat' dir='ltr'>episcoporum</span> <span class='ocrx_word' id='word_1_204' title='bbox 1580 2917 1715 2958; x_wconf 86' lang='lat' dir='ltr'>esse</span> <span class='ocrx_word' id='word_1_205' title='bbox 1754 2918 2038 2979; x_wconf 87' lang='lat' dir='ltr'>unquam</span> <span class='ocrx_word' id='word_1_206' title='bbox 2084 2918 2432 2975; x_wconf 67' lang='lat' dir='ltr'>censemus»,</span> <span class='ocrx_word' id='word_1_207' title='bbox 2481 2896 2607 2961; x_wconf 91' lang='lat' dir='ltr'>nisi</span> <span class='ocrx_word' id='word_1_208' title='bbox 2651 2899 2766 2960; x_wconf 88' lang='lat' dir='ltr'>aut</span> <span class='ocrx_word' id='word_1_209' title='bbox 2810 2900 2964 2959; x_wconf 87' lang='lat' dir='ltr'>ante</span> 
     </span>
     <span class='ocr_line' id='line_1_29' title="bbox 657 2992 2964 3078; baseline -0.001 -20"><span class='ocrx_word' id='word_1_210' title='bbox 657 2993 1015 3078; x_wconf 86' lang='lat' dir='ltr'>legitimum</span> <span class='ocrx_word' id='word_1_211' title='bbox 1065 3013 1405 3055; x_wconf 88' lang='lat' dir='ltr'>numerum</span> <span class='ocrx_word' id='word_1_212' title='bbox 1466 2992 1937 3074; x_wconf 90' lang='lat' dir='ltr'>episcoporum,</span> <span class='ocrx_word' id='word_1_213' title='bbox 2000 2994 2111 3076; x_wconf 89' lang='lat' dir='ltr'>qui</span> <span class='ocrx_word' id='word_1_214' title='bbox 2157 2994 2234 3057; x_wconf 90' lang='lat' dir='ltr'>fit</span> <span class='ocrx_word' id='word_1_215' title='bbox 2292 3015 2406 3076; x_wconf 91' lang='lat' dir='ltr'>per</span> <span class='ocrx_word' id='word_1_216' title='bbox 2465 2993 2792 3059; x_wconf 90' lang='lat' dir='ltr'>duodecim</span> <span class='ocrx_word' id='word_1_217' title='bbox 2837 2993 2964 3075; x_wconf 89' lang='lat' dir='ltr'>epi·</span> 
     </span>
     <span class='ocr_line' id='line_1_30' title="bbox 657 3087 2962 3174; baseline -0.001 -20"><span class='ocrx_word' id='word_1_218' title='bbox 657 3112 909 3172; x_wconf 80' lang='lat' dir='ltr'>scopOS,</span> <span class='ocrx_word' id='word_1_219' title='bbox 963 3092 1080 3152; x_wconf 87' lang='lat' dir='ltr'>aut</span> <span class='ocrx_word' id='word_1_220' title='bbox 1124 3092 1297 3151; x_wconf 89' lang='lat' dir='ltr'>certe</span> <span class='ocrx_word' id='word_1_221' title='bbox 1342 3087 1614 3170; x_wconf 91' lang='lat' dir='ltr'>probata</span> <span class='ocrx_word' id='word_1_222' title='bbox 1660 3089 1985 3152; x_wconf 89' lang='lat' dir='ltr'>sententia</span> <span class='ocrx_word' id='word_1_223' title='bbox 2027 3110 2140 3172; x_wconf 90' lang='lat' dir='ltr'>per</span> <span class='ocrx_word' id='word_1_224' title='bbox 2184 3091 2594 3174; x_wconf 87' lang='lat' dir='ltr'>septuaginta</span> <span class='ocrx_word' id='word_1_225' title='bbox 2640 3090 2796 3153; x_wconf 89' lang='lat' dir='ltr'>duos</span> <span class='ocrx_word' id='word_1_226' title='bbox 2835 3088 2962 3153; x_wconf 92' lang='lat' dir='ltr'>ido-</span> 
     </span>
     <span class='ocr_line' id='line_1_31' title="bbox 658 3185 2965 3270; baseline -0.001 -20"><span class='ocrx_word' id='word_1_227' title='bbox 658 3208 815 3250; x_wconf 89' lang='lat' dir='ltr'>neos</span> <span class='ocrx_word' id='word_1_228' title='bbox 860 3189 1091 3265; x_wconf 89' lang='lat' dir='ltr'>testes,</span> <span class='ocrx_word' id='word_1_229' title='bbox 1149 3185 1260 3268; x_wconf 88' lang='lat' dir='ltr'>qui</span> <span class='ocrx_word' id='word_1_230' title='bbox 1306 3185 1465 3248; x_wconf 84' lang='lat' dir='ltr'>tales</span> <span class='ocrx_word' id='word_1_231' title='bbox 1511 3185 1681 3263; x_wconf 90' lang='lat' dir='ltr'>sint,</span> <span class='ocrx_word' id='word_1_232' title='bbox 1736 3185 1846 3268; x_wconf 91' lang='lat' dir='ltr'>qui</span> <span class='ocrx_word' id='word_1_233' title='bbox 1894 3188 1959 3248; x_wconf 91' lang='lat' dir='ltr'>et</span> <span class='ocrx_word' id='word_1_234' title='bbox 2005 3206 2297 3250; x_wconf 86' lang='lat' dir='ltr'>accusare</span> <span class='ocrx_word' id='word_1_235' title='bbox 2341 3187 2622 3270; x_wconf 87' lang='lat' dir='ltr'>possint,</span> <span class='ocrx_word' id='word_1_236' title='bbox 2680 3190 2746 3249; x_wconf 91' lang='lat' dir='ltr'>et</span> <span class='ocrx_word' id='word_1_237' title='bbox 2789 3185 2965 3268; x_wconf 91' lang='lat' dir='ltr'>prius</span> 
     </span>
     <span class='ocr_line' id='line_1_32' title="bbox 658 3279 2967 3366; baseline -0 -19"><span class='ocrx_word' id='word_1_238' title='bbox 658 3282 739 3347; x_wconf 89' lang='lat' dir='ltr'>ad</span> <span class='ocrx_word' id='word_1_239' title='bbox 808 3303 989 3346; x_wconf 87' lang='lat' dir='ltr'>sacra</span> <span class='ocrx_word' id='word_1_240' title='bbox 1055 3281 1293 3345; x_wconf 87' lang='lat' dir='ltr'>Christi</span> <span class='ocrx_word' id='word_1_241' title='bbox 1362 3285 1642 3365; x_wconf 87' lang='lat' dir='ltr'>quatuor</span> <span class='ocrx_word' id='word_1_242' title='bbox 1709 3279 2064 3366; x_wconf 85' lang='lat' dir='ltr'>Evangelia</span> <span class='ocrx_word' id='word_1_243' title='bbox 2136 3287 2538 3346; x_wconf 89' lang='lat' dir='ltr'>sacramenta</span> <span class='ocrx_word' id='word_1_244' title='bbox 2613 3287 2967 3366; x_wconf 90' lang='lat' dir='ltr'>praestent,</span> 
     </span>
     <span class='ocr_line' id='line_1_33' title="bbox 660 3377 2962 3463; baseline 0 -20"><span class='ocrx_word' id='word_1_245' title='bbox 660 3378 832 3463; x_wconf 88' lang='lat' dir='ltr'>quod</span> <span class='ocrx_word' id='word_1_246' title='bbox 890 3379 986 3442; x_wconf 91' lang='lat' dir='ltr'>nil</span> <span class='ocrx_word' id='word_1_247' title='bbox 1046 3378 1281 3441; x_wconf 86' lang='lat' dir='ltr'>falsum</span> <span class='ocrx_word' id='word_1_248' title='bbox 1338 3377 1745 3461; x_wconf 90' lang='lat' dir='ltr'>depromant,</span> <span class='ocrx_word' id='word_1_249' title='bbox 1807 3379 1970 3443; x_wconf 86' lang='lat' dir='ltr'>sicut</span> <span class='ocrx_word' id='word_1_250' title='bbox 2031 3378 2217 3442; x_wconf 89' lang='lat' dir='ltr'>nobis</span> <span class='ocrx_word' id='word_1_251' title='bbox 2280 3380 2504 3443; x_wconf 89' lang='lat' dir='ltr'>beatus</span> <span class='ocrx_word' id='word_1_252' title='bbox 2550 3377 2855 3445; x_wconf 83' lang='lat' dir='ltr'>Silvester</span> <span class='ocrx_word' id='word_1_253' title='bbox 2899 3384 2962 3443; x_wconf 82' lang='lat' dir='ltr'>et</span> 
     </span>
     <span class='ocr_line' id='line_1_34' title="bbox 660 3473 2965 3552; baseline 0 -14"><span class='ocrx_word' id='word_1_254' title='bbox 660 3478 885 3539; x_wconf 87' lang='lat' dir='ltr'>sancta</span> <span class='ocrx_word' id='word_1_255' title='bbox 947 3473 1241 3538; x_wconf 86' lang='lat' dir='ltr'>Romana</span> <span class='ocrx_word' id='word_1_256' title='bbox 1295 3478 1515 3538; x_wconf 88' lang='lat' dir='ltr'>tenere</span> <span class='ocrx_word' id='word_1_257' title='bbox 1570 3474 1824 3538; x_wconf 88' lang='lat' dir='ltr'>videtur</span> <span class='ocrx_word' id='word_1_258' title='bbox 1883 3474 2191 3539; x_wconf 84' lang='lat' dir='ltr'>ecclesia.‘</span> <span class='ocrx_word' id='word_1_259' title='bbox 2281 3476 2483 3552; x_wconf 84' lang='lat' dir='ltr'>Quam</span> <span class='ocrx_word' id='word_1_260' title='bbox 2549 3480 2804 3542; x_wconf 87' lang='lat' dir='ltr'>secutus</span> <span class='ocrx_word' id='word_1_261' title='bbox 2862 3478 2965 3540; x_wconf 88' lang='lat' dir='ltr'>de-</span> 
     </span>
     <span class='ocr_line' id='line_1_35' title="bbox 662 3571 2962 3656; baseline 0 -22"><span class='ocrx_word' id='word_1_262' title='bbox 662 3593 871 3636; x_wconf 88' lang='lat' dir='ltr'>cessor</span> <span class='ocrx_word' id='word_1_263' title='bbox 917 3593 1093 3635; x_wconf 91' lang='lat' dir='ltr'>meus</span> <span class='ocrx_word' id='word_1_264' title='bbox 1139 3574 1397 3636; x_wconf 87' lang='lat' dir='ltr'>sanctae</span> <span class='ocrx_word' id='word_1_265' title='bbox 1454 3571 1796 3635; x_wconf 90' lang='lat' dir='ltr'>memoriae</span> <span class='ocrx_word' id='word_1_266' title='bbox 1841 3571 2259 3649; x_wconf 79' lang='lat' dir='ltr'>Benedictus,</span> <span class='ocrx_word' id='word_1_267' title='bbox 2314 3574 2426 3656; x_wconf 90' lang='lat' dir='ltr'>qui</span> <span class='ocrx_word' id='word_1_268' title='bbox 2481 3577 2706 3637; x_wconf 88' lang='lat' dir='ltr'>contra</span> <span class='ocrx_word' id='word_1_269' title='bbox 2752 3572 2962 3636; x_wconf 91' lang='lat' dir='ltr'>deces-</span> 
     </span>
     <span class='ocr_line' id='line_1_36' title="bbox 664 3667 2964 3753; baseline 0 -21"><span class='ocrx_word' id='word_1_270' title='bbox 664 3668 825 3733; x_wconf 90' lang='lat' dir='ltr'>soris</span> <span class='ocrx_word' id='word_1_271' title='bbox 871 3669 969 3731; x_wconf 90' lang='lat' dir='ltr'>sui</span> <span class='ocrx_word' id='word_1_272' title='bbox 1015 3667 1371 3742; x_wconf 88' lang='lat' dir='ltr'>decretum,</span> <span class='ocrx_word' id='word_1_273' title='bbox 1434 3689 1567 3731; x_wconf 93' lang='lat' dir='ltr'>non</span> <span class='ocrx_word' id='word_1_274' title='bbox 1620 3669 1703 3731; x_wconf 89' lang='lat' dir='ltr'>ab</span> <span class='ocrx_word' id='word_1_275' title='bbox 1751 3669 2062 3751; x_wconf 88' lang='lat' dir='ltr'>episcopis</span> <span class='ocrx_word' id='word_1_276' title='bbox 2117 3669 2227 3733; x_wconf 92' lang='lat' dir='ltr'>sed</span> <span class='ocrx_word' id='word_1_277' title='bbox 2284 3691 2322 3733; x_wconf 90' lang='lat' dir='ltr'>a</span> <span class='ocrx_word' id='word_1_278' title='bbox 2375 3670 2579 3748; x_wconf 76' lang='lat' dir='ltr'>laiciS,</span> <span class='ocrx_word' id='word_1_279' title='bbox 2642 3669 2964 3753; x_wconf 88' lang='lat' dir='ltr'>episcopos</span> 
     </span>
     <span class='ocr_line' id='line_1_37' title="bbox 661 3764 2965 3849; baseline 0 -20"><span class='ocrx_word' id='word_1_280' title='bbox 661 3766 734 3829; x_wconf 88' lang='lat' dir='ltr'>in</span> <span class='ocrx_word' id='word_1_281' title='bbox 779 3764 1038 3848; x_wconf 86' lang='lat' dir='ltr'>regione</span> <span class='ocrx_word' id='word_1_282' title='bbox 1082 3767 1196 3828; x_wconf 91' lang='lat' dir='ltr'>tua</span> <span class='ocrx_word' id='word_1_283' title='bbox 1254 3766 1643 3847; x_wconf 82' lang='lat' dir='ltr'>cognoverat</span> <span class='ocrx_word' id='word_1_284' title='bbox 1702 3785 1836 3828; x_wconf 89' lang='lat' dir='ltr'>esse</span> <span class='ocrx_word' id='word_1_285' title='bbox 1896 3764 2207 3849; x_wconf 85' lang='lat' dir='ltr'>dejectos,</span> <span class='ocrx_word' id='word_1_286' title='bbox 2267 3767 2470 3830; x_wconf 86' lang='lat' dir='ltr'>multa</span> <span class='ocrx_word' id='word_1_287' title='bbox 2525 3766 2846 3831; x_wconf 89' lang='lat' dir='ltr'>moestitia</span> <span class='ocrx_word' id='word_1_288' title='bbox 2900 3771 2965 3830; x_wconf 84' lang='lat' dir='ltr'>et</span> 
     </span>
     <span class='ocr_line' id='line_1_38' title="bbox 661 3860 2964 3946; baseline 0 -21"><span class='ocrx_word' id='word_1_289' title='bbox 661 3860 1110 3943; x_wconf 85' lang='lat' dir='ltr'>indignatione</span> <span class='ocrx_word' id='word_1_290' title='bbox 1154 3861 1463 3944; x_wconf 73' lang='lat' dir='ltr'>repletUS,</span> <span class='ocrx_word' id='word_1_291' title='bbox 1528 3861 1809 3943; x_wconf 88' lang='lat' dir='ltr'>scripsit,</span> <span class='ocrx_word' id='word_1_292' title='bbox 1867 3862 2038 3945; x_wconf 88' lang='lat' dir='ltr'>quod</span> <span class='ocrx_word' id='word_1_293' title='bbox 2092 3863 2274 3927; x_wconf 88' lang='lat' dir='ltr'>nulla</span> <span class='ocrx_word' id='word_1_294' title='bbox 2322 3863 2490 3928; x_wconf 89' lang='lat' dir='ltr'>ratio</span> <span class='ocrx_word' id='word_1_295' title='bbox 2542 3864 2784 3928; x_wconf 89' lang='lat' dir='ltr'>sineret</span> <span class='ocrx_word' id='word_1_296' title='bbox 2830 3862 2964 3946; x_wconf 89' lang='lat' dir='ltr'>epi-</span> 
     </span>
     <span class='ocr_line' id='line_1_39' title="bbox 664 3957 2963 4041; baseline 0 -20"><span class='ocrx_word' id='word_1_297' title='bbox 664 3979 884 4040; x_wconf 89' lang='lat' dir='ltr'>scopos</span> <span class='ocrx_word' id='word_1_298' title='bbox 946 3981 982 4022; x_wconf 90' lang='lat' dir='ltr'>a</span> <span class='ocrx_word' id='word_1_299' title='bbox 1038 3958 1170 4020; x_wconf 89' lang='lat' dir='ltr'>suis</span> <span class='ocrx_word' id='word_1_300' title='bbox 1224 3957 1474 4022; x_wconf 88' lang='lat' dir='ltr'>sedibus</span> <span class='ocrx_word' id='word_1_301' title='bbox 1529 3957 1714 4041; x_wconf 91' lang='lat' dir='ltr'>pelli,</span> <span class='ocrx_word' id='word_1_302' title='bbox 1772 3979 1930 4041; x_wconf 88' lang='lat' dir='ltr'>quos</span> <span class='ocrx_word' id='word_1_303' title='bbox 1981 3958 2408 4024; x_wconf 89' lang='lat' dir='ltr'>duodenarius</span> <span class='ocrx_word' id='word_1_304' title='bbox 2467 3981 2775 4024; x_wconf 88' lang='lat' dir='ltr'>numerus</span> <span class='ocrx_word' id='word_1_305' title='bbox 2833 3981 2963 4023; x_wconf 91' lang='lat' dir='ltr'>non</span> 
     </span>
     <span class='ocr_line' id='line_1_40' title="bbox 664 4053 2964 4140; baseline 0 -23"><span class='ocrx_word' id='word_1_306' title='bbox 664 4054 974 4138; x_wconf 86' lang='lat' dir='ltr'>ejecisset.</span> <span class='ocrx_word' id='word_1_307' title='bbox 1089 4053 1369 4130; x_wconf 83' lang='lat' dir='ltr'>Quorum</span> <span class='ocrx_word' id='word_1_308' title='bbox 1431 4054 1703 4138; x_wconf 85' lang='lat' dir='ltr'>vestigia</span> <span class='ocrx_word' id='word_1_309' title='bbox 1776 4059 1841 4118; x_wconf 89' lang='lat' dir='ltr'>et</span> <span class='ocrx_word' id='word_1_310' title='bbox 1913 4076 2031 4139; x_wconf 88' lang='lat' dir='ltr'>ego</span> <span class='ocrx_word' id='word_1_311' title='bbox 2099 4078 2352 4140; x_wconf 91' lang='lat' dir='ltr'>quoque</span> <span class='ocrx_word' id='word_1_312' title='bbox 2420 4061 2676 4120; x_wconf 88' lang='lat' dir='ltr'>secutus</span> <span class='ocrx_word' id='word_1_313' title='bbox 2748 4055 2964 4120; x_wconf 88' lang='lat' dir='ltr'>eadem</span> 
     </span>
     <span class='ocr_line' id='line_1_41' title="bbox 665 4150 2968 4238; baseline 0 -23"><span class='ocrx_word' id='word_1_314' title='bbox 665 4150 910 4226; x_wconf 87' lang='lat' dir='ltr'>censui,</span> <span class='ocrx_word' id='word_1_315' title='bbox 966 4151 1095 4215; x_wconf 91' lang='lat' dir='ltr'>imo</span> <span class='ocrx_word' id='word_1_316' title='bbox 1142 4155 1207 4215; x_wconf 90' lang='lat' dir='ltr'>et</span> <span class='ocrx_word' id='word_1_317' title='bbox 1250 4171 1503 4227; x_wconf 83' lang='lat' dir='ltr'>censeO,</span> <span class='ocrx_word' id='word_1_318' title='bbox 1564 4171 1684 4215; x_wconf 89' lang='lat' dir='ltr'>nec</span> <span class='ocrx_word' id='word_1_319' title='bbox 1728 4153 1924 4216; x_wconf 90' lang='lat' dir='ltr'>ullam</span> <span class='ocrx_word' id='word_1_320' title='bbox 1971 4174 2154 4236; x_wconf 87' lang='lat' dir='ltr'>posse</span> <span class='ocrx_word' id='word_1_321' title='bbox 2197 4152 2520 4238; x_wconf 86' lang='lat' dir='ltr'>episcopos</span> <span class='ocrx_word' id='word_1_322' title='bbox 2563 4153 2662 4217; x_wconf 89' lang='lat' dir='ltr'>sui</span> <span class='ocrx_word' id='word_1_323' title='bbox 2710 4152 2968 4218; x_wconf 89' lang='lat' dir='ltr'>honoris</span> 
     </span>
    </p>
   </div>
  </div>
 </body>
</html>
