3270 5028
731 233 740 264 l

2084 263 2129 270 ..-.

660 447 769 497 360
1334 441 1512 495 XVII.
1552 442 1633 495 De
1674 441 1970 497 schismate
2006 443 2294 497 Photiano.

660 586 792 649 rius
837 586 1165 668 progredi,
1230 585 1352 647 nisi
1411 582 1695 647 libellum
1749 582 1902 662 fidei
1960 585 2319 669 signarent,
2383 607 2508 668 quo
2564 585 2752 667 plura
2812 584 3003 667 ipsis

659 683 1189 765 proponebantur
1231 679 1613 755 damnanda,
1664 703 1828 764 qnae
1863 681 2133 746 Photius
2165 680 2415 746 Latinis
2447 686 2758 765 tanquam
2797 702 2996 744 erro-

661 801 784 842 nea
830 779 1276 861 exprobrabat.
1346 778 1729 841 Anastasius
1775 777 1844 840 in
1891 776 2037 841 Vita
2069 775 2330 841 Nicolai
2366 778 2612 842 scribit:
2664 776 3002 842 Donatus

660 873 1047 939 reverendus
1092 871 1449 955 episcopus,
1514 872 1772 953 Leoque
1817 873 2183 955 presbyter,
2242 878 2303 937 et
2348 874 2663 954 Marinus
2717 877 2990 955 aposto-

661 970 821 1035 licae
865 970 1050 1054 Sedis
1094 969 1423 1047 minister,
1494 970 1649 1033 dum
1704 969 2326 1052 Constantinopolim
2379 971 2479 1035 ire
2524 970 2778 1050 vellent,
2839 990 2999 1035 ecce

658 1066 834 1131 inter
893 1066 1055 1145 fines
1114 1066 1481 1149 Bulyariae
1546 1065 2090 1148 CPtanorumque
2151 1068 2490 1148 quemdam
2556 1065 2997 1131 Theodorum

660 1162 994 1227 marcham
1050 1162 1235 1227 illam
1290 1162 1748 1227 custodientem
1802 1163 2218 1242 invenerunt,
2281 1164 2395 1246 qui
2454 1185 2557 1228 eos
2612 1164 2792 1229 ultra
2838 1183 2991 1227 non

661 1258 912 1324 dimisit
957 1258 1162 1339 abire,
1228 1259 1387 1341 quin
1440 1259 1665 1341 potius
1718 1260 2090 1325 innumeris
2143 1281 2246 1325 eos
2303 1261 2616 1327 denotans
2673 1259 2993 1343 injurii-3,

661 1356 817 1420 adeo
865 1360 1085 1422 tantae
1132 1356 1316 1421 Sedis
1373 1356 1601 1439 leqatis
1655 1356 1900 1421 abusus
1959 1362 2077 1434 est,
2145 1362 2220 1423 ut
2275 1358 2472 1423 etiam
2529 1379 2839 1440 equorum
2900 1357 2987 1422 in

662 1452 897 1535 quibus
926 1452 1227 1518 sedebant
1259 1453 1476 1535 capita
1498 1458 1883 1535 percuteret,
1917 1454 2310 1536 diceretque:
2354 1454 2723 1537 Imperator
2751 1460 2992 1519 noster

660 1571 772 1615 vos
815 1549 1208 1614 necessarios
1253 1570 1409 1615 sane
1455 1571 1587 1615 non
1634 1549 1840 1614 habet.
1932 1549 2059 1615 Sed
2100 1550 2268 1615 idem
2314 1551 2685 1634 Imperator
2740 1550 2994 1634 leyatis

660 1647 833 1729 reqis
894 1644 1346 1728 Bulqarorum
1406 1646 1504 1711 ita
1569 1646 1790 1728 fertur
1853 1635 2162 1711 dixisse:
2190 1647 2344 1712 Nisi
2396 1669 2520 1730 per
2570 1647 2991 1731 Bulqariam.

662 1744 848 1809 missi
895 1742 1079 1807 Sedis
1127 1742 1533 1824 Apostolicae
1576 1743 1927 1821 venissent,
1982 1764 2097 1808 nec
2147 1743 2383 1825 faciem
2430 1766 2634 1811 meam
2679 1766 2794 1810 nec
2836 1745 2980 1810 Ro-

664 1861 837 1905 mam
884 1839 1105 1904 diebus
1149 1838 1321 1903 vitae
1374 1860 1531 1904 suae
1583 1840 1891 1904 viderent.
1984 1840 2110 1904 Illi
2155 1847 2302 1904 v'ero
2349 1862 2474 1923 per
2528 1840 2985 1923 quadrayinta

666 1937 801 2002 dies
842 1936 980 2001 illic
1010 1936 1377 2015 residentes,
1427 1940 1504 2001 ut
1541 1941 1975 2018 coqnoverunt
2022 1936 2179 2017 quia
2225 1936 2339 2001 hoc
2367 1937 2735 2019 Imperator
2769 1936 2976 2001 Grae-

666 2055 887 2101 corum
930 2033 1078 2113 fieri
1108 2034 1434 2116 jusserat,
1495 2038 1678 2115 terga
1725 2037 2062 2098 verterunt
2116 2037 2176 2097 et
2220 2029 2502 2098 Romam
2556 2033 2710 2098 haec
2753 2034 2983 2098 eadem

664 2130 1047 2196 nuntiantes
1102 2129 1306 2197 coacti
1362 2130 1605 2194 reversi
1664 2129 1894 2212 sunt.¹)
1985 2129 2081 2193 De
2127 2131 2347 2195 libello
2392 2132 2537 2194 fidei
2585 2137 2799 2195 autem
2849 2130 2976 2194 Ni-

668 2230 882 2292 colaus
946 2228 1169 2292 scribit
1233 2228 1303 2291 in
1368 2229 1641 2311 epistola
1702 2229 1862 2309 (70⁸)
1912 2228 1989 2290 ad
2064 2228 2509 2292 Hincmarum:
2586 2227 2679 2292 Et
2739 2226 2982 2314 adhuc,

669 2323 836 2405 quod
879 2328 971 2387 est
1010 2322 1287 2405 yravius
1332 2326 1392 2387 et
1434 2322 1761 2396 insanius,
1810 2343 1851 2387 a
1896 2322 2115 2387 missis
2158 2322 2403 2387 nostris
2448 2328 2676 2389 contra
2721 2344 2976 2389 omnem

665 2420 959 2501 regulam
1004 2423 1064 2483 et
1111 2423 1378 2500 praeter
1432 2439 1681 2484 omnem
1729 2419 2284 2499 consuetudinem,
2342 2419 2625 2487 libellum
2677 2420 2853 2500 fidei,
2914 2421 2981 2485 si

669 2517 747 2582 ab
795 2516 885 2581 eis
940 2517 1142 2599 recipi
1193 2514 1451 2596 vellent,
1514 2517 1770 2598 cxiqere
1822 2514 2281 2596 moliebantur,
2343 2517 2417 2582 in
2475 2539 2600 2599 quo
2656 2522 2788 2582 tam
2840 2517 2983 2581 ista

669 2612 975 2697 capitula,
1024 2618 1158 2679 tam
1205 2634 1280 2678 ea
1325 2618 1608 2679 tenentes
1637 2612 2305 2692 anathematizarent;
2345 2634 2459 2678 nec
2504 2635 2635 2679 non
2667 2613 2985 2696 epistolas

669 2710 1014 2775 canonicas
1057 2709 1177 2773 has
1220 2712 1825 2790 (commendatitias)
1872 2709 1958 2788 ei,
2017 2730 2201 2791 quem
2260 2731 2452 2775 suum
2501 2709 2984 2776 oecumenicum

660 2805 1114 2888 patriarcham
1161 2806 1509 2888 appellant,
1557 2806 1810 2871 dandas
1854 2805 2140 2888 improbe
2184 2808 2617 2887 requirebant.
2632 2810 2681 2886 2)

847 2906 951 2968 58.
1008 2903 1280 2968 Interim
1327 2903 1597 2968 Photius
1662 2909 1841 2967 actus
1896 2905 2244 2986 impiet-atis
2306 2897 2560 2982 ardore,
2621 2906 2730 2988 qui
2786 2902 2985 2967 vehe-

672 3006 921 3065 menter
977 3001 1410 3064 inflammatus
1471 3004 1609 3063 erat
1664 3001 1742 3063 iis
1803 3022 1966 3083 quae
2020 3002 2185 3084 apud
2232 3001 2544 3086 Bulgaros
2604 3006 2984 3075 evenerant,

672 3120 807 3162 sese
853 3097 1134 3162 accinxit
1178 3098 1255 3160 ad
1284 3097 1529 3179 „bellum
1578 3102 1874 3178 apertum
1923 3102 2148 3161 contra
2183 3098 2545 3162 Romanum
2578 3098 2983 3162 Pontificem.

676 3194 855 3259 Misit
900 3193 1098 3277 igitur
1141 3193 1220 3256 ad
1270 3195 1590 3276 episcopos
1635 3191 1920 3256 Orientis
1970 3195 2353 3276 encyclicam
2401 3195 2760 3278 epistolam,
2809 3216 2988 3277 quae

255 3284 262 3291 ⁸
341 3296 488 3341 Photii
530 3310 656 3352 ancy·
675 3291 895 3354 haberi
938 3294 1148 3372 potest
1188 3294 1259 3353 ut
1307 3290 1760 3354 documentum
1815 3290 2003 3372 illud,
2062 3313 2190 3373 quo
2233 3292 2556 3356 schismati
2605 3293 2822 3356 futuro
2868 3292 2980 3354 via

438 3360 564 3401 elica.

676 3394 897 3471 aperta
943 3392 1057 3450 est.
1134 3386 1373 3449 Eadem
1420 3408 1661 3450 errores
1709 3390 1775 3449 et
1821 3388 2270 3469 usurpationes
2304 3388 2681 3453 Latinorum
2728 3390 2793 3451 in
2830 3387 2979 3452 Bul·

675 3486 855 3568 garia
915 3503 1151 3566 magna
1211 3505 1350 3546 cum
1408 3483 1716 3546 violentia
1766 3483 2134 3566 impugnat,
2200 3492 2264 3549 et
2326 3486 2644 3568 praesules
2692 3483 2984 3549 Orientis

674 3580 755 3644 ad
798 3578 1148 3644 Concilium
1205 3580 1684 3642 oecumenicum
1740 3587 1968 3643 contra
2024 3602 2130 3644 eos
2193 3582 2754 3665 Constantinopoli
2812 3582 2977 3645 cele-

672 3676 984 3741 brandum
1042 3675 1296 3737 invitat.
1389 3674 1626 3758 Incipit
1683 3676 1840 3739 haec
1898 3678 2166 3759 epistola
2221 3679 2348 3741 illis
2405 3679 2643 3742 verbis:
2699 3675 2985 3742 Photius

673 3769 1087 3836 miseratione
1154 3769 1380 3834 divina
1448 3769 1969 3852 archiepiscopus
2040 3771 2702 3855 Constantinopoleos,
2776 3794 2983 3839 novae

673 3869 939 3948 Romae,
986 3871 1046 3931 et
1080 3866 1520 3931 oecumenicus
1556 3867 1962 3948 patriarcha.
2014 3906 2090 3914 —
2146 3870 2447 3935 Humani
2484 3871 2743 3955 yeneris
2776 3870 2979 3935 hostis

674 3965 958 4030 nondum
1006 3964 1263 4028 videtur
1309 3963 1552 4028 nostris
1596 3963 1790 4028 malis
1832 3965 1995 4030 satis
2041 3971 2408 4047 contentus,
2470 3989 2677 4049 neque
2716 3966 2978 4050 fraudi-

856 4174 896 4240 1)
941 4173 1076 4227 Vita
1112 4174 1325 4228 Nicolai
1365 4192 1408 4229 c.
1446 4177 1532 4227 41.
1570 4177 1655 4226 42.
1871 4172 1914 4241 ²)
1948 4176 2133 4229 Labbe
2164 4177 2317 4231 VIII.
2353 4179 2473 4229 470.
