3270 5028
672 439 778 491 302
1015 434 1164 490 XVI.
1205 434 1412 488 Causae
1451 401 1691 490 ceiebres
1730 439 1788 490 et
1822 435 2141 490 Decretales
2178 435 2635 490 Pseudo-Isidori.

381 576 611 680 Ρᾶἶῗὶῗξῦ
850 579 953 642 96.
1024 576 1367 643 Caeterum
1433 577 1830 659 praesulibus
1895 576 2144 641 Galliae
2200 578 2515 661 principia
2584 576 2835 644 Nicolai
2907 579 2992 643 de

582 671 592 681 ’
663 674 924 759 judiciis
972 674 1409 757 episcoporum
1468 673 1842 737 nullatenus
1902 673 2228 750 inaudita,
2289 674 2389 736 vel
2444 674 2720 758 ipsorum
2767 675 2992 759 digni-

672 771 808 836 tati.
839 774 907 834 et
952 769 1323 834 auctoritati
1367 769 1561 833 noxia
1605 770 1743 833 visa
1787 773 1958 837 sunt.
2048 768 2438 833 Hincmarus
2492 770 2772 853 quidem,
2831 772 2990 836 dum

670 868 888 931 favore
936 865 1148 930 Caroli
1196 863 1374 929 Calvi
1433 865 1701 944 fruitur,
1764 865 2015 931 invehit
2069 867 2139 930 in
2195 886 2270 930 ea
2323 867 2555 949 quibus
2600 867 2990 933 dominatio·

671 985 818 1028 nem
864 985 1073 1039 suam,
1123 983 1312 1046 quam
1359 965 1433 1025 ut
1477 962 2007 1046 metropolitanus
2055 961 2453 1040 sectabatur,
2503 964 2825 1048 confringi
2870 964 2989 1028 ad-

670 1059 978 1125 vertebat.
1072 1054 1200 1121 Sed
1260 1080 1454 1142 quum
1513 1080 1569 1122 a.
1620 1059 1746 1122 867
1806 1081 1882 1123 ex
1940 1058 2159 1123 favore
2218 1059 2389 1142 regis
2441 1060 2776 1125 excidisset
2822 1062 2988 1144 ipse,

670 1160 1013 1239 postquam
1059 1154 1418 1218 Rothadius
1463 1155 1823 1231 restitutuS,
1870 1154 2218 1219 Wulfadus
2265 1159 2482 1218 autem
2530 1160 2596 1219 et
2640 1156 2793 1221 socii
2840 1158 2992 1242 ejus

623 1255 740 1317 ·in
786 1254 1025 1317 clerum
1072 1251 1328 1314 admissi
1380 1254 1612 1331 essent,
1661 1273 1804 1334 cum
1851 1252 2119 1334 reliquis
2164 1252 2597 1335 praesulibUS‚
2649 1257 2714 1318 et
2759 1253 2991 1318 ordine

668 1350 942 1433 primm,
1011 1349 1077 1412 in
1146 1347 1415 1430 epistola
1477 1345 1779 1430 synodica
1842 1346 2068 1430 synodi
2133 1347 2465 1412 Trecensis
2529 1349 2610 1427 (a.
2677 1348 2833 1433 867)
2899 1350 2990 1415 ad

669 1444 1009 1510 Nicolaum
1064 1444 1315 1508 scribit:
1374 1441 1506 1506 His
1553 1462 1702 1524 erqo
1755 1441 1854 1507 ita
1900 1464 2028 1524 ,pro
2087 1442 2455 1525 quantitate
2511 1443 2991 1528 intelliyentiae

669 1546 932 1607 nostrae
977 1538 1295 1619 decursis,
1348 1537 1687 1603 summisse
1731 1537 2085 1604 devotionis
2132 1538 2425 1621 obsequio
2468 1540 2668 1605 vestri
2708 1541 2987 1624 Aposto-

671 1640 847 1705 latus
913 1656 1261 1703 exoramus
1320 1633 1735 1718 maqnificam
1800 1634 2288 1717 beatitudinem,
2351 1640 2427 1701 ut
2493 1635 2991 1720 sapientissima

669 1734 980 1817 indaqine
1024 1731 1447 1798 consideratis
1501 1731 1848 1814 utriusque
1882 1733 2106 1815 partis
2154 1732 2408 1812 relatis,
2466 1754 2641 1798 more
2691 1735 2989 1800 beatissi-
3061 1723 3065 1728 ’

670 1852 925 1897 morum
961 1829 1527 1913 praedecessorum
1572 1832 1959 1908 vestrorum,
2019 1850 2183 1911 quae
2239 1830 2316 1894 de
2360 1834 2541 1896 statu
2593 1831 2767 1896 sacri
2812 1853 2987 1915 pon-

672 1927 932 2009 tificalis
980 1926 1233 1992 ordinis
1278 1924 1357 1991 ab
1404 1923 1495 1989 eis
1535 1928 1788 1990 statuta
1835 1930 1895 1989 et
1933 1925 2531 2008 impraevaricabili
2591 1927 2987 1994 auctoritate

668 2026 937 2107 firmata
981 2026 1165 2103 sunt,
1219 2025 1296 2087 ut
1354 2013 1623 2086 immota
1669 2022 1745 2086 de
1791 2027 2037 2087 caetero
2092 2028 2427 2103 maneant,
2478 2044 2783 2090 mucrone
2827 2046 2984 2109 apo-

672 2122 892 2188 stolico
946 2139 1495 2203 quorumcumque
1546 2118 2193 2201 metropolitanorum
2249 2119 2601 2186 temeraria
2634 2141 2984 2204 praesum—

663 2219 889 2303 ptione
948 2236 1325 2300 suppressa,
1392 2213 1554 2297 quin
1617 2215 1814 2280 etiam
1879 2216 2282 2298 reliquorum
2341 2216 2780 2300 episcoporum
2826 2239 2982 2300 quo-

673 2335 1117 2398 rumcumque,
1178 2333 1286 2377 seu
1338 2315 2006 2395 quantorumcumque
2050 2313 2288 2379 audaci
2343 2313 2757 2380 conniventia
2792 2315 2981 2397 peni·

673 2419 779 2479 tus
824 2415 1146 2479 summota
1202 2410 1528 2490 (videntur
1577 2410 1659 2473 ad
1703 2408 1990 2474 Ebbonis
2046 2412 2183 2476 fata
2230 2409 2574 2495 alludere),
2625 2410 2984 2495 privileyia

673 2517 733 2578 et
792 2510 1044 2576 decreta
1104 2504 1357 2572 servari
1415 2503 1732 2571 innovata
1787 2506 2244 2574 constitutione
2306 2506 2699 2588 decernatis,
2764 2508 2860 2574 ita
2906 2512 2985 2574 ut

673 2629 787 2676 nec
844 2605 1079 2673 vestris
1137 2624 1251 2670 nec
1307 2602 1564 2686 futuris
1626 2603 2021 2685 temporibus
2084 2608 2355 2688 praeter
2418 2604 2782 2670 consultum
2846 2605 2980 2670 Ro-

674 2704 856 2772 mani
899 2700 1239 2782 Pontificis
1282 2700 1358 2764 de
1397 2699 1613 2782 qradu
1658 2720 1774 2764 suo
1821 2699 2088 2781 quilibet
2127 2700 2567 2785 episcoporum
2613 2700 2982 2784 dejiciatur,

673 2804 842 2869 sicut
908 2797 1272 2864 eorumdem
1348 2800 1723 2862 sanctorum
1796 2801 2270 2863 antecessorum
2334 2802 2693 2862 vestrorum
2761 2797 2983 2867 multi·

662 2898 946 2984 plicibus
1011 2893 1284 2960 'decretis
1352 2898 1413 2959 et
1482 2891 1846 2959 numerosis
1902 2892 2275 2977 privileyiis
2342 2892 2707 2959 stabilitum
2780 2895 2986 2960 modis

673 2994 971 3076 mirificis
1033 2995 1281 3071 exstat,·
1357 2989 1649 3055 videlicet
1718 3010 1798 3054 ne
1865 2989 2093 3071 aliqua
2158 2989 2477 3054 varietate
2544 2994 2665 3055 aut
2729 2990 2984 3057 vilitate

673 3112 966 3160 summus
1013 3089 1166 3155 ordo
1210 3086 1451 3152 diaboli
1482 3084 2055 3152 administratione
2088 3090 2328 3151 nutare
2373 3090 2492 3152 aut
2520 3085 2988 3171 irrequlariter

674 3186 1059 3272 labefactari
1120 3184 1403 3264 sinatur,
1465 3182 1722 3249 domine
1788 3181 2176 3261 beatissime,
2242 3187 2303 3247 et
2370 3181 2548 3248 omni
2609 3184 2750 3249 orbi
2798 3204 2985 3267 papa

674 3283 1054 3352 celebrande.
1071 3281 1115 3359 1)
1198 3282 1368 3346 Huic
1411 3282 1716 3365 epistolae
1762 3281 2106 3364 synodicae
2152 3281 2691 3364 subscripserunt,
2741 3282 2985 3366 primus

673 3384 1060 3447 Hincmarus
1127 3379 1567 3462 metropolita,
1638 3399 1783 3442 cum
1847 3377 1988 3460 ipso
2055 3377 2331 3461 triginta
2395 3377 2847 3462 archiepiscopi
2915 3381 2986 3442 et

676 3478 975 3564 episcopi,
1024 3480 1088 3540 et
1128 3475 1424 3539 undecim
1471 3473 1754 3538 abbates,

367 3647 440 3719 A31
468 3649 640 3690 noverit
850 3637 955 3700 97.
1017 3632 1198 3709 Quod
1258 3632 1312 3696 si
1373 3630 1708 3714 quaeritur
1765 3628 1836 3693 2⁰
1891 3634 2107 3694 utrum
2169 3629 2473 3696 Nicolaus
2521 3630 2983 3697 collectionem

359 3709 636 3812 {ssffiffssffij
677 3729 1204 3798 Pseudo-Isidori
1267 3724 1661 3809 coynoverit‚
1729 3731 1883 3792 sunt
1950 3727 2062 3812 qui
2130 3728 2535 3808 existimant,
2599 3728 2658 3791 ei
2705 3726 2987 3790 Pseudo-

408 3832 605 3874 memes·
678 3830 1047 3894 Decretales
1107 3825 1250 3889 illas
1308 3824 1479 3887 haud
1538 3828 1730 3888 notas
1793 3824 2010 3891 fuisse.
2103 3824 2200 3889 Ac
2250 3845 2471 3889 revera
2529 3825 2760 3888 saltem
2806 3844 2985 3887 anno

675 3927 801 3990 858
863 3923 1149 3987 nondum
1204 3921 1458 3986 videtur
1515 3942 1622 3984 eas
1675 3922 2067 4003 cognovisse.
2174 3921 2317 3986 Hoc
2378 3920 2550 3985 enim
2612 3943 2783 3985 anno
2832 3914 2987 3984 Ser-

854 4161 895 4229 1)
933 4161 1117 4215 Labbe
1144 4161 1298 4215 VIII.
1336 4178 1388 4229 p.
1426 4163 1546 4216 879.
