3270 5028
314 1038 538 1109 Pontificis

361 1113 476 1152 Jura.

420 2923 475 3014 >a

274 3237 564 3292 Reprehendi-

275 3303 349 3341 tur
377 3300 556 3352 Stepha-

261 3373 342 3402 nus
356 3361 441 3403 III.
457 3362 511 3404 R.
525 3361 576 3401 P.

314 3409 405 3494 Ἰν

610 413 710 465 158
1132 411 1280 465 XIV.
1317 412 1402 466 De
1442 411 1592 465 civili
1628 412 1696 465 R.
1735 412 2019 466 Pontificis
2056 413 2382 482 principatu.

605 553 743 643 pori
812 559 878 616 et
954 553 1274 639 adjunctis
1350 553 1795 637 reSPOIQdsshQ·
1908 553 2318 618 Adulationis
2386 555 2483 618 vel
2561 557 2916 620 commina-

604 651 800 714 tionis
870 650 1263 734 incongruae
1334 672 1439 714 eas
1510 671 1646 714 non
1711 655 1971 734 arguet,
2046 649 2155 735 qui
2228 650 2637 732 perpenderit
2698 657 2913 717 aucto-

603 746 862 810 ritatem
919 746 1313 830 principibus
1366 766 1500 810 lnon
1543 745 1752 810 solum
1808 745 1896 809 ad
1954 743 2187 810 mundi
2240 744 2554 826 reyimen,
2616 745 2734 814 sed
2776 767 2915 811 ma-

601 841 777 906 xime
817 841 904 906 ad
949 840 1279 906 Ecclesiae
1316 841 1746 923 praesidium,
1796 864 1932 907 esse
1981 843 2314 916 collatam;
2336 840 2382 924 1)
2428 843 2729 927 Pipinum
2761 867 2917 909 vero

603 961 745 1003 cum
819 940 1012 1003 titulo
1095 939 1345 1022 patricii
1426 939 1864 1004 Romanorum
1936 961 2171 1004 munus
2247 939 2473 1002 tuendi
2549 944 2614 1004 et
2687 940 2914 1005 defen-

602 1036 793 1099 dendi
838 1036 1218 1100 Pontificem
1273 1037 1640 1120 suscepisse.
1702 1069 1786 1081 --
1843 1034 2177 1101 Immerito
2230 1036 2379 1100 dein
2426 1035 2715 1101 Martens
2768 1060 2915 1103 con·

602 1131 843 1209 tendit,
907 1132 1088 1196 nullo
1146 1133 1292 1216 jure
1347 1133 1722 1197 Pontificem
1784 1133 2197 1197 exarchatum
2260 1132 2495 1197 aliasve
2551 1135 2923 1216 provincias

601 1229 885 1311 accipere
935 1229 1246 1311 potuisse,
1304 1229 1417 1292 sed
1460 1229 1825 1293 substitisse
1874 1231 1985 1313 jus
2033 1229 2449 1311 Imperatoris
2503 1231 2572 1293 in
2622 1231 2737 1294 illa
2783 1236 2915 1295 ter·

600 1323 840 1388 ritoria.
930 1324 1254 1405 Vidimus,
1320 1348 1444 1410 quo
1503 1327 1652 1408 jure
1719 1347 1888 1389 nova
1954 1347 2167 1389 rerum
2236 1325 2565 1408 dispositio
2633 1327 2914 1392 stabiliri

600 1421 898 1503 potuerit.
1008 1420 1363 1485 Habebant
1439 1444 1594 1486 sane
1660 1419 1843 1500 Itali,
1917 1421 2197 1485 habebat
2260 1422 2536 1485 maxime
2605 1423 2910 1488 Pontifex

601 1525 668 1581 et
717 1539 861 1581 cum
919 1517 1030 1582 illo
1074 1517 1346 1581 Romani
1397 1519 1504 1602 jus
1557 1515 2067 1609 conservationis
2122 1519 2253 1597 sui,
2316 1540 2444 1602 quo
2501 1525 2763 1603 possent
2814 1542 2915 1584 se-

601 1612 734 1679 curi
788 1613 866 1676 ab
927 1613 1343 1678 infestatione
1404 1606 1715 1679 continua
1751 1605 2337 1698 Lbn'gobardorum
2399 1638 2551 1698 pace
2611 1621 2677 1680 et
2729 1621 2909 1680 tran·

600 1710 923 1794 quillitate
966 1709 1113 1774 frui.
1205 1709 1505 1794 Ineptum
1551 1711 1719 1775 foret
1758 1711 2197 1794 praetendere,
2252 1713 2539 1778 debuisse
2583 1733 2721 1776 sese
2767 1713 2918 1776 illas

600 1828 852 1891 quoque
900 1805 1128 1869 Italiae
1185 1807 1546 1889 provincias
1603 1809 2031 1872 dominationi
2086 1809 2302 1891 gentis
2353 1808 2579 1873 ferocis
2634 1808 2916 1873 submit-

598 1907 755 1967 tere.
855 1902 1001 1966 Jam
1050 1925 1197 1967 vero
1255 1901 1331 1966 de
1380 1901 1558 1984 facto
1617 1904 2039 1988 Imperatores
2098 1906 2310 1987 graeci
2365 1905 2593 1968 Italiae
2646 1906 2912 1988 provin-

598 2001 728 2064 cias
781 1990 1289 2083 dereliquerant}
1316 1996 1584 2084 ueasque
1642 2002 1921 2065 maxima
1975 2005 2158 2083 parte
2215 2005 2678 2083 occupaverant
2734 2000 2912 2065 Lon-

596 2096 894 2181 gobardi3
959 2101 1024 2159 et
1080 2098 1218 2180 jam
1284 2103 1477 2160 antea
1541 2098 1623 2162 ob
1688 2095 2100 2180 tyrannidem
2162 2096 2632 2179 Imperatorum
2691 2097 2912 2163 icono-

598 2194 940 2258 clastarum
1004 2193 1266 2257 omnino
1321 2193 1456 2259 fere
1510 2195 1876 2258 conciderat
1932 2198 2219 2275 potestas
2278 2216 2494 2258 eorum
2554 2194 2623 2256 in
2687 2193 2914 2274 Italos,

595 2291 688 2354 ita
734 2293 808 2353 ut
853 2290 1080 2353 umbra
1127 2290 1233 2352 vix
1295 2289 1560 2354 dominii
1616 2289 2046 2355 remansisset.
2137 2288 2405 2372 Pipinus
2452 2290 2643 2372 plane
2687 2292 2914 2355 renuit.

594 2386 856 2450 reddere
907 2385 1163 2450 Graecis
1217 2387 1545 2450 territoria
1593 2409 1631 2450 a
1681 2385 2122 2470 Longobardis
2169 2388 2347 2469 justo
2407 2386 2576 2450 bello
2617 2387 2908 2464 obtenta,

597 2505 671 2548 ac
738 2483 978 2548 solidae
1047 2484 1167 2567 ipsi
1237 2488 1424 2548 erant
1491 2484 1809 2561 rationes,
1874 2487 1949 2547 ut
2016 2483 2110 2547 ita
2173 2487 2408 2567 ageret.
2516 2483 2696 2559 Quod
2753 2506 2914 2550 vero

596 2581 744 2645 dein
790 2581 1085 2645 Romano
1131 2579 1433 2647 Pontifici
1487 2589 1551 2645 et
1594 2581 1919 2645 Ecclesiae
1970 2601 2085 2643 rex
2142 2580 2707 2645 christianissimus
2760 2582 2911 2645 illas

595 2679 952 2762 provincias
1007 2678 1376 2754 donaverit,
1433 2678 1496 2741 id
1556 2679 1665 2762 qui
1721 2678 1963 2762 aliquid
2019 2678 2280 2760 sapiunt
2336 2698 2586 2759 semper
2631 2698 2911 2760 magnae

594 2774 772 2840 laudi
833 2775 890 2838 ei
944 2779 1300 2838 verterunt.
1409 2773 1578 2837 Illud
1637 2775 1891 2838 demum
1954 2773 2595 2838 animadvertendum
2656 2779 2781 2852 est,
2850 2776 2906 2838 si

593 2894 908 2955 unquam,
969 2872 1041 2936 in
1098 2872 1228 2936 illis
1289 2871 1604 2955 angustiis
1667 2893 1862 2955 quam
1921 2872 2196 2935 maxime
2259 2870 2619 2934 Romanum
2682 2870 2908 2936 Ponti·

592 2970 777 3033 ficem
849 2991 963 3051 pro
1027 2970 1198 3032 bono
1261 2966 1586 3031 Ecclesiae
1653 2989 1755 3031 res
1820 2968 1965 3031 illas
2035 2968 2418 3050 temporales
2479 2990 2729 3031 summa
2769 2963 2914 3032 'sua-

594 3066 978 3129 auctoritate
1026 3070 1092 3129 et
1137 3064 1753 3198 supremofflrbitrio
1802 3065 2098 3129 ordinare
2145 3064 2452 3147 potuisse.

773 3207 874 3271 84.
933 3204 1338 3290 Stephanum
1390 3204 1517 3274 IH.
1579 3207 1871 3271 Martens
1936 3211 2001 3270 et
2074 3204 2333 3288 quidam
2392 3204 2500 3268 alii
2563 3204 2912 3287 scriptores

594 3303 1009 3367 vehementer
1058 3312 1334 3388 carpunt
1389 3306 1470 3369 ob
1527 3305 1892 3388 epistolam,
1948 3324 2139 3386 quam
2198 3301 2277 3365 ad
2326 3298 2625 3364 Carolum
2679 3307 2744 3365 et
2789 3301 2912 3365 Ca·-

594 3402 1045 3464 rolomannum
1099 3400 1306 3478 dedit,
1363 3407 1437 3467 ut
1499 3424 1604 3466 eos
1652 3400 2117 3480 obtestaretur,
2177 3419 2261 3461 ne
2308 3398 2620 3461 alteruter
2666 3419 2913 3477 eorum,

593 3498 850 3562 dimissa
910 3519 1140 3577 uxore,
1202 3499 1398 3562 filiam
1452 3495 1767 3562 Desiderii
1822 3494 2399 3579 Longobardorum
2463 3494 2663 3577 regiS,
2724 3492 2904 3559 Desi-

593 3594 882 3659 deratam
941 3617 1052 3659 seu
1113 3594 1654 3677 Ermengardam,
1724 3592 1794 3657 in
1856 3592 2335 3656 matrimonium
2396 3590 2684 3668 duceret,
2741 3612 2914 3655 neve

595 3690 861 3756 Gisilam
916 3712 1198 3755 sororem
1254 3690 1594 3774 Athalgiso
1652 3689 1786 3753 filio
1843 3687 2163 3752 Desiderii
2219 3687 2624 3751 collocarent.
2715 3685 2912 3750 Hanc

592 3788 925 3872 epistolam
971 3787 1264 3851 videlicet
1319 3787 1559 3869 spirare
1618 3786 1906 3851 animum
1961 3786 2032 3847 in
2078 3782 2538 3864 Longobardos
2593 3784 2750 3847 adeo
2808 3783 2902 3846 in-

593 3888 851 3952 fensum
897 3891 964 3949 et
1009 3886 1306 3967 passione
1350 3884 1639 3948 violenta
1681 3882 2046 3965 abreptum,
2103 3884 2178 3943 ut
2223 3878 2516 3944 Romano
2563 3878 2910 3957 Pontifice,

771 4143 812 4214 ¹)
851 4145 1079 4213 Gregor.
1118 4144 1267 4198 XVI.
1303 4144 1361 4199 in
1399 4144 1619 4212 Encycl.
1661 4141 1878 4197 Mirari
1915 4143 1965 4195 d.
2006 4142 2057 4195 d.
2099 4143 2182 4195 15.
2219 4143 2363 4209 Aug.
2405 4142 2558 4194 1830.
