3270 5028
692 435 726 486 2
1423 435 1506 489 De
1541 435 1759 489 haeresi
1795 435 2274 489 Iconoclastarum.

689 574 909 638 movit.
1010 573 1175 638 Eum
1221 577 1424 641 secuti
1488 581 1640 641 sunt
1686 578 1755 640 in
1810 575 2101 640 doctrina
2145 578 2341 660 impia
2385 579 2795 664 propaganda
2852 581 2997 664 plu-

689 691 788 734 res
861 671 930 734 in
993 668 1271 753 Imperio
1341 675 1753 736 su‘ccessoreS.
1872 672 2186 758 Lugenda
2254 680 2468 739 autem
2530 679 2785 743 ratione
2857 701 2994 744 sese

688 767 1130 831 manifestavit
1188 768 1259 831 in
1320 768 1629 833 diuturna
1688 769 1800 832 illa
1860 769 1936 832 de
1999 772 2191 834 sacris
2248 771 2642 856 imaginibus
2689 776 2835 860 lite,
2895 778 2995 841 in-

689 863 928 928 testina
975 863 1287 946 quaedam
1334 865 1664 929 orientalis
1714 866 2011 929 ecclesiae
2058 866 2417 933 infirmitas.
2465 869 2755 935 ‘Etenim'
2799 895 2993 956 quam

686 960 945 1042 plurimi
1006 958 1341 1024 Praesules
1417 962 1762 1025 orientales
1838 961 2005 1025 haud
2078 984 2194 1045 pro
2267 965 2364 1028 sui
2429 968 2709 1031 muneris
2781 969 2992 1033 officio

687 1078 898 1120 veram
959 1055 1318 1121 doctrinam
1376 1058 1633 1122 fortiter
1691 1058 2147 1138 defenderunt,
2210 1062 2318 1124 sed
2380 1063 2749 1146 turpissima
2807 1066 2993 1149 igna-

687 1155 792 1218 via
860 1175 1089 1218 manus
1154 1153 1470 1219 dederunt
1537 1156 1768 1232 victas,
1846 1154 2312 1239 Imperatorum
2383 1157 2595 1241 impiis
2673 1161 2992 1225 mandatis

686 1250 970 1315 obsecuti
1018 1254 1200 1329 sunt,
1251 1251 1380 1315 imo
1423 1256 1488 1315 et
1533 1252 1789 1316 fallacia
1844 1253 2330 1336 conquisierunt
2386 1276 2463 1317 ex
2502 1255 2794 1321 fontibus
2843 1257 2987 1320 fidei

687 1350 1097 1431 argumenta,
1160 1347 1392 1429 quibus
1457 1369 1703 1412 errores
1764 1349 2082 1415 fulcirent.
2145 1385 2233 1394 —
2287 1350 2492 1426 Quum
2553 1373 2702 1416 vero
2766 1350 2986 1417 Orien·

685 1444 769 1508 tis
814 1444 1243 1526 Imperatores
1298 1443 1615 1526 mandatis
1672 1445 1800 1509 suis
1846 1447 2041 1510 etiam
2097 1447 2440 1529 provinciis
2487 1449 2989 1514 occidentalibus

682 1542 836 1623 ipsis
889 1540 1223 1623 subjectiS‚
1288 1541 1563 1605 maxime
1615 1539 1833 1623 Italis,
1903 1543 2165 1626 impiam
2222 1543 2580 1609 doctrinam
2636 1547 2990 1629 imponere,

684 1637 1054 1720 cultumque
1117 1657 1438 1700 sacrarum
1505 1638 1861 1720 imaginum
1931 1638 2164 1703 ibidem
2237 1641 2564 1705 destruere
2631 1646 2987 1716 tentarent,

683 1735 1072 1798 reluctantes
1117 1736 1329 1797 autem
1388 1734 1630 1798 incolas
1680 1735 1940 1799 illarum
1994 1736 2332 1819 regionum
2389 1739 2857 1821 opprimerent,
2921 1744 2987 1802 et

683 1836 908 1894 contra
968 1830 1385 1895 barbarorum
1447 1834 1925 1916 aggressionem
1985 1833 2258 1897 tutelam
2324 1834 2402 1896 iis
2463 1835 2861 1918 denegarent
2922 1840 2988 1900 et

682 1927 1170 2009 protectionem,
1231 1928 1540 2010 paulatim
1594 1928 1765 1992 haud
1822 1929 2152 1992 mediocris
2206 1928 2357 1992 inde
2415 1931 2717 2013 provenit
2772 1954 2985 1996 rerum

683 2023 975 2089 mutatio.
1065 2021 1259 2087 Suam
1303 2024 1598 2089 videlicet
1642 2027 1712 2090 in
1758 2023 1956 2089 Italos
2010 2024 2514 2090 dominationem
2557 2026 2986 2110 Imperatores

682 2142 830 2184 mox
875 2120 1130 2203 penitus
1177 2121 1480 2200 amisere,
1532 2122 1882 2185 dominium
1928 2122 2281 2204 temporale
2328 2121 2604 2186 Romani
2653 2123 2983 2188 Pontificis

679 2217 913 2280 sensim
972 2216 1320 2280 formatum
1381 2222 1511 2296 est,
1574 2218 1827 2282 demum
1875 2239 2024 2281 vero
2088 2239 2199 2300 per
2250 2220 2724 2282 coronationem
2773 2218 2985 2283 Caroli

680 2312 907 2397 Magni
955 2313 1278 2378 conditum
1337 2318 1432 2378 est
1485 2319 1963 2379 sacrosanctum
2018 2314 2178 2377 illud
2224 2313 2568 2397 Imperium
2618 2314 2983 2378 Romanum

681 2408 1062 2475 Occidentis,
2968 2416 2972 2423 ‘

853 2509 910 2572 3.
977 2505 1166 2570 Haud
1229 2505 1462 2570 mirum
1523 2511 1650 2584 est,
1721 2506 2041 2571 Ecclesiae
2103 2506 2494 2572 adversarios
2558 2508 2654 2573 uti
2712 2507 2853 2572 aliis
2913 2507 2984 2572 in

677 2604 1188 2689 quaestionibuS,
1254 2604 1347 2667 ita
1401 2603 1595 2668 etiam
1658 2604 1866 2687 quoad
1926 2604 2257 2669 historiam
2322 2604 2599 2669 haeresis
2657 2603 2982 2669 Iconocla-

674 2708 916 2767 starum
976 2701 1199 2765 stilum
1255 2721 1441 2766 suum
1500 2701 1571 2764 in
1632 2700 1986 2766 Ecclesiam
2053 2700 2434 2765 catholicam
2497 2702 2769 2781 acuisse,
2843 2722 2981 2783 par·

673 2805 898 2883 tesque
964 2798 1220 2862 illorum
1291 2797 1757 2862 haereticorum
1823 2786 2189 2880 suscepiss'e.
2309 2797 2447 2873 Qua
2514 2798 2590 2862 de
2659 2819 2727 2861 re
2800 2797 2977 2861 suffi-

673 2897 803 2961 ciat
872 2917 948 2960 ea
1014 2895 1210 2959 citare
1289 2916 1452 2977 quae
1528 2895 1602 2958 cl.
1660 2894 1884 2958 Palma
1954 2894 2168 2958 habet.
2293 2893 2454 2972 „Est
2526 2894 2646 2959 hoc
2712 2915 2982 2959 commu·

672 2994 845 3058 niter
898 2994 1259 3074 receptum,-
1319 2991 1563 3074 inquit,
1617 2992 1791 3055 inter
1841 2991 2131 3056 homines
2188 2991 2268 3055 ab
2326 2989 2609 3055 Ecclesia
2666 2991 2981 3055 catholica

672 3090 941 3168 alienOS,
1020 3092 1094 3152 ut
1161 3089 1265 3152 vel
1333 3088 1645 3152 excitatas
1723 3088 2133 3172 gravissimas
2201 3086 2280 3150 de
2351 3088 2662 3171 religione
2732 3091 2979 3150 contro-

671 3187 906 3250 versias
951 3185 1232 3250 levitatis
1280 3190 1614 3261 accusent,
1664 3185 1766 3248 vel
1811 3184 2071 3249 dissidia
2118 3205 2283 3268 quae
2329 3184 2409 3248 ob
2453 3184 2718 3268 negotia
2754 3184 2977 3265 magni

672 3284 981 3347 momenti
1041 3283 1112 3345 in
1159 3280 1444 3346 Ecclesia
1502 3286 1658 3345 sunt
1717 3285 2063 3358 commota,
2124 3280 2597 3364 imprudentiae
2657 3302 2730 3344 ac
2775 3280 2975 3343 domi-

670 3379 870 3442 nandi
931 3377 1267 3461 cupiditati
1310 3378 1647 3461 praecipue
1692 3378 2014 3455 tribuant,
2087 3400 2212 3460 qua
2256 3376 2576 3441 Romanos
2629 3377 2978 3440 Pontifices

669 3475 736 3538 in
782 3475 862 3538 iis
913 3474 1100 3539 rebus
1156 3473 1626 3557 pertractandis
1684 3475 2001 3539 animatos
2056 3474 2253 3538 fuisse
2316 3473 2731 3537 contendunt.
2826 3471 2974 3535 Per·

668 3572 958 3654 spicuum
1019 3570 1214 3654 hujus
1275 3570 1370 3633 rei
1434 3570 1775 3635 continent
1834 3570 2303 3647 testimonium,
2372 3590 2535 3652 quae
2600 3568 2973 3633 Protestan-

665 3672 764 3732 tes
820 3668 1055 3750 passim
1101 3667 1508 3731 affirmarunt
1556 3666 1631 3730 de
1679 3667 1906 3731 oborta
1950 3666 2203 3731 saeculo
2264 3668 2488 3733 octavo
2542 3666 2974 3729 controversia

665 3765 842 3828 inter
894 3785 1219 3828 sacrarum
1272 3763 1629 3848 imaginum
1685 3763 1900 3828 hostes
1960 3767 2025 3826 et
2084 3761 2455 3837 catholicOS,
2516 3761 2626 3844 qui
2675 3762 2969 3825 vetustis-

667 3860 898 3925 simum
960 3862 1264 3944 piumque
1328 3860 1686 3943 imaginum
1752 3880 2077 3924 sacrarum
2140 3858 2384 3922 cultum
2451 3858 2971 3941 propugnabant.

668 3954 1130 4039 Superstitioni
1188 3958 1359 4021 enim
1424 3956 1643 4021 deberi
1700 3957 1944 4020 cultum
2003 3953 2176 4018 hunc
2233 3953 2568 4026 acatholici
2622 3953 2971 4029 affirmant,

667 4053 744 4117 de
827 4054 1285 4137 superstitione
1360 4053 1652 4118 tollenda
1725 4051 2116 4116 adversarios
2200 4050 2553 4134 imaginum
2628 4050 2969 4126 laborasse,

669 4151 1110 4233 quaestionem
1161 4151 1238 4215 de
1292 4172 1367 4215 ea
1411 4171 1481 4213 re
1530 4172 1665 4216 non
1721 4149 1914 4213 talem
1962 4168 2096 4212 esse
2152 4148 2462 4230 potuisse,
2527 4151 2600 4209 ut
2647 4144 2969 4209 Ecclesiae
