3270 5028
1129 433 1212 486 De
1247 432 1598 487 institutione
1633 433 1873 501 Imperii.
2556 434 2664 490 179·

344 577 855 656 protegerentur.
948 574 1350 658 Quapropter
1406 573 1536 639 Leo
1584 574 1709 639 III.
1770 572 2291 639 Christianorum
2350 577 2654 654 omnium,

346 670 708 753 principum
757 691 830 733 ac
875 672 1280 753 populorum,
1328 671 1549 736 doctor
1586 676 1654 735 et
1700 675 1937 753 pastor,
1986 671 2455 753 sapientissime
2502 674 2657 755 egit,

345 768 607 849 quando
655 789 732 829 ex
793 766 1187 850 principibus
1236 765 1596 831 Occidentis
1644 790 1845 831 unum
1892 768 2132 832 creavit
2178 767 2657 851 Imperatorem,

344 862 462 945 qui
520 866 654 926 tum
707 863 1054 928 Ecclesiam
1111 868 1249 927 tum
1303 863 1762 946 rempublicam
1818 885 1896 926 ex
1954 863 2163 927 officio
2212 869 2534 942 tueretur,
2593 870 2658 928 et

344 960 463 1024 sub
513 982 638 1043 quo
684 960 1005 1044 principes
1064 982 1137 1024 ac
1195 960 1412 1043 populi
1471 960 1660 1042 quasi
1709 959 2172 1040 confoederati,
2231 960 2390 1043 quin
2435 966 2658 1025 tamen

336 1055 597 1138 juribus
642 1057 914 1139 propriis
963 1057 1503 1140 exspoliarentur,
1561 1056 2118 1121 consentientibus
2172 1057 2378 1140 magis
2426 1058 2657 1122 animis

342 1173 422 1215 ac
465 1153 965 1217 ferventioribus
1013 1153 1241 1218 studiis
1298 1153 1743 1235 conspirarent
1788 1152 1866 1216 ad
1922 1151 2389 1236 propulsandos
2435 1154 2658 1218 hostes

346 1252 417 1311 et
490 1249 926 1333 reprimendos
1003 1250 1364 1327 seditiosos,
1442 1250 1555 1334 qui
1615 1249 1967 1314 Ecclesiam
2035 1250 2134 1312 vel
2200 1250 2658 1332 rempublicam

346 1345 711 1409 turbarent.
803 1345 965 1410 Cum
1025 1351 1242 1411 autem
1306 1369 1339 1410 e
1400 1346 1798 1429 principibus
1855 1350 2013 1409 tunc
2060 1346 2363 1429 temporis
2412 1346 2481 1409 in
2540 1344 2657 1410 Oc-

343 1441 596 1506 cidente
660 1442 1086 1526 regnantibus
1145 1465 1335 1506 nemo
1398 1444 1654 1527 dignior
1714 1465 1787 1505 ac
1847 1441 2057 1525 aptior
2120 1441 2199 1505 ad
2255 1441 2660 1525 adimplenda

348 1537 759 1622 Imperatoris
827 1561 1092 1602 munera
1155 1539 1480 1627 videretur
1549 1561 1745 1622 quam
1811 1538 2078 1603 Carolus
2146 1538 2452 1622 MagnuS,
2524 1538 2656 1602 Leo

346 1657 512 1718 papa
583 1635 766 1698 illum
822 1627 988 1717 ‘prae
1054 1637 1321 1700 caeteris
1385 1638 1641 1719 selegit,
1707 1658 1893 1719 quem
1964 1636 2423 1718 Imperatorem
2490 1635 2658 1698 salu·

346 1736 553 1808 taret,
614 1736 952 1795 coronaret
1015 1735 1080 1796 et
1141 1734 1281 1796 oleo
1339 1737 1561 1796 sancto
1609 1736 1905 1817 ungeret.
1974 1767 2055 1777 —
2120 1732 2245 1795 Per
2299 1732 2656 1814 sapientem

347 1828 517 1892 hanc
602 1828 960 1911 principum
1047 1829 1549 1912 populorumque
1633 1830 1754 1892 sub
1836 1851 1966 1892 uno
2036 1828 2436 1911 Imperatore
2514 1849 2657 1891 con·

348 1924 884 2005 foederationem,
962 1925 1092 1989 Leo
1164 1948 1329 2009 papa
1398 1924 1560 1988 nihil
1629 1926 1706 1988 de
1774 1925 2033 2010 juribus
2111 1973 2126 1988 .
2206 1975 2219 1989 .
2297 1973 2310 1987 .
2390 1926 2657 1989 aliorum

347 2043 572 2106 regum
633 2025 745 2085 aut
808 2021 1171 2105 principum
1225 2022 1534 2104 detraxit,
1596 2021 1707 2085 sed
1771 2023 2042 2106 quisque
2101 2043 2317 2085 eorum
2379 2021 2660 2085 servavit

338 2118 495 2202 jura
559 2139 722 2201 quae
792 2123 990 2182 antea
1052 2118 1361 2199 habebat,
1429 2123 1622 2202 atque
1683 2119 2040 2201 provincias
2109 2122 2175 2181 et
2245 2117 2434 2180 urbes
2504 2137 2659 2200 quas

349 2218 542 2278 antea
620 2214 1004 2297 possidebat.
1120 2213 1384 2280 Carolus
1447 2214 1726 2298 Magnus
1789 2236 1991 2278 novas
2060 2214 2354 2303 ditiones*
2404 2218 2663 2296 praeter

346 2333 460 2375 eas
509 2333 666 2395 quas
724 2311 1012 2393 legitimo
1061 2312 1211 2394 jure
1266 2310 1530 2375 tenebat
1577 2334 1712 2375 non
1770 2312 2031 2394 accepit.
2124 2311 2456 2392 Principes
2515 2331 2662 2373 con·

349 2407 661 2471 foederati
734 2405 1002 2489 populos
1071 2429 1217 2472 suos
1285 2408 1634 2472 secundum
1710 2409 1887 2492 leges
1966 2407 2251 2491 proprias
2327 2407 2660 2491 regebant.

348 2503 708 2587 Imperator
746 2502 1027 2684 1l)1onoris
1089 2504 1435 2587 primatum
1499 2504 1807 2588 habebat,
1865 2507 2131 2591 ejusque
2178 2504 2374 2588 legati
2425 2504 2660 2587 primas

348 2602 727 2665 tenebant.“

532 2743 630 2806 15.
700 2741 894 2805 Hisce
965 2742 1269 2825 expositis
1330 2745 1466 2826 jam
1537 2741 1788 2807 facilius
1852 2748 1949 2806 est
2013 2764 2151 2806 eam
2218 2764 2475 2826 quoque
2540 2741 2991 2809 solssAnImperium

351 2860 496 2902 vere
545 2831 1000 2923 quaestionem,
1050 2843 1266 2903 utrum
1313 2840 1382 2903 in
1426 2840 1841 2903 institutione
1887 2837 2148 2921 Imperii
2184 2838 2398 2903 Caroli
2436 2838 2662 2921 Magni
2699 2819 2969 2860 translatum.

296 2990 305 2998 .
348 2935 688 2999 obvenerit
743 2933 1091 3020 translatio
1136 2935 1399 3018 Imperii
1458 2935 1872 2999 occidentalis
1919 2958 1957 2998 a
2004 2934 2263 2999 Graecis
2323 2934 2402 2997 ad
2451 2933 2661 2998 Fran·

352 3053 487 3110 cos,
556 3033 942 3096 auctoritate
994 3030 1234 3095 Leonis
1284 3031 1399 3113 III.
1467 3032 1763 3115 perfecta.
1872 3030 2051 3095 Haec
2120 3033 2410 3115 quaestio
2479 3031 2664 3095 nobis

349 3129 681 3213 tangenda
728 3133 856 3203 est,
911 3134 1051 3191 tum
1095 3130 1247 3212 quia
1293 3130 1568 3193 maxime
1615 3150 1689 3192 eo
1734 3128 2046 3211 pertinet,
2094 3133 2169 3191 ut
2214 3128 2443 3192 relatio
2490 3128 2664 3192 inter

357 3223 698 3290 Pontifices
753 3228 819 3288 et
867 3224 1287 3307 Imperatores
1343 3226 1575 3288 clarius
1630 3223 2128 3301 determinetur,
2189 3230 2329 3288 tum
2388 3225 2538 3308 quia
2584 3224 2666 3288 ob

350 3322 830 3386 institutionem
860 3319 1122 3404 Imperii
1170 3322 1580 3385 occidentalis
1609 3321 2025 3385 vehementer
2070 3327 2259 3386 aucta
2309 3326 2407 3385 est
2442 3320 2668 3385 Orien·

350 3418 581 3481 talium
634 3419 715 3482 ab
774 3417 1294 3483 Occidentalibus
1357 3418 1689 3484 dissensio,
1750 3454 1838 3463 ——
1895 3417 1976 3482 In
2034 3419 2479 3484 Decretalibus
2542 3418 2667 3482 Ro-

351 3537 688 3579 manorum
754 3514 1141 3578 Pontificum
1202 3514 1581 3598 frequenter
1639 3514 1852 3579 Caroli
1908 3514 2135 3596 Magni
2202 3518 2530 3580 coronatio
2597 3517 2667 3579 in

350 3610 815 3695 Imperatorem
871 3617 1406 3675 commemoratur
1455 3616 1530 3675 ut
1586 3610 1934 3675 translatio
1980 3609 2257 3693 Imperii
2303 3632 2345 3676 a
2399 3609 2668 3676 Graecis

348 3707 440 3771 ad
494 3706 804 3771 Francos.
913 3707 1021 3771 Ita
1086 3707 1151 3770 in
1226 3707 1638 3773 celeberrima
1705 3709 2072 3773 Innocentii
2145 3709 2263 3775 III.
2338 3709 2668 3775 Decretali

367 3803 802 3870 Venerabilem
867 3805 1122 3869 dicitur:
1205 3802 1386 3883 Quae
1441 3805 1669 3887 (apost.
1732 3804 1952 3888 Sedes)
2007 3804 2389 3873 Romanum
2450 3806 2666 3889 Impe-

353 3901 532 3967 rium
586 3900 660 3965 in
708 3920 1060 3983 personam
1117 3900 1448 3984 maynifici
1497 3898 1719 3965 Caroli
1774 3921 1816 3965 a
1866 3900 2135 3966 Graeci-s·
2188 3901 2533 3968 transtulit
2590 3903 2666 3968 in

534 4164 575 4231 l)
614 4163 681 4218 V.
720 4162 997 4230 Wouters‚
1034 4163 1328 4217 Dissertat.
1369 4163 1522 4217 Tom.
1560 4163 1666 4217 ΙΙΙ.
1706 4182 1759 4232 p.
1801 4166 1901 4218 129
1941 4181 2055 4232 sqq.

2282 4252 2385 4305 12*
