3270 5028
1177 477 1349 532 Initia
1384 476 1681 532 scissionis.
2479 479 2583 530 343

271 641 416 686 cere
467 640 673 686 ausus
716 617 882 706 est.1)
974 618 1484 684 conciliabulum
1539 619 1660 684 hoc
1700 640 1920 683 versus
1965 625 2381 684 auctumnum
2427 619 2581 684 anni

273 720 408 803 858
454 718 712 783 finitum
758 738 894 782 esse
941 712 1266 798 videtur.²)

456 859 559 924 31.
608 859 878 924 Interim
910 880 1112 942 quum
1160 857 1360 922 animi
1389 859 1562 922 ultro
1594 857 1883 941 citroque
1929 856 2342 934 fluctuarent,
2392 854 2584 939 Igna-

271 958 409 1021 tius
454 954 630 1021 omni
676 956 1057 1039 injuriarum
1103 975 1340 1039 genere
1373 959 1720 1029 saturatUS,
1768 953 1838 1017 in
1884 974 2198 1017 carcerem
2240 954 2582 1038 conjectus,

274 1053 417 1117 dire
464 1057 757 1129 vexatus,
806 1056 874 1115 et
919 1051 1166 1116 catenis
1212 1051 1493 1127 vinctus,
1545 1050 1737 1114 variis
1782 1050 1853 1114 in
1898 1049 2057 1113 locis
2101 1049 2399 1114 detentus
2442 1050 2586 1126 fuit.

273 1172 354 1216 ac
398 1149 651 1213 demum
699 1169 919 1213 mense
963 1147 1267 1232 Augusto
1316 1148 1443 1211 858
1489 1148 1560 1211 in
1615 1147 1891 1210 insulam
1937 1144 2318 1229 Mitylenem
2364 1146 2588 1230 depor-

277 1250 453 1310 tatus
498 1248 612 1309 est.
701 1244 780 1308 In
822 1245 1147 1328 episcopos
1193 1265 1363 1320 vero,
1411 1244 1703 1322 clericos,
1751 1242 2130 1317 monachOS,
2189 1242 2414 1318 laicos,
2477 1244 2587 1327 qui
2648 1252 2878 1301 Vexantut

272 1363 425 1406 cum
472 1340 704 1406 Photio
746 1345 1061 1424 tanquam
1109 1340 1469 1424 patriarcha
1514 1339 1982 1405 communicare
2026 1338 2337 1403 nolebant
2378 1360 2590 1425 st-e-

272 1437 823 1524 cutigdesaeviit.
916 1437 1192 1502 Photius
1236 1441 1458 1501 tamen
1505 1441 1646 1501 arte
1692 1434 1994 1519 prudenti
2042 1435 2293 1500 studuit
2338 1435 2590 1499 firmare

273 1519 737 1599 auctoritatem
803 1556 1005 1598 suam.
1119 1532 1400 1597 Exstant
1465 1555 1543 1597 ex
1611 1553 1686 1597 eo
1752 1536 2041 1615 tempore
2106 1532 2322 1615 plures
2392 1532 2591 1615 ipsius

240 1630 590 1715 'epistolae
651 1630 730 1693 ad
781 1628 1088 1724 Bardam,
1146 1630 1380 1713 quibus
1439 1650 1678 1713 magna
1737 1650 1881 1692 cum
1934 1628 2201 1693 tristitia
2259 1628 2336 1693 de
2392 1628 2598 1693 nimia

274 1727 519 1793 duritia
562 1726 632 1794 in
680 1726 1075 1791 adversarios
1119 1747 1266 1791 suos
1312 1726 1604 1790 adhibita
1648 1725 2095 1809 conqueritur,
2153 1746 2427 1809 suasque
2475 1747 2590 1789 an-

283 1825 528 1909 gustias
574 1844 647 1888 ac
691 1822 1104 1888 difficultates
1161 1830 1404 1888 moeste
1461 1821 1785 1888 describit.
1878 1820 2217 1904 Hypocrisi
2271 1821 2429 1887 haec
2480 1822 2593 1886 tri·

280 1920 537 1985 buenda
582 1941 719 1984 esse
757 1920 941 1983 multi
987 1920 1388 1996 existimant,
1445 1919 1511 1983 id
1565 1917 1796 1982 suadet
1854 1919 2060 2001 stylus
2106 1917 2482 1982 artificiosus
2530 1922 2594 1983 et

276 2018 600 2082 oratorius
644 2016 900 2080 illarum
948 2016 1346 2096 litterarum,
1399 2037 1518 2081 nec
1569 2015 1881 2100 ejusmodi
1935 2014 2109 2078 fictio
2154 2015 2369 2079 aliena
2413 2020 2508 2078 est
2558 2037 2595 2078 a

281 2107 504 2179 Photii
548 2112 785 2178 indole.
859 2112 989 2177 Alii
1034 2114 1158 2178 ista
1203 2135 1337 2177 non
1370 2114 1635 2178 omnino
1682 2113 1833 2177 ficta
1873 2110 2070 2176 fuisse
2115 2115 2382 2195 putant3
2430 2110 2596 2175 Pho-

276 2211 447 2276 tium
511 2209 838 2288 videlicet,
918 2210 1297 2293 opinantur,
1367 2231 1592 2274 revera
1657 2212 2045 2274 commotum
2111 2207 2308 2272 fuisse
2375 2209 2594 2273 multis

285 2308 467 2371 malis
530 2310 595 2370 et
657 2306 1161 2383 calamitatibuS,
1229 2328 1396 2389 quae
1462 2328 1538 2370 ex
1609 2304 1858 2390 Ignatii
1914 2305 2286 2389 expulsione
2353 2326 2595 2388 suaque

285 2403 704 2487 usurpatione
762 2402 1268 2487 proveniebant,
1341 2425 1415 2468 ac
1452 2402 1763 2486 pericula
1822 2401 2019 2466 etiam
2076 2423 2242 2485 quae
2303 2402 2424 2485 ipsi
2480 2402 2594 2465 im·

283 2499 626 2565 minebant
673 2494 1085 2585 perspexisse.
1176 2499 1349 2566 Hinc
1397 2523 1542 2565 eum
1576 2500 1744 2564 serio
1802 2496 2223 2575 desiderasse,
2281 2503 2352 2564 ut
2399 2499 2596 2564 animi

278 2596 366 2660 ad
417 2597 722 2662 unionem
769 2602 836 2662 et
881 2619 1103 2681 pacem
1147 2597 1629 2675 reducerentur,
1678 2600 1744 2660 et
1790 2597 2184 2681 ingemuisse
2215 2596 2297 2660 ob
2343 2596 2593 2660 tristem

281 2715 498 2757 rerum
546 2694 993 2760 conditionem.
1069 2695 1383 2760 Attamen
1430 2717 1629 2779 quum
1662 2694 1926 2758 ambitio
1976 2697 2040 2758 et
2072 2693 2406 2776 superbiae
2452 2714 2596 2776 pas-

279 2791 501 2856 siones
564 2791 623 2854 ei
680 2790 874 2874 plane
933 2791 1449 2871 dominarentur,
1507 2790 1681 2854 haud
1744 2790 1934 2855 rediit
1986 2812 2024 2853 a
2076 2790 2178 2853 via
2229 2811 2344 2853 sua
2406 2789 2595 2864 mala,

274 2887 393 2951 sed
456 2891 529 2951 ut
581 2910 746 2971 quae
795 2890 935 2971 jam
998 2888 1171 2953 facta
1230 2892 1419 2953 erant
1461 2887 1820 2952 vindicaret
1883 2890 2079 2969 atque
2141 2886 2457 2961 firmaret,
2520 2884 2599 2948 ad

285 2984 596 3047 ulteriora
649 2982 934 3047 facinora
990 3005 1139 3048 mox
1197 2985 1501 3071 abreptus
1550 2987 1667 3048 est.
1738 3018 1805 3027 —
1872 2980 2131 3048 Studuit
2188 3003 2262 3045 eo
2310 2985 2596 3064 tempore

279 3079 558 3144 Photius
605 3079 800 3143 etiam
845 3080 1082 3143 litteris
1128 3079 1296 3143 datis
1345 3079 1560 3163 plures
1616 3099 1908 3163 proceres
1962 3068 2157 3143 laicos
2209 3077 2333 3142 sibi
2377 3099 2594 3142 recon-

276 3177 521 3253 ciliare,
570 3177 680 3269 qui
726 3198 921 3260 quum
969 3181 1163 3241 antea
1211 3176 1267 3240 ei
1310 3175 1591 3241 amicitia
1625 3176 1843 3260 juncti
1888 3175 2186 3253 fuissent,
2233 3175 2371 3258 ejus
2418 3196 2595 3238 usur·

279 3273 612 3357 pationem
674 3273 1115 3356 improbantes
1182 3272 1530 3337 adversarii
1597 3273 1756 3337 facti
1822 3278 1995 3337 sunt.
2106 3270 2386 3335 Maxime
2450 3291 2599 3334 vero

280 3370 600 3435 sollicitus
646 3368 804 3452 fuit,
850 3376 923 3435 ut
969 3369 1413 3453 metropolitas
1461 3373 1527 3433 et
1569 3369 1897 3453 episcopos
1934 3369 2063 3434 ‚sibi
2110 3368 2375 3433 omnino
2421 3366 2594 3432 dedi·

279 3475 389 3531 tos
427 3468 565 3550 jam
611 3465 804 3530 variis
850 3465 918 3530 in
964 3465 1219 3531 sedibus
1267 3466 1625 3531 collocaret.
1717 3464 1891 3530 Hinc
1942 3464 2250 3549 depositis
2297 3465 2597 3547 praesuli-

283 3565 400 3629 bus
466 3563 523 3626 ei
588 3560 1106 3641 adversantibus,
1172 3563 1391 3628 amicis
1453 3562 1587 3627 suis
1652 3564 1752 3627 vel
1816 3563 1966 3627 viris
2032 3562 2140 3645 qui
2203 3562 2283 3626 ab
2335 3560 2596 3646 Ignatio

275 3659 673 3737 defecerant,
718 3659 862 3723 illas
910 3656 1088 3724 sedes
1134 3659 1429 3723 contulit.

465 3801 569 3865 32.
629 3800 837 3877 Quum
882 3820 1032 3863 vero
1090 3820 1226 3893 non
1288 3800 1558 3881 exiguus
1622 3806 1790 3862 esset
1824 3819 2147 3869 ⁴numerus
2208 3819 2426 3862 eorum
2487 3800 2596 3882 qui

281 3896 584 3962 Photium
632 3895 800 3961 haud
846 3900 919 3960 ut
967 3896 1327 3980 legitimum
1384 3895 1810 3979 patriarcham
1866 3894 2220 3973 habebant,
2277 3900 2413 3959 tum
2459 3895 2599 3978 ipse

465 4132 507 4198 ¹)
544 4131 718 4186 Nicol.
760 4132 802 4185 Ι.
841 4147 924 4200 ep.
964 4134 1010 4183 7.
1049 4145 1135 4196 ap.
1173 4128 1357 4182 Labbe
1383 4128 1537 4182 VIII.
1580 4130 1699 4182 283.

462 4209 504 4278 2)
541 4210 955 4278 Hergenrother
989 4209 1025 4262 1.
1066 4226 1111 4264 c.
1148 4224 1201 4276 p.
1237 4210 1358 4260 383.

2644 1317 2787 1370 Ignati
2793 1320 2862 1361 ani
2867 1348 2880 1360 .

2679 3815 2861 3868 Legatio

2684 3877 2864 3947 Romam

2693 3950 2839 3981 musa.
