3270 5028
705 420 776 473 94
1229 420 1378 475 XIV.
1415 421 1499 476 De
1537 419 1690 476 civili
1726 421 1792 476 R.
1830 421 2115 477 Pontificis
2151 422 2478 493 principatu.

705 561 853 625 dein
901 582 1050 625 vero
1096 583 1295 645 quum
1334 564 1472 647 jam
1518 563 1897 630 debuissent
1940 570 2253 649 tanquam
2301 568 2599 650 aequales
2646 567 2877 651 Italos,
2933 573 3009 633 ut

704 656 828 720 sibi
889 678 996 722 eos
1058 657 1486 740 devincirent‚
1553 664 1865 740 tractare,
1934 683 2040 726 eos
2102 661 2174 725 in
2234 663 2611 729 servitutem
2673 663 3006 747 quamdam

705 753 1113 820 tributariam
1156 756 1479 842 redegere.

888 899 987 962 16.
1035 898 1289 965 Latinis
1334 900 1521 965 victis
1565 897 1981 982 Longobardi
2027 898 2273 963 nullam
2317 898 2615 984 gubernii
2664 900 3010 985 participa·

704 993 951 1059 tionem
998 1018 1396 1074 concessere3
1440 1001 1635 1079 atque
1685 1017 1764 1060 ex
1793 995 2090 1060 omnibus
2135 995 2509 1061 muneribus
2554 997 2826 1081 publicis
2870 1001 3007 1061 tum

705 1089 1094 1157 militaribus
1155 1098 1296 1157 tum
1343 1093 1632 1157 civilibus
1694 1091 1762 1155 hi
1826 1092 2063 1158 exclusi
2127 1095 2334 1157 erant.
2424 1091 2621 1176 Legis
2682 1093 3008 1159 Romanae

707 1208 859 1251 usus
899 1188 1179 1254 abolitus
1223 1191 1369 1267 fuit,
1418 1193 1485 1255 et
1518 1189 1698 1272 leges
1745 1188 2343 1273 Longobardorum‚
2387 1189 2640 1255 Latinis
2685 1212 2819 1255 non
2861 1213 3006 1256 con·

706 1284 891 1349 sultis
911 1334 927 1363 ‚
992 1287 1384 1352 constitutae
1443 1289 1617 1351 sunt.
1735 1285 1953 1362 Quoad
2026 1286 2324 1350 ferendas
2390 1287 2565 1372 leges
2633 1288 2804 1352 enim
2871 1291 3010 1353 tota

707 1382 1056 1446 auctoritas
1119 1387 1258 1448 erat
1322 1384 1491 1466 apud
1553 1403 1773 1466 regem
1837 1383 2178 1466 ducesque,
2251 1404 2396 1448 cum
2469 1406 2731 1449 assensu
2797 1383 3009 1467 gentis

703 1480 966 1542 nostrae
1010 1478 1594 1562 Lonqobardorum
1640 1482 1701 1543 et
1742 1476 2109 1559 felicissimi
2152 1477 2367 1543 nostri
2409 1479 2758 1560 exercitus,
2799 1480 2898 1545 uti
2939 1482 3009 1545 in

705 1576 1026 1657 prooemio
1094 1578 1307 1662 legum
1374 1578 1628 1642 illarum
1695 1576 1947 1641 dicitur.
2069 1574 2285 1640 Etiam
2360 1577 2658 1642 militiam
2720 1596 3009 1642 exercere

705 1671 959 1737 Latinis
1014 1674 1433 1741 interdictum
1489 1678 1658 1752 erat,
1720 1674 1814 1737 ita
1875 1676 1950 1736 ut
2004 1672 2159 1755 ipsis
2220 1676 2479 1738 tantum
2540 1675 3010 1758 relinqueretur

704 1770 911 1835 colere
956 1774 1190 1850 terras,
1238 1776 1431 1856 atque
1477 1774 1652 1835 artes
1698 1769 2100 1834 mechanicas
2145 1770 2247 1833 vel
2291 1792 2486 1853 opera
2530 1771 2783 1834 servilia
2829 1792 3008 1835 exer-

705 1886 867 1931 cere.
956 1865 1097 1932 Imo
1143 1869 1245 1932 vel
1303 1870 1476 1934 inter
1516 1870 1689 1951 ipsos
1748 1888 1994 1942 servos,
2056 1865 2258 1950 gradu
2314 1867 2602 1932 inferiori
2662 1890 2777 1951 per
2837 1870 3010 1951 leges

705 1964 1168 2046 reputabantur
1212 1964 1460 2045 Latini3
1511 1966 1602 2030 sic
1648 1986 1700 2029 e.
1744 1985 1807 2048 g.
1853 1964 1998 2048 lege
2048 1964 2201 2027 194·
2244 1962 2551 2028 Rotharis
2596 1965 2767 2050 regis
2812 1964 3010 2048 impo-

704 2061 887 2124 nitur
931 2062 1173 2127 mulcta
1220 2063 1452 2147 viginti
1497 2061 1848 2126 solidorum
1880 2060 1938 2124 ei
1970 2061 2083 2144 qui
2127 2059 2382 2124 violarit
2428 2061 2695 2125 alterius
2742 2083 3010 2138 servam,

705 2157 760 2222 si
805 2157 1003 2223 fuerit
1029 2159 1168 2241 ipsa
1216 2182 1293 2224 ex
1325 2158 1900 2243 Longobardorum
1942 2159 2156 2240 gente,
2202 2156 2442 2221 mulcta
2469 2178 2621 2221 vero
2665 2157 3009 2223 solidorum

709 2253 1039 2319 duodecim
1087 2259 1376 2334 tantum,
1422 2256 1476 2319 si
1523 2254 1722 2319 fuerit
1765 2254 1903 2337 ipsa
1949 2252 2265 2317 Romana.
2356 2253 2657 2330 Quamvis
2703 2276 2855 2319 vero
2901 2255 3011 2319 de·

708 2370 897 2423 cursu
962 2352 1266 2435 temporis
1328 2352 1398 2415 in
1468 2348 1779 2436 ejusmodi
1854 2350 2254 2434 subjectione
2316 2349 2631 2433 quaedam
2700 2355 3011 2435 tempera-

708 2455 930 2511 menta
988 2448 1403 2526 obvenirent,
1457 2453 1524 2513 et
1569 2448 1783 2512 clerici
1833 2447 2052 2511 liberis
2098 2445 2544 2532 Longobardis
2586 2448 3013 2533 aequiparen-

706 2550 845 2623 tur,
910 2549 1130 2611 tamen
1178 2546 1526 2611 universim
1581 2534 1750 2610 ¹illud
1804 2549 2088 2628 systema
2144 2543 2474 2627 politicum
2529 2548 2668 2609 toto
2724 2550 3014 2629 tempore

706 2641 1160 2707 dominationis
1207 2665 1361 2708 suae
1399 2642 1818 2727 Longobardi
1864 2642 2067 2707 secuti
2108 2646 2286 2718 sunt,
2336 2645 2401 2705 et
2447 2640 2645 2706 Italos
2690 2642 3013 2727 subjectos

706 2739 778 2802 in
838 2739 1148 2804 servitute
1212 2740 1558 2805 tributaria
1629 2739 2061 2804 retinuerunt.
2167 2737 2340 2810 Hinc
2407 2738 2698 2821 quamvis
2764 2737 3013 2803 duobus

705 2837 974 2901 saeculis
1017 2835 1312 2901 nationes
1358 2836 1518 2900 istae
1550 2836 1843 2899 viverent
1882 2837 2170 2920 junctae,
2205 2838 2424 2897 tamen
2469 2833 2652 2898 nulla
2695 2833 3015 2898 amicitiae

706 2937 772 2998 et
817 2932 1175 2997 affectionis
1222 2931 1538 2997 connexio
1586 2932 1762 2996 inter
1807 2953 1912 2997 eas
1959 2930 2185 2995 oborta
2231 2934 2358 3003 est,
2416 2952 2618 3014 eaque
2672 2930 2807 2994 fere
2853 2930 3016 2994 rela-

705 3030 799 3095 tio
843 3028 1033 3111 {inter
1081 3031 1250 3113 ipsas
1310 3032 1480 3105 erat,
1555 3028 1760 3112 qualis
1827 3031 2049 3092 nostra
2109 3031 2324 3092 aetate
2387 3030 2484 3090 est
2544 3028 2712 3091 inter
2772 3025 3018 3091 Turcas

705 3127 1112 3191 dominantes
1157 3133 1223 3190 et
1262 3125 1662 3190 Christianos
1708 3125 1861 3208 ipsis
1905 3124 2252 3208 subjectos

887 3278 986 3341 17.
1053 3277 1226 3353 Quae
1292 3298 1494 3360 quum
1560 3276 1656 3340 ita
1729 3296 1864 3339 sese
1933 3274 2280 3350 haberent,
2348 3272 2534 3337 facile
2602 3273 3017 3356 intelligitur,

705 3373 1063 3458 provincias
1133 3373 1274 3437 illas
1338 3373 1604 3452 Italiae,
1672 3393 1837 3456 quae
1904 3369 2346 3454 Longobardis
2415 3362 2549 3432 non
2618 3372 2806 3432 erant
2865 3369 3019 3433 sub-

697 3472 944 3555 jectae,
1001 3470 1230 3534 horum
1283 3470 1519 3552 jugum
1580 3473 1648 3533 et
1701 3467 2201 3532 dominationem
2252 3464 2664 3529 vehementer
2723 3464 3018 3529 reformi-

704 3567 907 3632 dasse.
1002 3565 1097 3631 Eo
1153 3566 1360 3650 major
1417 3568 1634 3629 autem
1691 3562 1936 3627 aversio
1995 3565 2134 3626 erat
2193 3584 2231 3625 a
2285 3564 2480 3644 gente
2538 3558 2848 3640 barbara,
2900 3580 3014 3625 ‘ne-

701 3661 944 3745 fanda,
995 3661 1238 3743 putida
1295 3660 1899 3746 Longobardorum‚
1961 3658 2130 3743 quod
2190 3657 2257 3721 hi
2311 3659 2469 3723 satis
2525 3664 2744 3742 aperte
2799 3663 3017 3722 osten-

705 3761 960 3836 derent,
1018 3758 1084 3823 id
1129 3759 1279 3840 ipsis
1324 3758 1725 3842 propositum
1769 3777 1937 3833 esse,
1997 3759 2073 3819 ut
2125 3758 2331 3818 totam
2380 3755 2638 3819 Italiam
2695 3755 2812 3819 sibi
2859 3755 3014 3819 sub-

696 3857 999 3940 jicerent.
1097 3853 1343 3919 Passim
1404 3855 1599 3919 etiam
1648 3851 2062 3937 Longobardi
2114 3851 2183 3914 in
2241 3850 2399 3915 istas
2456 3852 2845 3934 provincias,
2908 3852 3016 3915 vel

708 4080 1013 4146 exstinctis,
1051 4078 1295 4148 exceptis
1332 4079 1418 4133 his
1448 4078 1766 4148 regionibus
1804 4093 1936 4145 quas
1959 4075 2162 4130 Albuin
2200 4065 2443 4145 celierat,
2479 4075 2646 4130 Italia
2683 4091 2751 4130 ex
2775 4076 3017 4130 maxima

706 4166 862 4229 parte
900 4166 1078 4228 capta,
1117 4162 1174 4213 et
1211 4157 1507 4226 subjugata
1544 4156 1675 4212 est.“
1717 4157 1862 4212 Hist.
1899 4156 2074 4225 Long.
2114 4156 2187 4209 H.
2227 4172 2271 4210 c.
2310 4158 2394 4209 32.
