3270 5028
627 445 726 496 156
1149 442 1297 496 XIV.
1338 443 1422 497 De
1459 442 1606 496 civili
1647 442 1713 496 R.
1750 441 2039 496 Pontificis
2075 442 2399 509 principatu.

621 605 782 667 quae
855 583 1159 649 Carisiaci
1226 584 1398 649 facta
1469 589 1598 661 est,
1673 585 1955 667 adeoque
2022 606 2153 649 non
2224 588 2324 648 est
2388 583 2645 667 aliquod
2721 606 2937 648 exem·

622 682 763 763 plar
835 680 1010 743 illius
1084 682 1276 764 pacti.
1395 679 1520 746 Sed
1597 682 1969 746 continetur
2042 680 2164 744 hoc
2247 681 2628 746 documento
2705 681 2939 747 relatio

618 779 1055 842 vetustissima
1118 778 1196 842 de
1263 779 1341 842 iis
1412 801 1577 862 quae
1640 778 1949 843 Carisiaci
2016 782 2158 842 acta
2231 781 2417 852 sunt,
2495 799 2569 840 ac
2637 779 2713 842 de
2782 800 2931 861 pro-

622 874 920 938 missione
1009 897 1046 937 a
1121 874 1356 958 Pipino
1443 875 1632 939 facta.
1719 873 1909 959 ,Ipsa
1983 874 2179 938 dictio
2266 872 2505 937 Latina
2589 874 2933 939 admodum

618 970 920 1047 barbara,
976 967 1555 1055 Longobardorum
1611 972 1855 1036 indicat
1898 975 2223 1052 tempora,
2283 974 2349 1033 et
2394 971 2570 1033 varia
2625 971 2937 1055 adjuncta

619 1067 870 1129 minuta
931 1089 1097 1150 quae
1155 1074 1739 1133 commemorantur
1795 1065 2175 1143 ostendunt,
2231 1067 2584 1150 genuinam
2641 1089 2775 1132 esse
2833 1090 2934 1131 re·

617 1162 959 1240 lationemr,
1039 1185 1203 1247 quae
1282 1187 1319 1228 a
1393 1166 1704 1248 scriptore
1771 1165 2171 1242 referuntur,
2247 1185 2324 1227 ex
2400 1164 2541 1227 aliis
2616 1164 2936 1245 fontibus,

617 1260 715 1321 uti
782 1281 862 1323 ex
931 1259 1128 1325 Libro
1197 1262 1551 1344 pontificali
1620 1262 2103 1327 confirmantur.
2213 1260 2403 1324 Hisce
2469 1261 2709 1325 indicia
2776 1282 2931 1324 con-

618 1357 939 1435 tinentur,
1032 1357 1202 1421 haud
1287 1360 1626 1424 confictam
1718 1381 1852 1423 esse
1934 1359 2111 1423 illam
2198 1351 2596 1424 relationem.
2718 1358 2930 1433 Quum

620 1452 855 1517 Leonis
923 1451 1096 1538 (IV.)
1161 1453 1574 1538 Imperatoris
1642 1457 2041 1520 mentionem
2106 1457 2329 1536 faciat,
2406 1457 2594 1524 facile
2658 1454 2929 1520 credide·

618 1549 771 1625 rim,
840 1551 1212 1634 scriptorem
1279 1574 1502 1616 versus
1566 1553 1762 1617 finem
1836 1554 2074 1617 saeculi
2141 1557 2378 1634 octavi,
2446 1555 2548 1622 vel
2623 1553 2744 1617 sub
2811 1551 2936 1616 hoc

617 1644 1012 1727 Imperatore
1059 1647 1465 1730 (775—780)
1522 1650 1623 1713 vel
1687 1651 1880 1732 paulo
1937 1654 2111 1732 post,
2173 1673 2251 1714 ex
2311 1651 2707 1718 documentis
2762 1668 2934 1732 quae

616 1741 737 1824 ipsi
782 1764 934 1824 prae
988 1746 1287 1809 manibus
1341 1750 1557 1828 erant,
1620 1767 1762 1809 eam
1816 1747 2197 1810 relationem
2250 1750 2616 1814 confecisse.
2664 1781 2746 1791 —
2794 1745 2928 1809 Ita-

618 1859 743 1921 que
800 1861 1000 1922 quum
1057 1864 1131 1905 ea
1188 1864 1349 1926 quae
1403 1843 1476 1906 in
1529 1843 1650 1908 hoc
1707 1840 2105 1923 Fraqme‘nto
2159 1845 2485 1910 habentur
2541 1842 2938 1909 conveniant

618 1956 762 1998 cum
809 1936 886 1999 iis
931 1959 1096 2019 quae
1141 1940 1210 2003 in
1257 1937 1421 2021 Vitis
1468 1937 1787 2022 Stephani
1835 1947 1899 2003 et
1943 1930 2286 2006 Hadriani
2328 1943 2701 2006 referuntur
2743 1959 2930 2022 prae-

617 2031 801 2113 cipue
847 2035 1056 2116 quoad
1104 2035 1519 2101 donationem
1567 2039 1643 2101 de
1701 2060 1830 2121 qua
1888 2037 2172 2120 agimus,
2233 2062 2425 2123 quum
2472 2039 2650 2102 varia
2693 2035 2934 2100 indicia

617 2126 878 2192 interna
954 2131 1333 2196 authentiae
1410 2134 1780 2198 documenti
1864 2135 2161 2213 faveant,
2249 2139 2634 2219 argumenta
2709 2137 2927 2196 autem

616 2246 782 2307 quae
828 2232 1278 2309 opponuntur,
1343 2228 1608 2310 (similia
1654 2231 1736 2293 iis
1796 2252 1962 2314 quac
2019 2237 2245 2296 contra
2298 2231 2677 2296 relationem
2732 2229 2930 2292 dona·

613 2322 811 2386 tionis
875 2322 1087 2388 Caroli
1152 2326 1220 2388 in
1296 2324 1445 2390 Vita
1506 2324 1851 2390 Hadriani
1918 2325 2338 2412 afferuntur),
2418 2324 2924 2411 infirma-nobis

611 2419 987 2484 videantur:
1045 2419 1521 2503 Fraqmentum
1565 2422 2055 2488 Fantutia‘num
2101 2424 2268 2489 haud
2315 2424 2752 2510 rejiciendum,
2812 2419 2925 2485 sed

615 2517 1093 2582 admittendum
1153 2543 1285 2585 esse
1355 2522 1814 2586 existimamus
1835 2520 1881 2600 ¹)
1975 2520 2127 2599 Sed,
2198 2525 2295 2587 uti
2357 2525 2495 2608 jam
2568 2520 2930 2595 innuimuS,

612 2614 907 2696 quaestio
945 2615 1022 2678 de
1070 2616 1418 2682 donatione
1466 2617 1776 2682 Romanis
1823 2618 2244 2685 Pontificibus
2301 2621 2475 2684 facta
2520 2618 2798 2682 maxime
2844 2637 2923 2680 ex

612 2710 689 2773 iis
736 2711 1041 2775 solvenda
1088 2721 1208 2791 est,
1253 2735 1419 2796 quae
1464 2715 1535 2778 in
1595 2713 1742 2779 Vita
1786 2714 2129 2805 Hadriani
2174 2717 2519 2782 habentur.

792 2844 894 2941 81.
959 2876 1102 2942 Etsi
1168 2901 1246 2942 ex
1309 2879 1497 2945 dictis
1559 2884 1698 2965 jam
1755 2882 2126 2967 colligatur,
2192 2882 2515 2946 Romanos
2580 2879 2928 2945 Pontifices

615 2976 683 3038 in
761 2974 838 3037 iis
913 2996 1075 3057 quae
1142 2977 1474 3059 pertinent
1541 2978 1618 3041 ad
1699 2979 2178 3043 institutionem
2255 2979 2653 3061 principatus
2720 2975 2928 3039 civilis

614 3074 893 3154 ipsorum
960 3071 1183 3136 violati
1239 3074 1404 3158 juris
1469 3074 1742 3139 officiive
1807 3076 1989 3160 argui
2061 3097 2196 3140 non
2258 3097 2475 3158 posse,
2544 3079 2761 3139 tamen
2839 3071 2928 3136 ob

282 3192 490 3248 Carpitur
507 3193 598 3234 Ste-
615 3168 924 3252 repetitas
969 3167 1039 3231 in
1085 3169 1230 3234 illos
1288 3172 1578 3254 querelas
1631 3194 1833 3254 pauca
1877 3172 2107 3237 addere
2151 3173 2429 3257 juvabit.
2486 3206 2575 3215 -—
2629 3169 2927 3232 Martens

310 3256 476 3309 Ph³⁰¹²⁸
506 3257 553 3298 Π
618 3267 696 3330 de
743 3263 1075 3356 Stephano
1120 3266 1203 3332 H.
1256 3289 1538 3331 severam
1597 3268 1937 3333 admodum
1996 3269 2240 3351 profert
2294 3267 2707 3332 sententiam.
2799 3265 2925 3328 De·

379 3319 436 3361 R.
464 3318 512 3361 P.

617 3363 846 3443 negari
895 3361 1151 3445 quidem
1198 3385 1330 3427 non
1390 3387 1571 3447 posse
1620 3366 1744 3443 ait,
1804 3365 1980 3431 hunc
2023 3365 2401 3430 Pontificem
2448 3365 2517 3428 in
2567 3368 2705 3426 arte
2757 3361 2922 3443 poli-

615 3459 743 3522 tica
797 3480 865 3521 se
913 3459 1270 3523 ostendisse
1324 3462 1508 3525 valde
1567 3463 1991 3545 perspicacem
2043 3469 2138 3539 et,
2199 3463 2469 3526 nimium
2526 3460 2724 3539 forte,
2784 3478 2924 3520 ver·

613 3560 850 3633 satum,
917 3557 1331 3640 caeteroquin
1396 3560 1532 3643 ejus
1609 3560 1842 3644 agendi
1905 3558 2163 3622 modum
2225 3556 2701 3640 reprobandum
2765 3575 2924 3619 esse.

613 3652 1022 3735 Propositum
1079 3653 1276 3718 fuisse
1321 3652 1682 3738 Stephano,
1741 3660 1817 3720 ut
1877 3679 1994 3740 ope
2038 3655 2253 3738 Pipini
2314 3654 2673 3738 acquireret
2718 3651 2921 3716 domi-

613 3750 795 3814 nium
842 3750 1191 3832 temporale
1236 3774 1274 3815 a
1309 3750 1612 3835 Byzantii
1647 3753 2044 3837 Imperatore
2081 3747 2541 3835 independens,
2586 3753 2653 3814 et
2698 3770 2919 3833 quam·

613 3847 709 3911 vis
754 3846 965 3910 brevis
1024 3847 1222 3911 fuerit
1268 3851 1407 3932 ejus
1466 3850 1907 3931 pontificatus,
1972 3853 2192 3914 tamen
2251 3868 2486 3931 magna
2542 3849 2725 3929 parte
2782 3866 2920 3909 sco-

615 3966 766 4026 pum
825 3944 1023 4026 ipsius
1085 3944 1280 4008 fuisse
1339 3946 1698 4010 obtentum.
1790 3942 1917 4009 Sed
1977 3946 2188 4010 media
2252 3944 2540 4009 adhibita
2592 3964 2721 4007 non
2783 3963 2923 4006 esse

798 4170 838 4236 l)
879 4170 989 4223 Cfr.
1027 4170 1641 4227 Rohrbaeher·Kellncr
1677 4171 1776 4225 XI.
1811 4187 1863 4238 p.
1902 4172 2021 4225 359.
2059 4187 2111 4224 n.
2150 4174 2199 4224 4.
