3270 5028
724 464 828 513 404
1398 461 1575 514 XVII.
1615 462 1699 516 De
1740 462 2033 516 schismate
2069 462 2361 516 Photiano.

729 601 903 665 deret
964 600 1247 683 objectis,
1312 601 1723 685 aynovimus,
1787 601 2022 684 quippe
2078 602 2191 683 qui
2245 600 2416 667 nihil
2473 601 2623 668 hine
2680 602 2760 666 ab
2827 622 2912 666 ea
2989 604 3078 665 in

728 692 1059 763 mandatis
1105 698 1492 781 accepimuS,
1555 719 1630 764 ac
1674 719 1798 781 per
1844 697 1958 763 hoc
2003 698 2358 781 disceptare
2401 720 2533 764 non
2575 698 2782 781 jussi,
2851 696 3075 779 quid·

729 816 925 876 quam
969 817 1101 860 non
1136 816 1486 878 possumus
1499 815 1523 873 ,·
1568 816 1793 860 verum
1825 816 1940 862 nec
1987 795 2107 860 loci
2138 800 2495 860 servatores
2530 794 2818 860 Orientis
2855 794 3073 877 judi-

730 912 874 956 cum
919 912 984 955 se
1031 912 1348 974 personas
1395 897 1847 974 assumpturos
1889 892 1964 956 in
2019 891 2496 972 controversiis,
2556 892 2629 956 in
2677 891 2920 974 quibus
2972 891 3069 955 ab

727 993 1008 1069 utraque
1051 1010 1183 1053 non
1239 993 1394 1054 sunt
1439 994 1635 1071 parte
1678 988 1937 1071 judices
1993 989 2302 1072 appellati
2360 990 2457 1053 vel
2511 989 2716 1066 electi,
2774 988 3064 1071 conjici-

645 1133 664 1150 „
729 1106 901 1165 mus.
957 1085 1350 1167 praesertim
1409 1106 1608 1167 quum
1675 1085 2026 1172 Apostolus
2077 1086 2452 1169 perhibeat:
2515 1086 2875 1163 Mediator,
2945 1085 3063 1150 in-

429 2040 688 2090 Legatorum

426 2101 686 2143 resistentia.

729 1181 983 1263 quiens,
1037 1183 1239 1249 unius
1280 1205 1411 1249 non
1458 1187 1581 1262 est,
1649 1187 1710 1247 et
1755 1182 1929 1248 sacri
1975 1204 2248 1249 canones
2293 1205 2425 1249 non
2471 1202 3061 1264 quorumcumque,

730 1278 838 1342 sed
894 1279 1235 1344 electorum
1279 1279 1587 1363 judicum
1642 1279 2030 1345 sententiam
2082 1280 2351 1346 minime
2405 1280 2832 1361 spernendam
2894 1279 3059 1343 edo-

730 1380 931 1452 ceant,
981 1380 1041 1440 et
1086 1377 1352 1458 quidam
1391 1376 1831 1459 probabilium
1867 1381 2144 1459 patrum
2191 1376 2399 1442 dicat:
2442 1377 2677 1442 Justus
2720 1375 3066 1440 mediator

734 1493 866 1537 non
906 1477 1027 1553 est,
1088 1473 1203 1555 qui
1260 1473 1353 1538 sic
1407 1494 1612 1539 unam
1658 1477 1917 1556 partem
1967 1473 2183 1553 audit,
2241 1478 2316 1538 ut
2371 1473 2562 1537 alteri
2616 1471 2786 1537 nihil
2835 1492 3061 1536 reser-

697 1568 906 1653 .vet.¹)
974 1608 1048 1616 --
1115 1572 1219 1635 Ita
1272 1573 1474 1657 igitur
1533 1573 1733 1657 legati
1791 1576 2015 1635 contra
2069 1570 2555 1653 competentiam
2609 1572 2779 1634 illius
2839 1571 3063 1633 tribu-

729 1668 896 1731 nalis
955 1670 1296 1752 protestati
1357 1673 1538 1749 sunt,
1599 1673 1665 1732 et
1725 1668 1885 1732 bene
1942 1667 2387 1751 adverterunt,
2452 1668 2712 1732 vicarios
2769 1666 3060 1750 patriar-

730 1763 993 1827 charum
1039 1766 1220 1829 nullo
1268 1766 1455 1834 modo
1505 1717 1575 1829 tit
1606 1763 1890 1828 arbitros
1935 1787 2047 1828 seu
2078 1766 2311 1830 electos
2353 1765 2599 1849 judices
2644 1786 2778 1828 sese
2818 1785 3060 1848 gerere

719 1857 938 1943 '‚posse
987 1883 1179 1944 quum
1228 1863 1306 1926 ad
1352 1862 1471 1928 hoc
1515 1884 1632 1926 nec
1680 1861 1961 1944 delegati
2008 1883 2127 1925 nec
2174 1862 2484 1944 acceptati
2533 1867 2764 1925 essent.

910 2037 1013 2101 97.
1063 2035 1187 2101 Sed
1218 2036 1639 2109 nihilominus
1672 2043 1998 2121 protracta
2036 2042 2132 2101 est
2162 2038 2469 2103 discussio
2501 2037 2576 2101 de
2608 2037 2726 2100 hoc
2757 2036 3056 2120 negotiO,

735 2138 931 2217 atque
1010 2137 1166 2196 tunc
1237 2133 1701 2215 protestatione
1775 2135 2124 2218 praemissa
2190 2135 2390 2219 legati
2458 2132 2637 2198 Sedis
2707 2132 3051 2197 Romanae

733 2230 1176 2315 quaestionem
1213 2229 1555 2313 juridicam
1602 2230 1858 2313 egregie
1892 2230 2317 2297 vindicarunt.
2388 2230 2851 2306 Ostenderunt‚
2903 2252 3052 2312 pro-

731 2327 1009 2391 vinciam
1075 2324 1402 2407 Illyricam
1472 2347 1723 2409 semper
1805 2327 2001 2391 fuisse
2082 2328 2470 2411 provinciam
2549 2326 3047 2391 ecclesiasticam

731 2423 1205 2508 patriarchatus
1272 2422 1578 2500 Romani,
1643 2428 1838 2507 atque
1904 2425 2099 2487 etiam
2163 2429 2414 2487 mutata
2475 2423 2720 2488 ditione
2781 2423 3050 2506 politica

731 2520 1221 2605 patriarchalem
1261 2520 1770 2604 jurisdictionem
1803 2521 1879 2585 de
1919 2524 2066 2602 jure
2113 2528 2178 2586 et
2205 2524 2281 2587 de
2329 2522 2498 2586 facto
2529 2520 2679 2585 Sodi
2709 2520 3051 2584 Romanae

639 2618 647 2627 ”
733 2618 1144 2694 remansisse,
1193 2639 1460 2701 eamque
1507 2618 1623 2681 sub
1671 2640 1784 2682 sua
1821 2619 2268 2702 jurisdictione
2315 2618 2727 2702 patriarchali
2773 2620 2913 2681 tum
2961 2617 3051 2680 la-

733 2717 905 2779 tinos
970 2717 1110 2777 tum
1174 2735 1435 2799 graecos
1498 2714 1906 2797 presbyteros
1970 2715 2287 2780 habuisse.
2378 2713 2549 2778 Hinc
2614 2715 2809 2778 etiam
2871 2736 3049 2777 nunc

734 2811 1104 2895 Bulgariam
1166 2811 1627 2894 patriarchatui
1676 2810 1969 2875 Romano
2023 2811 2495 2876 attribuendam
2554 2810 2777 2885 fuisse,
2833 2811 2931 2873 uti
2981 2813 3051 2873 et

734 2909 856 2991 ipsi
904 2907 1171 2991 Bulgari
1220 2930 1293 2971 eo
1339 2929 1404 2971 se
1454 2910 1800 2971 verterant.
1863 2940 1948 2953 --
2008 2907 2261 2992 Urgent
2317 2907 2516 2991 legati
2563 2908 2838 2970 maxime
2885 2906 3047 2969 illud

734 3005 1138 3087 principium,
1177 3004 1689 3087 jurisdictionem
1727 3005 2215 3069 ecclesiasticam
2244 3027 2375 3069 non
2426 3004 2608 3087 sequi
2647 3002 3045 3087 jurisdictio-

734 3102 835 3166 nis
896 3102 1097 3165 civilis
1158 3101 1568 3165 mutationes
1668 3099 1875 3164 Aliud
1935 3099 2273 3179 ordinant,
2338 3101 2674 3183 inquiunt,
2719 3098 2889 3180 jura
2951 3118 3046 3161 se-

734 3197 944 3275 dium,
1010 3194 1196 3261 aliud
1245 3195 1605 3278 patiuntur
1665 3195 2012 3261 divisiones
2069 3216 2435 3278 reynorum.
2541 3194 2678 3259 Nos
2738 3194 2813 3258 de
2875 3193 3045 3258 divi—

734 3293 911 3358 sione
967 3313 1318 3376 reqnorum
1365 3313 1498 3357 non
1550 3292 1824 3375 aqimus
1873 3293 1982 3357 sed
2025 3293 2101 3358 de
2131 3294 2291 3376 jure
2338 3292 2584 3357 sedium
2635 3288 3044 3373 loquimur.²)

739 3428 813 3436 -
854 3392 1072 3467 Quoad
1103 3392 1262 3455 haec
1295 3392 1486 3454 etiam
1540 3393 1822 3474 apprime
1856 3394 2237 3456 Anastasius
2270 3390 2806 3456 Bibliothecarius
2839 3411 3043 3473 agens

735 3487 811 3550 de
857 3487 968 3552 illo
1014 3488 1306 3570 negotio:
1358 3486 1572 3566 Quum
1618 3486 1755 3551 alia
1800 3485 1905 3566 sit,
1949 3488 2181 3571 inquit,
2226 3486 2302 3551 in
2347 3484 2704 3551 mundanis
2747 3483 3044 3566 neyotiis,

737 3581 884 3647 alia·
932 3581 1006 3646 in
1060 3581 1502 3647 ecclesiasticis
1547 3582 1884 3665 dispositio
1927 3583 2143 3665 juris,
2203 3633 2217 3647 .
2279 3633 2292 3646 .
2339 3633 2352 3646 .
2414 3582 2534 3646 etsi
2582 3580 2804 3664 yraeci
2848 3580 3043 3663 prin·

737 3679 905 3760 cipes
964 3677 1240 3760 reqioni,
1316 3684 1634 3760 quantum
1706 3678 1792 3742 ad
1859 3679 2321 3761 rempublicam
2391 3678 2652 3757 attinet,
2722 3676 3045 3742 dominati

738 3780 911 3855 sunt,
956 3796 1088 3840 non
1135 3779 1348 3841 tamen
1386 3774 1847 3858 praejudicare
1881 3779 2161 3858 possunt
2206 3775 2336 3841 Dei
2381 3774 2708 3840 Ecclesiae
2739 3771 2970 3855 J'uri.⁸)

917 4040 957 4105 ¹)
995 4038 1235 4092 Praefat.
1275 4038 1331 4091 in
1372 4038 1575 4092 Concil.
1605 4038 1787 4105 VIII.;
1826 4038 2009 4092 Labbe
2038 4038 2193 4092 VIII.
2234 4041 2353 4092 972.

913 4116 957 4185 2)
995 4118 1062 4171 In
1100 4117 1227 4171 Vita
1263 4116 1564 4182 Hadriani,
1606 4134 1650 4169 e.
1688 4118 1808 4170 LII.

915 4195 957 4265 3)
998 4200 1191 4250 Anast.
1229 4196 1406 4249 Praef.
1446 4196 1502 4249 in
1543 4195 1748 4250 Concil.
1778 4195 1963 4263 VIII.;
2001 4197 2182 4250 Labbe
2211 4196 2365 4249 VIII.
2405 4197 2523 4246 971.
