3270 5028
733 474 838 524 230
1075 471 1221 525 XVI.
1262 471 1473 526 Causae
1511 462 1753 526 celebres
1792 476 1847 526 et
1883 471 2201 527 Decretales
2237 472 2692 527 Pseudo-Isidori.

732 613 1005 677 ctrinam
1055 611 1518 678 Godeschalcus
1563 614 1997 697 proponebat,
2060 635 2140 676 ex
2194 635 2500 697 responso
2546 614 2887 680 Amolonis
2946 621 3066 679 ta-

734 731 883 772 men
929 709 1284 794 colligitur,
1341 711 1535 797 plura
1562 712 1638 797 *in
1682 710 1852 774 illius
1907 709 2157 793 scriptis
2216 711 2411 795 fuisse
2462 733 3062 795 quaessperxersam

734 805 1089 889 doctrinam
1112 828 1295 891 *prae
1353 828 1419 869 se
1475 806 1810 894 ferebant„
1892 800 2260 887 ImprimiS,
2318 806 2855 884 scribit-Amolo,
2918 806 3067 871 dis-

724 900 923 984 plicet
967 900 1152 966 nobis
1181 901 1380 981 valde,
1430 901 1600 983 quod
1637 900 1799 966 dicis
1845 905 1906 965 et
1935 901 2193 981 asseris,
2238 901 2558 968 neminem
2594 903 2819 985 perire
2854 923 3072 986 posse

739 995 996 1062 Christi
1041 997 1361 1081 sanquine
1409 998 1829 1080 redemptum.
1876 1048 1888 1061 .
1938 1047 1952 1062 .
1998 1049 2010 1061 .
2056 997 2481 1080 Baptismum
2537 1004 2598 1062 et
2643 998 2779 1063 alia
2825 1019 3066 1064 sacra-

681 1047 952 1161 'menta
1003 1095 1430 1177 frustratorie
1489 1099 1549 1159 et
1590 1094 2035 1177 perfunctorie
2089 1094 2176 1159 iis
2220 1094 2399 1174 dari,
2465 1095 2579 1178 qui
2625 1101 2777 1179 post-
2821 1117 3067 1160 eorum

723 1190 1201 1273 perceptionem
1254 1196 1536 1273 pereunt
1550 1239 1567 1270 ,
1639 1195 1700 1255 et
1760 1191 1875 1273 qui
1951 1211 2031 1256 ex
2092 1212 2362 1256 numero
2416 1191 2709 1272 fidelium
2765 1197 3070 1274 pereunt

741 1285 1007 1352 Christo
1053 1293 1114 1353 et
1159 1288 1485 1354 Ecclesiae
1528 1288 1974 1371 incorporatos
2019 1309 2151 1353 non
2195 1287 2420 1372 fuisse,
2471 1289 2729 1371 quando
2775 1289 2863 1354 ad
2897 1310 3070 1372 per-

737 1384 1036 1467 cipienda
1080 1385 1593 1468 reqenerationis
1640 1385 1953 1468 mysteria
2001 1391 2419 1450 accesserunt.
2495 1385 2817 1469 Displicet
2861 1385 3074 1450 nobis

734 1482 937 1562 valde,
986 1483 1156 1564 quod
1186 1487 1321 1547 tam
1352 1482 1512 1548 dure
1555 1486 1616 1546 et
1641 1481 2128 1564 indisciplinate
2173 1486 2234 1546 et
2275 1482 2653 1547 immaniter
2697 1482 2772 1546 de
2818 1483 3069 1547 divina

726 1578 1325 1663 praedestinatione
1368 1578 1569 1644 sentis
1615 1583 1677 1642 et
1714 1578 2027 1660 loqueris,
2073 1582 2149 1642 ut
2196 1600 2411 1644 omnes
2446 1579 2549 1643 illi
2595 1578 2709 1660 qui
2755 1579 2842 1643 ad
2885 1579 3067 1644 sini-

735 1681 944 1741 stram
988 1676 1272 1764 ponendi
1314 1680 1471 1741 sunt
1514 1675 1585 1740 in
1634 1674 1738 1769 die
1776 1674 2023 1757 judicii
2069 1726 2081 1738 .
2133 1727 2144 1737 .
2193 1726 2205 1738 .
2251 1675 2351 1753 ita
2407 1675 2543 1741 sint
2594 1675 2921 1742 divinitus
2972 1676 3072 1740 ad

735 1773 1081 1840 interitum
1114 1772 1622 1855 praedestinati,
1682 1775 1757 1836 ut
1810 1790 2032 1836 eorum
2081 1793 2361 1853 prorsus
2415 1771 2642 1837 nullus
2690 1773 3067 1855 aliquando

706 1806 1049 1953 ipotuerit,
1109 1869 1334 1935 nullus
1375 1869 1585 1951 possit
1642 1869 1864 1934 salvus
1918 1888 2064 1932 esse.
2112 1919 2124 1931 .
2176 1921 2188 1932 .
2243 1921 2255 1932 .
2302 1869 2453 1934 Non
2503 1870 2725 1935 minus
2773 1871 3062 1936 detesta-

738 1987 890 2031 mur
934 1971 994 2030 et
1038 1966 1394 2045 horremus,
1445 1965 1614 2048 quod
1657 1965 1758 2030 ita
1788 1964 2098 2030 exarsisti
2137 1966 2449 2031 adversus
2479 1987 2582 2031 eos
2626 1968 2739 2049 qui
2784 1971 3070 2032 aeterno

739 2062 1017 2128 interitu
1072 2068 1230 2129 sunt
1288 2062 1501 2146 diqni,
1579 2067 1655 2127 ut
1714 2061 1989 2140 dixeris,
2060 2083 2162 2126 eos
2226 2067 2358 2126 tam
2421 2061 2937 2128 irrevocabiliter
2999 2068 3062 2127 et

661 2116 673 2221 Ι
737 2159 1355 2226 incommutabiliter
1404 2158 1768 2242 perditioni
1829 2179 1961 2223 esse
2011 2159 2559 2251 praedestinatos,
2629 2161 2797 2226 sicut
2862 2159 3066 2225 Deus

739 2258 876 2341 ipse
936 2255 1485 2322 incommutabilis
1545 2260 1606 2319 et
1667 2255 2178 2320 inconvertibilis
2228 2260 2335 2320 est.
2404 2295 2490 2303 —
2557 2258 2654 2321 Ex
2718 2258 2815 2323 his
2890 2280 3059 2321 sane

740 2355 1020 2439 colligas,
1068 2374 1433 2437 perversam
1477 2354 1670 2418 fuisse
1721 2353 2076 2418 doctrinam
2122 2352 2551 2419 Godeschalci.

920 2451 1020 2514 12.
1077 2449 1225 2534 Ipse
1279 2455 1496 2514 tamen
1551 2451 1621 2514 in
1676 2449 2184 2514 confessionibus
2242 2452 2376 2514 suis
2439 2472 2683 2516 errores
2742 2451 2818 2513 de
2866 2473 3062 2535 prae·

738 2548 1170 2614 destinatione
1236 2544 1656 2611 necessitante
1711 2552 1777 2611 et
1853 2547 1929 2611 de
1983 2548 2569 2630 praedestinatione
2631 2549 3062 2631 reproborum

740 2647 819 2710 ad
885 2643 1141 2737 culpam
1195 2631 1767 2727 ipsa-rrssmduorum
1827 2644 2008 2707 illum
2064 2644 2396 2723 Barbanna,
2462 2646 2848 2709 Hincmarus
2912 2646 3060 2707 alii·

741 2764 864 2824 que
930 2742 1341 2815 accusabant,
1421 2762 1554 2805 non
1592 2761 1597 2776 *¹
1624 2740 2054 2823 exprimebat,
2130 2742 2436 2805 continuo
2514 2740 2905 2825 provocabat
2974 2741 3060 2804 ad

742 2839 807 2904 S.
865 2839 1335 2923 Augustinum,
1398 2837 1473 2900 de
1527 2836 1853 2920 judicibus
1914 2837 2045 2901 suis
2107 2836 2519 2902 vehementer
2581 2838 3063 2922 expostulabat,

744 2943 811 3001 et
857 2935 1309 3012 contendebat,
1359 2934 1754 2998 adversarios
1800 2955 1949 2997 suos
1997 2934 2355 2998 convellere
2400 2934 2756 2999 doctrinam
2803 2932 2870 2997 S.
2917 2934 3057 2996 Au-

690 3097 697 3104 s
742 3034 1008 3119 gustini,
1055 3037 1121 3096 et
1167 3030 1784 3114 Semipelagianismi
1824 3051 2131 3094 renovare
2178 3051 2436 3094 errores,
2530 3030 2821 3094 Fuerunt
2865 3052 3060 3113 prae—

683 3109 695 3214 (
742 3140 922 3195 terea
990 3129 1102 3213 qui
1171 3127 1588 3192 Hincmarum
1655 3126 1736 3189 ob
1806 3124 2219 3189 Godeschalci
2284 3125 2782 3211 flagellationem
2853 3130 3062 3210 atque

745 3226 1097 3291 custodiam
1167 3225 1402 3288 nimiae
1476 3224 1544 3286 in
1619 3222 2003 3287 monachum
2088 3223 2284 3287 istum
2360 3224 2722 3289 severitatis
2797 3244 3057 3287 accusa-

742 3325 937 3404 bant,
1005 3344 1076 3386 eo
1139 3321 1414 3397 faciliuS,
1484 3318 1654 3403 quod
1713 3317 2103 3383 Hincmarus
2172 3341 2208 3382 a
2271 3320 2491 3384 multis
2558 3319 2907 3383 haberetur
2980 3325 3062 3382 ut

745 3419 844 3482 vir
890 3417 1385 3481 vehementioris
1447 3416 1646 3479 animi
1710 3436 1783 3479 ac
1841 3415 2212 3479 dominandi
2279 3415 2566 3498 cupidus,
2633 3416 2919 3499 adeoque
2975 3416 3063 3478 iis

749 3519 916 3580 esset
976 3536 1203 3597 parum
1263 3517 1581 3595 acceptuS.
1693 3511 1933 3575 Evenit
1993 3512 2220 3596 igitur,
2287 3516 2362 3575 ut
2419 3513 2635 3595 plnres
2694 3512 2813 3575 viri
2881 3513 3059 3576 docti

747 3614 817 3676 in
865 3611 1076 3677 Gallia
1123 3611 1590 3686 existimarent,
1640 3607 2138 3672 Godeschalcum
2191 3630 2324 3673 esse
2373 3609 2456 3673 ab
2501 3610 2821 3673 erroribus
2867 3631 3065 3691 prae-

748 3707 1205 3774 destinationis
1281 3706 1629 3770 immunem
1650 3754 1665 3782 ,
1743 3710 1808 3769 et
1884 3704 1966 3769 ab
2038 3706 2175 3788 ejus
2250 3705 2624 3769 adversariis
2698 3705 3060 3769 doctrinam

750 3807 811 3872 S.
869 3804 1220 3889 Augustini
1279 3803 1522 3885 impeti.
1624 3801 1798 3865 Hinc
1854 3801 2279 3866 discussiones
2336 3802 2413 3865 de
2467 3802 3060 3885 praedestinatione

749 3905 817 3968 in
867 3901 1077 3966 Gallia
1141 3922 1315 3965 acres
1381 3904 1640 3963 exortae
1691 3906 1864 3962 sunt.
1972 3897 2306 3981 Praecipui
2371 3899 2480 3983 qui
2544 3898 2621 3961 de
2681 3897 2802 3962 hac
2863 3920 3057 3981 quae-

747 4001 955 4064 stione
1020 3997 1429 4080 disputarunt
1493 3994 1673 4058 fuere
1740 4016 1817 4058 ex
1886 4017 2018 4059 una
2077 4001 2260 4078 parte
2325 3994 2776 4079 archiepiscopi
2841 3993 3059 4058 Raba-

748 4118 871 4161 nus
937 4094 1231 4170 MauruS,
1293 4092 1684 4157 Hincmarus
1751 4091 2166 4171 Rhemensis,
2230 4096 2295 4155 et
2360 4091 2590 4155 Amolo
2658 4090 3062 4176 Lugdunen-

748 4195 863 4275 sis;
929 4214 1005 4254 ex
1067 4191 1272 4254 altera
1328 4194 1513 4273 parte
1558 4188 1951 4254 Prudentius
2011 4189 2342 4272 episcopus
2397 4188 2761 4264 TrecensiS,
2826 4187 3066 4253 Serva·

458 3432 684 3475 Dissensio

412 3493 727 3546 theologorum.
