3270 5028
345 1173 375 1215 J
377 1175 507 1213 oafies
525 1172 656 1215 VIII.

346 1233 551 1275 Photium
587 1232 656 1275 da-

437 1297 568 1336 mnat.

672 452 779 503 432
1351 449 1529 502 XVII.
1567 450 1651 502 De
1689 448 1983 503 schismate
2019 450 2308 504 Photiano.

672 595 993 656 carentur
1112 591 1321 666 Quum
1393 588 1647 653 CPtani
1715 590 2001 653 animum
2068 593 2206 673 ejus
2277 592 2576 694 frangere
2645 615 2780 656 non
2857 614 3027 674 pos·

674 692 848 764 sent,
912 687 1021 751 sed
1074 708 1194 751 nec
1248 686 1530 750 Basilius
1584 708 1657 750 30
1704 685 1974 750 Photius
2032 694 2289 770 peracta
2343 671 2665 772 corrigere
2721 688 3021 763 vellent

674 806 885 868 neque
932 783 1304 867 Balgariam
1353 783 1642 863 reddere,
1700 782 1991 847 Marinus
2049 783 2304 848 infectis
2359 784 2549 849 rebus
2597 785 2860 849 demum
2911 783 3014 846 di-

675 881 904 945 missus
968 885 1082 944 est.
1176 880 1335 944 Post
1397 879 1675 943 reditum
1740 878 1978 947 Marini
2042 879 2328 944 Joannes
2385 903 2486 945 res
2547 883 2779 947 melius
2851 880 3021 944 edo-

677 982 836 1055 ctuS‚
880 978 1171 1060 quamvis
1217 976 1438 1040 multis
1482 980 1878 1059 premeretur
1922 977 2268 1061 angustiis,
2318 982 2382 1041 et
2425 976 2741 1041 Basilium
2788 976 3017 1053 offenff

676 1075 823 1144 dere
886 1073 1212 1137 videretur
1273 1095 1411 1137 esse
1478 1072 1660 1137 valde
1723 1073 2048 1151 nocivum,
2120 1074 2329 1138 officio
2388 1096 2500 1138 suo
2564 1078 2782 1138 tamen
2858 1096 3003 1137 non

678 1170 915 1247 defuit,
973 1169 1081 1233 sed
1148 1169 1448 1234 Photium
1512 1190 1747 1253 magna
1807 1191 1947 1233 cum
2009 1170 2418 1235 solemnitate
2479 1171 3009 1235 anathematiza-

678 1266 789 1330 vit.
863 1266 935 1329 Id
982 1267 1308 1349 colligitur
1355 1288 1430 1330 ex
1477 1267 1574 1341 iis,
1620 1288 1783 1349 quae
1829 1266 1905 1330 de
1937 1265 2189 1330 Joanne
2237 1267 2599 1331 referuntur
2638 1269 2704 1329 in
2755 1290 3006 1350 appen-

677 1363 922 1427 dicibus
983 1362 1063 1425 ad
1122 1361 1481 1426 Concilium
1538 1364 2011 1427 oecumenicum
2046 1361 2266 1439 VIII.‚
2334 1364 2519 1427 editis
2583 1386 2660 1427 ex
2717 1365 3016 1447 antiquo

677 1460 887 1524 codice
934 1480 1182 1542 graeco.
1267 1460 1418 1522 Post
1465 1461 1680 1543 aliqua
1727 1464 2024 1542 excerpta
2071 1482 2145 1523 ex
2191 1461 2493 1544 synodica
2542 1460 2856 1526 Hadriani
2913 1459 3002 1523 II.

678 1579 804 1640 qua
846 1556 1152 1620 Photium
1211 1557 1570 1638 damnavit,
1626 1554 2035 1639 adjungitur,
2094 1578 2235 1620 eum
2289 1556 2401 1640 qui
2447 1559 2836 1622 sententiam
2886 1558 3010 1620 da·

677 1654 1029 1717 mnationis
1101 1653 1475 1717 solemniter
1538 1653 1918 1735 postulavit,
1993 1652 2188 1717 fuisse
2266 1653 2784 1717 archidiaconum
2853 1655 3013 1737 ejus

677 1751 719 1815 J
722 1770 1000 1814 oannem
1059 1749 1173 1829 qui
1229 1747 1332 1812 illi
1383 1747 1459 1813 in
1503 1747 1895 1829 pontificatu
1938 1752 2168 1830 postea
2214 1748 2530 1813 successit.
2623 1750 2719 1812 Ac
2769 1750 3003 1813 relatis

680 1849 819 1931 ejus
882 1847 1094 1910 verbis
1159 1848 1474 1929 sequitur:
1536 1846 1718 1910 Haec
1778 1845 1892 1926 qui
1940 1845 2407 1927 pronuntiavit
2458 1846 2776 1924 JoanneS‚
2849 1865 3003 1909 cum

681 1941 1022 2007 Hadriani
1081 1942 1388 2006 thronum
1443 1962 1764 2006 successor
1813 1946 2204 2024 occupasset,
2262 1942 2432 2007 idem
2485 1943 2622 2024 ipse
2676 1941 2999 2006 Photium

679 2039 965 2105 eumdem
1020 2038 1385 2116 damnavit,
1446 2038 1705 2119 quando
1750 2039 2126 2121 E'uyenium
2185 2044 2246 2103 et
2299 2039 2463 2104 alios
2508 2042 2777 2121 propter
2823 2038 3003 2103 Bul-

664 2135 940 2218 yariam
1002 2135 1229 2200 missos
1298 2136 1425 2218 (διὰ
1477 2137 1586 2218 τὴν
1645 2137 2044 2221 Βουλγάριαν
2108 2134 2429 2217 ἐλθόντας)
2490 2157 2614 2217 per
2683 2135 3001 2219 fraudem

682 2231 1104 2296 circumvenit
1164 2235 1225 2295 et
1286 2230 1595 2312 corrupit.
1697 2230 1859 2297 Cum
1917 2233 2090 2297 enim
2151 2232 2489 2314 accepisset
2533 2232 3004 2315 Evangeliunu

681 2333 742 2392 et
803 2328 1135 2392 ambonem
1215 2328 1708 2406 conscendisset,
1787 2330 2083 2394 omnibus
2150 2328 2566 2395 audientibus
2627 2330 2726 2394 ita
2787 2328 2962 2393 dixit
2977 2357 3007 2399 5

684 2423 1083 2505 Quicumque
1136 2444 1268 2488 non
1324 2423 1513 2488 habet
1569 2424 1954 2491 damnatum
2001 2413 2311 2492 Photium
2367 2426 2594 2491 divina
2652 2425 3001 2503 sententia,

680 2522 847 2587 sicut
897 2521 1113 2603 ipsum
1167 2520 1434 2602 reliquit
1489 2521 1804 2588 Nicotaus
1864 2528 1924 2588 et
1971 2524 2366 2590 Hadrianus
2421 2523 2818 2589 sanctissimi
2862 2523 2995 2588 Pa-

668 2639 799 2702 pae
835 2617 1353 2700 praedecessores
1387 2617 1531 2698 mei,
1581 2619 1669 2684 sit
1714 2620 2134 2701 anathem-dl)
2188 2659 2259 2666 —
2313 2621 2527 2706 Hujus
2560 2622 2992 2686 damnationis

681 2717 1129 2781 documentum
1202 2718 1500 2780 exstabat
1571 2719 1765 2781 etiam
1832 2720 1900 2782 in
1972 2719 2264 2801 Epitome
2329 2716 2570 2800 Synodi
2633 2718 2992 2783 oecumeni-

681 2835 791 2878 cae
822 2811 1038 2888 VIII.‚
1100 2813 1265 2896 quod
1316 2813 1880 2897 Constantinopoli
1937 2815 2005 2879 in
2064 2815 2200 2897 ipsa
2259 2816 2521 2879 ecclesia
2573 2818 2833 2878 sanctae
2878 2811 2995 2881 So·

682 2910 870 2993 phiae
919 2910 1185 2973 affixum
1234 2906 1453 2992 erat.²)
1545 2910 1626 2974 In
1678 2911 1895 2974 eodem
1942 2912 2128 2976 inter
2177 2910 2304 2974 alia
2359 2911 2620 2974 dicitur:
2683 2909 3003 2988 „Photius

685 3031 721 3070 a
777 3028 1008 3071 novem
1063 3005 1490 3071 Pontificibus
1551 3007 1892 3086 Romanis,
1953 3007 2203 3086 Leone,
2267 3007 2648 3085 Benedicto‚
2706 3006 3003 3082 Nicolaor

682 3103 1042 3180 Hadriam,
1112 3102 1395 3181 Joanne‚
1462 3103 1746 3176 Marino,
1817 3103 2150 3169 Hadriano
2215 3105 2450 3181 altem,
2530 3101 2858 3187 Stephano
2932 3108 2997 3167 et

684 3201 997 3265 Formoso
1057 3200 1485 3264 anathematis
1545 3200 1814 3263 fulmine
1871 3205 1965 3264 est
2021 3201 2248 3265 ictuS.“
2342 3199 2470 3264 Ubi
2533 3201 2726 3263 etiam
2790 3200 2997 3283 quoad

687 3297 1054 3381 Eugenium
1102 3298 1365 3381 ejusque
1413 3297 1613 3361 socios
1662 3319 1699 3360 a
1742 3295 1978 3362 Photio
2026 3296 2320 3380 deceptos
2369 3297 2625 3360 dicitur:
2673 3295 2833 3373 „Qui
2866 3294 3007 3359 Ro-

687 3415 857 3458 mam
902 3394 1141 3457 reversi
1199 3416 1235 3456 a
1280 3393 1533 3458 Joanne
1594 3416 1762 3478 papa
1818 3396 1889 3459 in
1932 3394 2223 3471 ,ambone
2285 3393 2630 3476 publicitus
2688 3396 2844 3455 sunt
2890 3391 2997 3456 da·

687 3491 895 3554 mnati
939 3495 1003 3553 et
1044 3491 1440 3554 exauctorati
1477 3488 2042 3574 (καθῃρέθεσαν).“
2121 3487 2467 3574 Perperam
2499 3489 2698 3572 igitur
2742 3486 2999 3553 Pichler

688 3610 789 3652 res
849 3588 944 3650 ita
1006 3587 1293 3663 exhibet,
1359 3609 1432 3651 30
1493 3589 1548 3651 si
1605 3586 1893 3652 Joannes
1929 3585 2112 3652 VIII.
2179 3609 2372 3670 usque
2433 3586 2513 3650 ad
2568 3586 2740 3649 vitae
2803 3585 3003 3649 finem.

688 3684 995 3749 Photium
1043 3689 1118 3747 ut
1165 3685 1594 3767 patriarcham
1638 3685 1990 3748 habuisset.
1999 3681 2052 3766 3)

872 3867 912 3934 ¹)
950 3868 1132 3921 Labbe
1169 3866 1327 3920 VIII.
1369 3868 1522 3920 1419.
1570 3896 1638 3902 -
1685 3865 1951 3920 Baronius
1999 3867 2067 3918 ad
2118 3882 2166 3918 a.
2205 3867 2309 3918 880
2359 3866 2513 3917 11.11
2556 3879 2736 3918 errore
2775 3864 3005 3929 quodam

692 3948 835 4000 hunc
873 3950 1082 4001 textum
1124 3945 1287 4000 affert
1322 3945 1498 4000 veluti
1533 3951 1750 4012 partem
1787 3945 2056 4013 epistolae
2086 3943 2334 3998 Formosi
2372 3944 2533 3997 Pont.
2573 3944 2642 3996 ad
2679 3941 3003 4009 Stylianum.

694 4025 800 4079 Cfr.
838 4025 1033 4081 Hefele
1072 4026 1127 4079 O.
1168 4026 1229 4080 G.
1269 4025 1366 4078 IV.
1406 4024 1453 4093 ξ.
1496 4027 1614 4077 500.

871 4104 911 4170 2)
954 4104 1329 4172 „Breviarium
1358 4103 1559 4170 Synodi
1598 4107 1829 4157 octavae
1866 4104 1935 4156 ad
1972 4103 2284 4171 ingressum
2320 4116 2552 4170 magnae
2593 4099 2869 4162 ecclesiae,
2907 4114 2997 4152 seu

693 4185 749 4238 in
787 4184 1003 4252 porticu
1040 4181 1451 4252 perscriptum.“
1492 4182 1677 4236 Labbe
1701 4182 1856 4235 VIII.
1900 4185 2050 4236 1422.
2183 4180 2222 4247 ³)
2260 4181 2321 4234 L.
2362 4197 2405 4234 0.
2446 4181 2508 4232 Τ.
2552 4181 2595 4234 Ι.
2632 4196 2682 4246 p.
2726 4180 2842 4232 199.
2879 4180 3003 4230 200.
