3270 5028
446 1348 601 1391 Modus

377 1409 662 1464 praesentiae.

686 444 793 495 226
1030 442 1176 495 XVI.
1217 442 1426 496 Causae
1465 441 1709 496 celebres
1748 447 1805 496 et
1839 442 2160 497 Decretales
2197 444 2652 498 Pseudo-Isidori.

690 581 928 663 inquit,
976 602 1126 647 caro
1155 603 1298 647 mea
1329 584 1423 647 est
1458 602 1585 664 pro
1630 581 1861 647 mundi
1890 581 2046 648 vita.
2119 583 2213 648 Et
2241 587 2317 649 ut
2346 582 2720 648 mirabilius
2747 583 3021 665 loquar,

692 698 824 742 non
877 676 1014 742 alia
1066 677 1260 760 plane
1316 698 1513 760 quam
1574 697 1740 760 quae
1796 683 1960 744 nata
2015 684 2108 744 est
2153 680 2229 745 cle
2282 679 2506 745 Maria
2562 685 2623 744 et
2667 699 2875 764 passa
2937 679 3020 744 in

691 794 877 839 cruce
922 778 983 838 et
1027 774 1392 839 resurrexit
1426 774 1503 840 de
1547 774 1900 858 sepulchro.
1956 814 2044 823 —
2097 778 2321 854 Quoad
2375 778 2674 843 ultimum
2719 778 2841 843 hoc
2893 778 3023 841 do-

692 871 939 937 ctrinae
1002 876 1223 955 caput,
1287 872 1608 955 aliquibus
1658 873 1880 938 modus
1943 874 2246 957 loquendi
2306 875 2623 940 immerito
2670 875 2842 938 visus
2907 882 3023 938 est

695 990 899 1032 novus
959 973 1024 1033 et
1072 968 1486 1052 rejicienduS,
1546 972 1836 1052 quamvis
1892 969 2266 1036 Paschasius
2318 968 2379 1035 S.
2416 970 2779 1056 ‚Augustini
2827 971 3030 1035 testi·

693 1066 983 1129 monium
1040 1065 1439 1140 adduxisset3
1502 1088 1620 1131 nec
1675 1067 1782 1131 isti
1839 1067 1962 1130 viri
2014 1067 2257 1151 aliquid
2314 1067 2704 1151 carpendum
2755 1067 2880 1132 hac
2946 1069 3024 1130 in

695 1183 764 1225 re
820 1161 1250 1239 invenissent,
1317 1164 1371 1226 si
1417 1162 1698 1245 plurium
1760 1164 2025 1228 omnino
2085 1168 2452 1228 sanctorum
2508 1163 2769 1229 Patrum
2837 1164 3026 1230 dicta

698 1255 1028 1342 perspecta
1071 1257 1466 1323 habuissent.

875 1357 933 1419 5.
997 1353 1550 1439 Oppugnaverunt
1578 1396 1585 1401 2
1618 1357 1821 1465 igitur
1881 1356 2296 1422 Paschasium-
2353 1355 2664 1423 Rabanus
2724 1355 3026 1432 MaurUS,

703 1452 1125 1526 R-atramnus,
1187 1450 1310 1515 duo
1365 1453 1672 1535 anonymi
1728 1451 2217 1517 Gemblacenses
2273 1474 2541 1536 quorum
2602 1475 2804 1516 unum
2864 1451 3025 1515 Ma-

698 1549 997 1612 billonius
1052 1553 1244 1631 putat
1300 1570 1433 1612 esse
1486 1549 1696 1631 ipsum
1739 1549 2110 1627 Rabanum,
2172 1554 2237 1614 et
2283 1548 2626 1614 Ratherius
2676 1546 3029 1615 Veronen-

698 1646 802 1710 siS.
897 1643 1402 1727 „Opponebant,
1449 1645 1542 1709 ait
1586 1644 1733 1709 Em.
1780 1644 2151 1722 Franzelin,
2202 1650 2428 1711 contra
2477 1638 2929 1720 Paschasium,
2989 1669 3031 1708 a

700 1740 762 1807 S.
798 1741 1191 1823 Hieronymo
1224 1741 1582 1825 dupliciter,
1628 1764 1667 1805 a
1699 1740 1761 1806 S.
1796 1742 2159 1827 Augustino
2206 1743 2399 1807 etiam
2440 1744 2782 1826 tripliciter
2827 1742 3031 1807 Chri-

702 1841 786 1902 sti
833 1860 1061 1920 corpus
1106 1838 1258 1916 dici,
1317 1845 1512 1922 atque
1568 1839 1711 1903 ideo
1767 1861 1901 1904 non
1960 1839 2333 1923 simpliciter
2388 1861 2614 1922 corpus
2656 1838 2899 1904 Christi
2951 1842 3028 1903 in

710 1933 1110 1998 Eucharistia
1169 1957 1308 2000 esse
1365 1935 1702 2000 dicendum
1758 1935 1927 2000 idem
1983 1958 2237 2019 corpus,
2300 1936 2467 2020 quod
2519 1940 2745 2000 natum
2791 1940 2893 2000 est
2941 1937 3030 1999 de

705 2030 912 2094 Maria
961 2029 1248 2116 Virgine.
1342 2032 1651 2097 Attamen
1700 2038 1767 2097 et
1814 2032 1936 2116 ipsi
1980 2032 2386 2109 fatebantur,
2439 2054 2587 2097 vere
2632 2054 2706 2097 ac
2750 2034 3032 2097 realiter

704 2131 776 2192 in
843 2126 1248 2192 Eucharistia
1310 2150 1448 2192 esse
1509 2151 1738 2213 corpus
1800 2128 2102 2193 Christi.“
2208 2129 2471 2193 Modum
2532 2129 2828 2213 loquendi
2899 2131 3028 2195 Pa-

703 2225 964 2300 schasii,
1041 2247 1231 2308 quem
1299 2247 1536 2289 novum
1602 2226 1984 2301 censebant,
2053 2227 2414 2309 rejicientes
2479 2224 2810 2303 dicebant,
2883 2248 3031 2290 esse

706 2320 961 2406 quidem
1029 2343 1253 2404 corpus
1321 2321 1559 2386 Christi
1623 2327 1852 2386 natum
1916 2343 1992 2385 ex
2065 2321 2272 2386 Maria
2317 2322 2588 2407 Virgine
2654 2326 2717 2387 et
2784 2345 3026 2407 corpus

707 2417 951 2482 Christi
1021 2418 1089 2481 in
1166 2417 1568 2482 Eucharistia
1634 2416 1805 2482 idem
1872 2417 2302 2498 naturaliter,
2369 2439 2498 2484 non
2570 2421 2784 2484 tamen
2845 2417 3028 2482 idem

706 2511 1087 2597 specialiter.
1144 2553 1231 2561 —-
1290 2513 1833 2598 Manifestissime
1887 2513 2298 2598 coqnoscetis,
2369 2517 2593 2582 scribit
2656 2538 3030 2599 anonymus

711 2611 1102 2696 (Rabanus),
1151 2632 1284 2677 non
1331 2612 1612 2694 quidem,
1678 2612 1847 2694 quod
1891 2611 2092 2691 absit,
2140 2611 2566 2692 naturaliter,
2624 2611 3034 2699 sectjspe-cst

710 2707 863 2793 liter
906 2706 1091 2773 aliud
1136 2728 1269 2774 esse
1314 2729 1547 2791 corpus
1593 2708 1898 2786 Domini,
1917 2699 2125 2790 ‘quod
2167 2730 2247 2774 ex
2292 2708 2662 2774 substantia
2697 2707 2902 2792 panis
2947 2729 3031 2772 ac

712 2803 853 2869 vini
888 2809 1027 2888 *pro
1080 2804 1311 2871 mundi
1365 2805 1503 2870 vita
1559 2804 1845 2887 quotidie
1895 2826 2018 2887 per
2065 2805 2393 2888 Spiritum
2445 2810 2743 2872 sanctum
2805 2825 3032 2871 conse-

710 2905 966 2983 cratur,
1025 2904 1086 2967 et
1144 2902 1332 2968 aliud
1391 2901 1757 2985 specialiter
1802 2923 2033 2985 corpus
2083 2902 2365 2982 Christi,
2424 2903 2593 2985 quod
2645 2906 2876 2968 natum
2933 2906 3033 2967 est

710 3001 787 3065 de
835 2999 1064 3065 Maria
1109 2999 1391 3083 Virqine,
1446 2999 1520 3064 in
1561 3000 1731 3080 quod
1774 2998 1942 3063 illud
1986 3000 2409 3080 transfertur.
2501 2999 2626 3065 Sed
2678 3023 2753 3065 ea
2798 3000 3034 3065 distin-

712 3100 926 3164 ctione
973 3099 1137 3162 nihil
1192 3098 1366 3162 aliud
1413 3098 1510 3161 illi
1560 3102 1850 3162 auctores
1900 3096 2198 3162 catholici
2245 3098 2616 3174 voluerunt,
2673 3098 2798 3162 nisi
2852 3096 3031 3181 quod

712 3215 921 3280 unum
956 3217 1193 3278 corpus
1249 3198 1676 3284 agnoscerent
1730 3194 2080 3257 secundum
2133 3193 2593 3274 substantiam,
2648 3198 2714 3257 et
2769 3192 3034 3258 diversi-

714 3298 915 3355 tatem
963 3296 1325 3356 assererent
1368 3277 1742 3355 secundum
1766 3287 2003 3371 species
2043 3285 2347 3366 visibileS,
2395 3292 2461 3353 et
2500 3290 2850 3356 secundum
2897 3309 3034 3352 mo-

713 3386 870 3451 dum
915 3385 1266 3467 existendi,
1323 3410 1522 3452 unum
1572 3386 2087 3465 connaturalem,
2146 3388 2419 3452 alterum
2473 3384 3032 3451 sacramentalem.

716 3482 1159 3563 „Insistebant
1217 3490 1463 3561 autem,
1524 3484 1618 3546 ita
1677 3482 1815 3547 Em.
1870 3482 2240 3561 Franzelin,
2297 3483 2447 3547 huic
2500 3483 2903 3548 distinctioni
2963 3505 3038 3547 eo

721 3581 949 3664 magiS,
995 3579 1166 3664 quod
1213 3578 1516 3644 videntur
1561 3578 1969 3664 adscripsisse
2013 3580 2145 3643 suis
2192 3579 2567 3644 adversariis
2612 3581 3037 3655 sententiam,

716 3678 898 3760 quasi
946 3675 1012 3739 hi
1058 3676 1229 3759 ipsas
1277 3677 1519 3759 species
1551 3677 1834 3742 visibiles
1881 3680 2221 3760 putassent
2269 3698 2404 3741 esse
2447 3698 2678 3760 corpus
2722 3675 3037 3754 Christi,“

719 3773 820 3836 vel
869 3773 1034 3838 forte
1076 3794 1215 3836 eam
1247 3774 1772 3856 consequentiam
1818 3795 1897 3840 ex
1931 3773 2116 3837 modo
2163 3772 2463 3858 loquendi
2496 3772 2826 3837 Paschasii
2870 3772 3039 3837 falso

716 3868 1141 3933 deduxerunt.
1244 3868 1674 3951 „Ratramnus
1721 3869 2013 3934 videlicet
2059 3871 2502 3952 quaestionem
2557 3891 2698 3933 cum
2745 3869 2881 3933 suis
2928 3869 3040 3933 ad-

719 3966 1014 4029 versariis
1061 3964 1226 4029 hanc
1274 3987 1408 4029 esse
1455 3966 1574 4030 ait:
1623 3970 1841 4029 utrum
1875 3964 2277 4030 Eucharistia
2317 3966 2556 4052 aliquid
2597 3965 2828 4029 secreti
2877 3987 3040 4030 con-

718 4062 926 4126 tineat
971 4063 1140 4146 quod
1185 4063 1381 4127 oculis
1439 4062 1584 4126 fidei
1629 4062 2024 4126 solummodo
2081 4067 2330 4145 pateat,
2389 4086 2472 4128 an
2530 4063 2670 4128 sine
2718 4064 3044 4147 cujusque

719 4156 1042 4223 velatione
1104 4159 1396 4243 mysterii
1456 4159 1576 4224 hoc
1638 4162 1928 4241 aspectus
1990 4160 2326 4224 intueatur
2384 4160 2663 4244 corporis
2722 4160 3045 4233 extrariae,
