3270 5028
398 1154 712 1200 Joannisvnl.

429 1216 675 1260 moderatio,

731 437 837 487 430
1404 433 1583 486 XVII.
1625 434 1707 488 Do
1746 432 2037 486 schismate
2074 432 2362 486 Photiano.

732 597 893 660 guae
950 597 1212 659 graecae
1275 576 1560 658 ignarOS,
1623 573 1793 637 haud
1857 574 2139 657 apprime
2201 574 2593 638 intellexisse
2652 595 2731 637 ac
2798 571 3113 636 scivisse

734 695 898 756 quae
965 670 1107 736 Sedi
1176 670 1581 754 Apostolicae
1649 671 1905 734 infensa
1971 670 2038 734 in
2098 671 2177 734 iis
2242 671 2770 746 continerentur,
2870 672 3106 751 atque

732 770 850 833 sibi
924 770 1336 852 persuasisse,
1411 767 1479 830 in
1557 767 1878 850 adjunctis
1957 766 2348 831 difficillimis
2425 768 2581 831 satis
2649 764 3102 831 convenien-

730 870 830 929 ter
875 865 1179 929 mandata
1224 864 1498 929 Joannis
1531 863 1715 929 VIII.
1778 862 2112 927 observata
2168 863 2392 940 fuisse,
2446 885 2640 947 seque
2694 863 2894 927 bono
2960 883 3097 945 pa-

731 962 820 1025 cis
881 965 946 1025 et
996 960 1315 1025 Ecclesiae
1378 953 1649 1025 utilitati
1712 960 2091 1024 inserviisse.
2183 958 2383 1024 Initio
2437 959 3089 1046 Joannesuquam·

730 1058 825 1122 vis
870 1057 1039 1123 forte
1096 1059 1280 1141 plura
1329 1058 1501 1122 haud
1559 1058 1722 1121 bene
1779 1061 2034 1140 peracta
2082 1056 2251 1121 illico
2311 1057 2697 1137 adverteret,
2762 1063 2835 1121 et
2894 1056 3090 1119 Pho-

733 1158 861 1218 tius
926 1156 1063 1238 ipse
1126 1155 1505 1238 scripsisset,
1571 1177 1639 1218 se
1703 1158 1925 1237 utpote
1987 1175 2115 1217 non
2181 1176 2359 1217 reum
2429 1152 2973 1217 misericordiam
3046 1177 3085 1216 a

732 1249 989 1334 Synodo
1051 1255 1267 1334 petere
1323 1273 1453 1315 non
1511 1252 1819 1334 potuisse,
1883 1250 2319 1315 moderatione
2378 1256 2442 1314 et
2486 1251 2918 1335 indulgentia
2972 1251 3083 1314 uti

734 1348 1035 1429 perrexit.
1126 1346 1208 1411 Iu
1255 1347 1489 1411 litteris
1539 1347 1770 1431 quibus
1816 1345 1917 1410 die
1980 1344 2092 1409 13⁰
2141 1346 2420 1432 Augusti
2467 1347 2705 1411 Basilio
2754 1352 2822 1411 et
2875 1348 3075 1411 Pho-

733 1446 823 1509 tio
892 1444 1249 1526 respondit,
1321 1446 1392 1508 in
1457 1445 1792 1527 agnitione
1860 1443 2082 1518 Photii
2153 1451 2546 1526 perseverat3
2627 1443 3076 1527 reprehendit

734 1549 978 1617 tamen,
1044 1540 1209 1624 quod
1266 1543 1451 1624 plura
1518 1541 1730 1624 capit-a
1792 1562 1955 1624 quae
2031 1542 2525 1624 praescripserat
2587 1540 2752 1604 haud
2824 1542 3072 1605 obser-

697 1643 882 1701 ‘vata
944 1638 1107 1715 sint,
1172 1642 1237 1702 et
1296 1639 1649 1721 significat,
1712 1659 1778 1701 se
1835 1659 1908 1701 ea
1964 1660 2094 1701 non
2145 1638 2553 1714 confirmare,
2615 1659 2781 1722 quae
2839 1639 3067 1722 legati

735 1736 898 1798 forte
963 1736 1027 1799 in
1091 1735 1333 1818 synodo
1399 1741 1625 1799 contra
1695 1735 2107 1817 apostolicam
2182 1736 2691 1818 praeceptionem
2764 1736 3062 1819 egerint.

732 1830 837 1895 Ita
884 1832 949 1894 in
996 1832 1266 1914 epistola
1313 1831 1389 1895 ad
1422 1832 1730 1895 Basilium
1779 1831 2064 1895 Joaunes
2112 1832 2357 1895 scribit:
2408 1829 2583 1894 Nam
2629 1834 2689 1894 et
2733 1850 2829 1910 ea,
2881 1851 3064 1911 quae

723 1948 850 2009 pro
897 1946 1094 1991 causa
1149 1926 1583 1992 restitutionis
1629 1925 1790 1991 Rani
1840 1925 2064 1991 Pliotii
2105 1926 2530 2008 patriarchae
2586 1926 2889 2009 synodali
2951 1927 3061 1991 de-

734 2028 902 2087 creto
982 2021 1539 2105 Constantinopoli
1615 2022 2118 2088 misericorditer
2193 2029 2339 2088 acta
2412 2028 2593 2103 sunt,
2670 2023 3058 2106 recipimus.

733 2120 826 2184 Et
888 2120 945 2185 si
1009 2120 1288 2203 fortasse
1351 2119 1561 2184 nostri
1621 2118 1816 2202 leyati
1876 2119 1949 2184 in
2014 2120 2226 2184 eadem
2294 2120 2535 2201 synodo
2597 2124 2824 2185 eontra
2893 2141 3055 2203 apo-

733 2216 1024 2282 stolicam
1059 2216 1578 2299 praeceptionem
1625 2216 1902 2299 efferim,
1956 2237 2073 2280 nos
2116 2236 2229 2280 nec
2272 2216 2646 2298 recipimus,
2706 2237 2819 2281 nec
2853 2216 3053 2300 judi-

735 2334 955 2379 camus
1015 2313 1298 2396 alieujus
1364 2313 1635 2377 eaeistere
1694 2312 2108 2394 firmitatis.¹)
2178 2352 2262 2360 —
2328 2315 2423 2378 Ad
2490 2315 2793 2378 Photium
2866 2338 3052 2380 vero:

736 2409 862 2474 Sed
913 2430 1055 2475 cum
1110 2430 1227 2474 nos
1285 2409 1545 2491 scriptis
1600 2414 1661 2473 et
1716 2409 1926 2474 verbis
1979 2409 2481 2476 misericorditer
2539 2414 2744 2474 tecum
2802 2411 3048 2493 specia-

736 2505 885 2571 liter
952 2506 1272 2590 ayendum
1342 2527 1472 2571 6336
1539 2505 1958 2587 decrevimuS,
2034 2508 2408 2574 mirandum
2478 2507 2660 2574 valde
2730 2511 2849 2587 est,
2927 2530 3048 2572 cur

733 2603 971 2683 multa,
1030 2625 1192 2685 quae
1237 2624 1355 2668 nos
1400 2608 1865 2685 statueramus,
1920 2609 2037 2669 aut
2084 2605 2276 2669 aliter
2320 2604 2569 2684 habita,
2620 2609 2738 2669 aut
2784 2609 3043 2669 mutata

733 2721 864 2765 esse
909 2705 1280 2780 noscantur,
1330 2706 1389 2764 et
1433 2700 1772 2780 nescimus,
1817 2701 2003 2784 cujus
2040 2701 2255 2767 studio
2301 2702 2395 2765 vel
2440 2700 2730 2783 neqlectu
2774 2700 3036 2766 variata

732 2802 1191 2862 monstrentur.
1241 2847 1255 2861 .
1303 2847 1316 2861 .
1366 2849 1378 2860 .
1438 2797 1662 2880 Iyitur
1726 2797 2076 2862 laudabilis
2134 2803 2252 2863 tua
2303 2798 2662 2880 prudentia
2722 2819 2886 2879 quae
2943 2798 3036 2861 di·

734 2892 907 2959 citur
951 2893 1382 2959 humilitatem
1432 2894 1625 2979 scire,
1675 2915 1808 2959 non
1853 2895 2109 2959 moleste
2150 2895 2352 2978 ferat,
2406 2896 2576 2976 quod
2619 2895 2696 2960 ab
2744 2894 3033 2960 Ecclesia

735 2990 865 3054 Dei
909 2989 1387 3055 miserationem
1419 2991 1615 3074 jussa
1662 2997 1754 3055 est
1788 2991 2163 3072 postulare;
2211 2991 2372 3073 quin
2407 2991 2633 3074 potius
2678 3013 2759 3071 se,
2808 2996 2883 3056 ut
2931 3013 3031 3056 ex-

734 3087 1000 3166 altetur,
1062 3087 1385 3167 humiliet,
1449 3092 1507 3151 et
1559 3088 1941 3171 fraternum
1997 3088 2202 3154 discat
2259 3109 2415 3172 crya
2473 3091 2580 3154 sui
2632 3088 3031 3154 miserentem

732 3204 990 3248 servare
1036 3183 1354 3267 affectum.
1437 3184 1607 3263 Quia
1655 3207 1788 3265 nos,
1833 3186 1892 3250 si
1921 3190 1994 3251 tu
2040 3185 2315 3251 debitam
2348 3185 2735 3251 devotionem
2784 3189 2844 3250 et
2885 3186 3031 3266 fide-

734 3279 943 3344 litatis
997 3279 1393 3345 incrementa
1458 3302 1612 3364 erya
1666 3286 1957 3363 sanctam
2003 3283 2370 3348 Romanam
2426 3282 2749 3348 ecclesiam
2811 3287 2873 3347 et
2924 3305 3030 3348 no-

732 3380 939 3441 stram
973 3376 1373 3459 parvitatem
1429 3377 1764 3442 observare
1821 3379 2173 3459 studueris,
2235 3385 2295 3444 et
2346 3384 2422 3445 ut
2474 3379 2753 3461 fratrem
2799 3380 3029 3461 ample·

733 3477 979 3537 ctemur
1034 3479 1093 3537 et
1147 3478 1221 3537 ut
1277 3474 1690 3540 carissimum
1725 3475 2107 3557 proximum
2162 3475 2656 3553 retinebimus.²)
2747 3475 2921 3540 Nam
2974 3482 3031 3541 et

733 3589 807 3633 ea
870 3590 1034 3651 quae
1084 3591 1212 3652 pro
1259 3591 1456 3636 causa
1516 3576 1667 3636 tuae
1723 3572 2159 3638 restitutionis
2213 3572 2513 3655 synodali
2567 3572 2811 3637 decreto
2874 3571 3027 3638 Gon-

913 3768 954 3834 1)
993 3769 1090 3836 Ep.
1133 3772 1261 3838 2513
1304 3771 1482 3825 Labbe
1520 3772 1617 3824 IX.
1660 3774 1775 3824 180.

910 3846 952 3914 2)
991 3848 1090 3914 Ep.
1130 3851 1259 3917 2013
1298 3850 1482 3903 Labbe
1521 3850 1619 3904 IX.
1662 3852 1778 3904 179.
1818 3879 1884 3888 —
1925 3851 2179 3906 Severius
2216 3854 2317 3907 hac
2357 3855 2422 3906 de
2460 3869 2520 3906 re
2555 3850 2848 3906 Batonius:
2900 3851 3025 3919 „Qui

733 3927 994 3993 (Joannes
1024 3927 1205 3993 VIII.)
1243 3927 1403 3981 nimis
1440 3934 1608 3982 tenax
1644 3930 1796 3996 pacis
1834 3930 1982 3983 illius
2020 3932 2135 3987 Deo
2172 3933 2403 3993 invisae,
2443 3948 2601 3999 quam
2638 3948 2744 3985 non
2774 3933 3024 3998 quomodo

732 4006 906 4070 Deus,
956 4007 1050 4060 sed
1090 4008 1351 4074 quomodo
1389 4008 1620 4061 mundus
1672 4009 1797 4075 dat,
1849 4010 2049 4064 obtulit
2096 4017 2152 4067 et
2194 4012 2433 4080 accepit,
2480 4010 2708 4065 lenitate
2747 4010 2879 4074 olei,
2929 4028 3023 4065 non

731 4084 872 4137 ferro
911 4084 1152 4153 chirurgi
1190 4086 1275 4149 (ut
1313 4100 1445 4153 opus
1485 4086 1627 4153 erat)
1667 4087 1722 4140 in
1759 4089 1944 4143 Photii
1983 4090 2247 4144 ulcerosis
2288 4089 2725 4158 apostematibus
2763 4106 2893 4142 usus
2930 4098 3021 4156 est,
3118 4122 3121 4127 -

733 4164 977 4230 exemplo
1016 4170 1321 4218 sanctorum
1360 4166 1831 4232 praedecessorum
1860 4168 2073 4223 Nicolai
2103 4175 2159 4223 et
2184 4168 2496 4224 Hadriani.“
2537 4168 2624 4222 Ad
2661 4184 2707 4221 a.
2748 4171 2866 4221 880.
2905 4186 2953 4222 n.
2978 4172 3019 4221 9.
