3270 5028
2418 305 2437 341 l

631 429 745 481 352
1314 427 1492 482 XVII.
1529 429 1612 483 De
1651 428 1945 481 schismate
1982 427 2271 483 Photiano.

635 572 781 631 tum
826 568 1027 651 legati
1067 572 1208 632 tum
1255 567 1385 633 Leo
1431 569 1814 633 secretarius
1857 568 2127 634 Romam
2171 573 2627 652 pervenerunt.
2719 568 2959 653 Legati

643 664 808 728 nihil
850 664 1025 729 aliud
1071 666 1550 742 renuntiarunt,
1595 666 1722 730 nisi
1768 664 2124 749 depositum
2166 664 2496 750 Ignatium
2546 671 2611 731 et
2642 665 2960 730 Photium

639 761 714 825 in
758 763 905 826 sede
938 760 1204 826 OPtana
1249 762 1603 837 firmatum3
1652 761 1786 826 Leo
1814 783 1966 826 vero
2011 766 2156 845 post
2200 762 2359 826 duos
2388 762 2521 826 dies
2567 762 2961 827 documenta

643 858 764 941 ipsi
820 858 1156 922 commissa
1211 857 1516 923 Pontifici
1570 858 1857 924 tradidit.
1957 856 2168 921 Porro
2214 856 2511 939 praefati
2564 855 2749 922 missi
2804 859 2959 920 tan-

632 952 785 1017 dem
826 951 1088 1032 reversi,
1136 955 1360 1020 scribit
1406 955 1729 1030 Nicolaus,
1776 926 1875 1018 nil
1910 951 2096 1018 aliud
2139 954 2625 1034 renuntiavere,
2669 952 2803 1019 nisi
2846 952 2959 1016 de-

629 1047 926 1142 positam
994 1049 1334 1133 anatium
1406 1054 1467 1115 et
1535 1050 1855 1116 Photium
1923 1050 1996 1115 in
2063 1050 2205 1115 sede
2267 1049 2537 1117 CPtana
2596 1051 2962 1132 firmatum.

645 1146 803 1210 Post
849 1146 1011 1213 duos
1054 1168 1204 1213 vero
1265 1146 1401 1212 dies
1457 1148 1706 1230 leyatus
1761 1167 1802 1212 a
1857 1146 2043 1212 nobis
2096 1146 2462 1229 imperialis
2515 1146 2773 1213 nomine
2819 1147 2962 1211 Leo

636 1248 978 1325 susceptus
1040 1243 1167 1308 duo
1223 1243 1558 1309 volumina
1614 1243 1847 1309 obtulit
1857 1292 1875 1323 ,
1935 1264 2213 1325 quoram
2275 1264 2483 1309 unum
2538 1241 2965 1326 depositionis

647 1337 904 1421 anatii
943 1344 1127 1423 qesta
1184 1340 1577 1419 continebat,
1634 1340 1914 1406 alterum
1970 1345 2188 1407 autem
2250 1340 2521 1406 habebat
2577 1341 2652 1406 de
2708 1339 2965 1405 sanctis

639 1435 1047 1517 imaqinibas
1093 1440 1255 1502 acta.
1348 1436 1607 1501 Detulit
1647 1442 1987 1520 praeterea
2036 1436 2206 1502 idem
2255 1438 2388 1502 Leo
2433 1436 2801 1520 imperiales
2848 1436 2962 1500 zit-

639 1536 823 1597 teras
867 1532 1305 1614 deprecantes,
1367 1537 1688 1615 quatenus
1747 1538 1809 1598 et
1868 1534 1944 1599 in
1999 1533 2392 1617 depositione
2452 1532 2706 1617 anatii
2765 1536 2825 1598 et
2879 1532 2966 1597 in

637 1621 1137 1708 confirmatione
1193 1629 1428 1694 Photii
1482 1649 1860 1695 eonsensum
1911 1631 2369 1712 praeberemus
2421 1635 2481 1695 et
2532 1621 2966 1696 subScribere-

643 1725 875 1809 Μ1ι8.1)
970 1728 1232 1811 Accepit
1276 1728 1519 1812 pariter
1561 1750 1675 1811 per
1716 1750 1862 1792 eum
1909 1729 2212 1794 Nicolaus
2249 1730 2388 1814 jam
2433 1731 2966 1793 commemoratas

644 1824 898 1888 litteras
966 1822 1188 1889 Photii
1252 1825 1713 1909 apologeticas,
1779 1825 2010 1908 quibus
2077 1824 2247 1908 ipse,
2292 1826 2615 1890 affectata
2683 1823 2966 1908 quadam

645 1920 890 2002 pietate
937 1925 1002 1984 et
1047 1920 1445 1998 humilitate,
1500 1943 1795 1985 sermone
1841 1921 2070 1985 diffuso
2127 1926 2193 1985 et
2236 1925 2378 1986 arte
2438 1920 2662 1985 callide
2705 1941 2963 2004 compo·

639 2017 797 2094 sita,
845 2039 1011 2101 quae
1056 2018 1296 2082 fecerat
1327 2038 1630 2082 excusare
1677 2021 1743 2081 et
1787 2018 2129 2083 defendere
2174 2017 2492 2082 studebat.
2568 2016 2963 2106 Ppaesertim

639 2135 833 2177 suam
880 2136 958 2177 ex
1005 2115 1167 2179 laico
1212 2112 1682 2180 ordinationem
1723 2114 2070 2198 sophistica
2127 2115 2375 2179 ratione
2422 2114 2740 2178 vindicare
2785 2113 2964 2177 nite-

649 2210 842 2273 batur
900 2233 977 2274 ex
1036 2210 1372 2295 disciplina
1432 2212 1732 2277 ecclesiae
1795 2212 2126 2275 orientalis
2187 2216 2254 2275 et
2315 2212 2620 2295 exemplis
2666 2209 2962 2274 Patrum.

639 2305 823 2370 ,Dum
871 2306 1272 2389 disciplinam
1318 2308 1703 2373 orientalem
1750 2308 2049 2372 describit
2092 2313 2165 2372 ut
2208 2308 2280 2372 in
2323 2307 2701 2391 quibusdam
2748 2306 2963 2371 diver-

648 2424 784 2466 sam
832 2403 914 2466 ab
960 2403 1359 2481 occidentali,
1403 2402 1572 2467 hanc
1617 2404 1928 2469 indirecte
1976 2426 2231 2488 carpere
2275 2405 2530 2469 nititur.
2604 2404 2776 2469 Dein
2808 2424 2964 2467 vero

649 2499 869 2564 fucata
914 2500 1223 2564 modestia
1254 2499 1550 2579 advertit,
1598 2524 1665 2566 se
1704 2503 1900 2587 juxta
1929 2501 2265 2567 Pontificis
2297 2501 2614 2567 desideria
2654 2488 2737 2566 ad
2781 2522 2964 2566 scan-

638 2596 795 2661 dala
854 2597 1232 2681 pusillorum
1279 2598 1545 2662 vitanda
1598 2599 1981 2682 providisse,
2038 2604 2114 2663 ut
2157 2600 2228 2663 in
2272 2603 2605 2683 posterum
2651 2596 2964 2682 ejusmodi

639 2692 1089 2758 ordinationes
1137 2695 1330 2759 etiam
1374 2693 1445 2758 in
1495 2693 1764 2759 Oriente
1810 2696 2119 2760 vitentur.·

824 2790 933 2855 41.
998 2789 1125 2855 Sed
1189 2791 1481 2875 quamvis
1550 2813 1624 2856 eo
1686 2795 1975 2875 tempore
2041 2791 2504 2902 Theognostus.
2559 2791 2640 2855 ab
2701 2789 2964 2875 Ignatio

647 2886 879 2952 missus
925 2887 1210 2951 nondum
1260 2886 1646 2966 advenisset,
1695 2887 1998 2952 Nicolaus
2044 2888 2374 2953 fraudibus
2415 2888 2783 2971 iniquorum
2830 2908 2964 2950 non

642 2987 749 3048 est
796 2985 1138 3069 deceptus.
1209 2984 1614 3049 Examinatis
1661 2985 1896 3048 litteris
1945 2989 2010 3048 et
2056 2985 2463 3050 conciliabuli
2507 2982 2758 3048 CPtani
2801 2981 2963 3047 actis

647 3081 979 3164 perspexit
1043 3064 1379 3160 Pontifex,
1454 3081 1706 3164 legatos
1769 3078 2171 3146 Rodoaldum
2234 3085 2302 3145 et
2364 3080 2734 3145 Zachariam
2793 3076 2966 3142 haud

644 3182 938 3256 secntm,
999 3177 1111 3243 sed
1154 3183 1594 3263 transgressos
1654 3199 1787 3241 esse
1834 3177 2140 3243 mandata
2184 3179 2266 3241 ab
2318 3179 2457 3261 ipso
2504 3180 2797 3259 excepta,
2855 3175 2962 3238 lit·

649 3279 823 3338 teras
868 3275 947 3339 iis
995 3275 1178 3339 datas
1209 3274 1774 3358 Constantinopoli
1818 3275 2053 3358 partim
2093 3296 2229 3339 non
2272 3275 2492 3351 lectas,
2539 3271 2776 3356 partim
2824 3292 2964 3336 esse

657 3371 988 3435 mutilatas
1035 3376 1232 3456 atque
1279 3376 1647 3454 corruptas,
1704 3372 1920 3436 omnia
1966 3371 2034 3435 in
2078 3370 2500 3435 conciliabulo
2546 3369 2861 3433 violenter
2898 3374 2966 3431 et

648 3470 881 3531 eontra
935 3489 1217 3532 canones
1270 3489 1407 3532 esse
1465 3471 1745 3550 peracta.
1836 3466 2142 3531 Pontifici
2191 3467 2390 3552 igitur
2435 3466 2636 3530 visum
2694 3470 2795 3529 est
2851 3485 2965 3528 ne-

653 3562 1020 3642 cessarium,
1069 3564 1276 3628 etiam,
1314 3569 1663 3647 antequam
1709 3565 2068 3628 accuratius
2112 3564 2367 3649 singula
2413 3566 2739 3645 comperta
2768 3561 2965 3625 habe-

653 3664 790 3737 ret,
837 3660 1176 3743 reprobare
1221 3664 1405 3744 gesta
1461 3661 1818 3744 legatorum
1878 3682 2156 3725 suorum.
2226 3659 2689 3741 Quapropter,
2744 3657 2965 3721 scribit

653 3756 792 3839 ipse
832 3755 1157 3841 Pontifex,
1207 3754 1364 3820 dum
1408 3755 1587 3838 apud
1629 3775 1748 3821 nos
1792 3754 2257 3838 imperatorius
2301 3755 2556 3833 missus,
2602 3752 2767 3818 idest
2812 3751 2964 3831 Le0,

649 3851 936 3932 adesset,
997 3856 1340 3917 convocata
1387 3856 1522 3918 tota
1575 3872 1740 3934 quae
1794 3853 1973 3934 apud
2028 3873 2146 3918 nos
2201 3857 2294 3917 est
2340 3850 2627 3929 ecclesia,
2679 3847 2967 3933 professi

649 3967 886 4012 samus
930 3969 1146 4014 coram
1196 3949 1363 4031 ipsa,
1420 3949 1590 4014 sicut
1634 3953 1695 4013 et
1730 3948 2143 4031 profitemur,
2194 3970 2320 4032 pro
2365 3945 2709 4031 dejectione
2750 3948 2967 4010 vestra

838 4158 881 4225 ¹)
918 4158 1091 4213 Nicol.
1129 4174 1211 4226 ep.
1257 4160 1283 4212 1
1324 4160 1393 4211 ad
1429 4127 1584 4212 univ:
1616 4157 1770 4213 Cath.
