<?xml version="1.0" encoding="UTF-8"?>
<!DOCTYPE html PUBLIC "-//W3C//DTD XHTML 1.0 Transitional//EN"
    "http://www.w3.org/TR/xhtml1/DTD/xhtml1-transitional.dtd">
<html xmlns="http://www.w3.org/1999/xhtml" xml:lang="en" lang="en">
 <head>
  <title>
</title>
<meta http-equiv="Content-Type" content="text/html;charset=utf-8" />
  <meta name='ocr-system' content='tesseract 3.04.00' />
  <meta name='ocr-capabilities' content='ocr_page ocr_carea ocr_par ocr_line ocrx_word'/>
</head>
<body>
  <div class='ocr_page' id='page_1' title='image "./dissertationess04junggoog_0176.png"; bbox 0 0 3270 5028; ppageno 0'>
   <div class='ocr_carea' id='block_1_1' title="bbox 538 951 645 1112">
    <p class='ocr_par' dir='ltr' id='par_1_1' title="bbox 538 951 645 1112">
     <span class='ocr_line' id='line_1_1' title="bbox 538 951 645 1112; baseline 0 0"><span class='ocrx_word' id='word_1_1' title='bbox 538 965 543 970; x_wconf 75' lang='grc'><em>’</em></span> <span class='ocrx_word' id='word_1_2' title='bbox 624 951 645 1112; x_wconf 79' lang='lat' dir='ltr'>l</span> 
     </span>
    </p>
   </div>
   <div class='ocr_carea' id='block_1_2' title="bbox 355 2906 665 2948">
    <p class='ocr_par' dir='ltr' id='par_1_2' title="bbox 355 2906 665 2948">
     <span class='ocr_line' id='line_1_2' title="bbox 355 2906 665 2948; baseline 0 0"><span class='ocrx_word' id='word_1_3' title='bbox 355 2906 516 2948; x_wconf 82' lang='lat' dir='ltr'>Leonis</span> <span class='ocrx_word' id='word_1_4' title='bbox 546 2907 665 2948; x_wconf 89' lang='lat' dir='ltr'>inno-</span> 
     </span>
    </p>
   </div>
   <div class='ocr_carea' id='block_1_3' title="bbox 434 2968 592 3010">
    <p class='ocr_par' dir='ltr' id='par_1_3' title="bbox 434 2968 592 3010">
     <span class='ocr_line' id='line_1_3' title="bbox 434 2968 592 3010; baseline 0.006 -1"><span class='ocrx_word' id='word_1_5' title='bbox 434 2968 592 3010; x_wconf 85' lang='lat' dir='ltr'>centia.</span> 
     </span>
    </p>
   </div>
   <div class='ocr_carea' id='block_1_4' title="bbox 622 3807 639 3850">
    <p class='ocr_par' dir='ltr' id='par_1_4' title="bbox 622 3807 639 3850">
     <span class='ocr_line' id='line_1_4' title="bbox 622 3807 639 3850; baseline 0 0"><span class='ocrx_word' id='word_1_6' title='bbox 622 3807 639 3850; x_wconf 60' lang='lat' dir='ltr'>k</span> 
     </span>
    </p>
   </div>
   <div class='ocr_carea' id='block_1_5' title="bbox 703 431 2543 501">
    <p class='ocr_par' dir='ltr' id='par_1_5' title="bbox 703 431 2543 501">
     <span class='ocr_line' id='line_1_5' title="bbox 703 431 2543 501; baseline 0.003 -20"><span class='ocrx_word' id='word_1_7' title='bbox 703 431 809 483; x_wconf 87' lang='grc'>170</span> <span class='ocrx_word' id='word_1_8' title='bbox 1173 432 1291 486; x_wconf 87' lang='lat' dir='ltr'>XV.</span> <span class='ocrx_word' id='word_1_9' title='bbox 1327 433 1412 487; x_wconf 89' lang='lat' dir='ltr'>De</span> <span class='ocrx_word' id='word_1_10' title='bbox 1449 434 1688 501; x_wconf 88' lang='lat' dir='ltr'>Imperio</span> <span class='ocrx_word' id='word_1_11' title='bbox 1730 438 1786 486; x_wconf 86' lang='lat' dir='ltr'>et</span> <span class='ocrx_word' id='word_1_12' title='bbox 1822 433 1890 487; x_wconf 87' lang='lat' dir='ltr'>de</span> <span class='ocrx_word' id='word_1_13' title='bbox 1927 432 2174 486; x_wconf 80' lang='lat' dir='ltr'><strong>Ecclesia</strong></span> <span class='ocrx_word' id='word_1_14' title='bbox 2209 448 2352 487; x_wconf 88' lang='lat' dir='ltr'>saec.</span> <span class='ocrx_word' id='word_1_15' title='bbox 2387 449 2543 487; x_wconf 89' lang='lat' dir='ltr'>nono.</span> 
     </span>
    </p>
   </div>
   <div class='ocr_carea' id='block_1_6' title="bbox 687 570 3024 2883">
    <p class='ocr_par' dir='ltr' id='par_1_6' title="bbox 687 570 3024 2883">
     <span class='ocr_line' id='line_1_6' title="bbox 703 570 3022 659; baseline 0.002 -25"><span class='ocrx_word' id='word_1_16' title='bbox 703 570 986 635; x_wconf 85' lang='lat' dir='ltr'>Leonem</span> <span class='ocrx_word' id='word_1_17' title='bbox 1032 574 1102 638; x_wconf 92' lang='lat' dir='ltr'>in</span> <span class='ocrx_word' id='word_1_18' title='bbox 1149 574 1522 657; x_wconf 86' lang='lat' dir='ltr'>pontificatu</span> <span class='ocrx_word' id='word_1_19' title='bbox 1582 575 1744 658; x_wconf 91' lang='lat' dir='ltr'>ipsis</span> <span class='ocrx_word' id='word_1_20' title='bbox 1793 595 1927 638; x_wconf 90' lang='lat' dir='ltr'>esse</span> <span class='ocrx_word' id='word_1_21' title='bbox 1980 575 2369 657; x_wconf 88' lang='lat' dir='ltr'>praelatum,</span> <span class='ocrx_word' id='word_1_22' title='bbox 2426 576 2523 639; x_wconf 83' lang='lat' dir='ltr'>vel</span> <span class='ocrx_word' id='word_1_23' title='bbox 2573 574 2746 659; x_wconf 90' lang='lat' dir='ltr'>quod</span> <span class='ocrx_word' id='word_1_24' title='bbox 2788 596 3022 639; x_wconf 87' lang='lat' dir='ltr'>eorum</span> 
     </span>
     <span class='ocr_line' id='line_1_7' title="bbox 699 668 3023 755; baseline 0.002 -25"><span class='ocrx_word' id='word_1_25' title='bbox 699 672 988 749; x_wconf 87' lang='lat' dir='ltr'>potestas</span> <span class='ocrx_word' id='word_1_26' title='bbox 1046 692 1084 733; x_wconf 89' lang='lat' dir='ltr'>a</span> <span class='ocrx_word' id='word_1_27' title='bbox 1131 669 1449 735; x_wconf 87' lang='lat' dir='ltr'>Pontifice</span> <span class='ocrx_word' id='word_1_28' title='bbox 1504 672 2035 754; x_wconf 75' lang='lat' dir='ltr'>restringeretur,</span> <span class='ocrx_word' id='word_1_29' title='bbox 2092 668 2299 734; x_wconf 88' lang='lat' dir='ltr'>Leoni</span> <span class='ocrx_word' id='word_1_30' title='bbox 2354 671 2619 736; x_wconf 80' lang='lat' dir='ltr'>insidias</span> <span class='ocrx_word' id='word_1_31' title='bbox 2674 674 3023 755; x_wconf 79' lang='lat' dir='ltr'>pararunt.</span> 
     </span>
     <span class='ocr_line' id='line_1_8' title="bbox 700 762 3016 850; baseline 0.002 -24"><span class='ocrx_word' id='word_1_32' title='bbox 700 762 910 838; x_wconf 83' lang='lat' dir='ltr'>Quum</span> <span class='ocrx_word' id='word_1_33' title='bbox 979 766 1149 830; x_wconf 89' lang='lat' dir='ltr'>festo</span> <span class='ocrx_word' id='word_1_34' title='bbox 1207 765 1274 831; x_wconf 87' lang='lat' dir='ltr'>S.</span> <span class='ocrx_word' id='word_1_35' title='bbox 1327 767 1557 848; x_wconf 84' lang='lat' dir='ltr'>Marci,</span> <span class='ocrx_word' id='word_1_36' title='bbox 1625 767 1728 830; x_wconf 90' lang='lat' dir='ltr'>die</span> <span class='ocrx_word' id='word_1_37' title='bbox 1791 768 1894 830; x_wconf 85' lang='lat'>25.</span> <span class='ocrx_word' id='word_1_38' title='bbox 1947 766 2193 850; x_wconf 86' lang='lat' dir='ltr'>Aprilis</span> <span class='ocrx_word' id='word_1_39' title='bbox 2249 769 2404 831; x_wconf 90' lang='lat' dir='ltr'>anni</span> <span class='ocrx_word' id='word_1_40' title='bbox 2467 769 2625 846; x_wconf 86' lang='lat'>799,</span> <span class='ocrx_word' id='word_1_41' title='bbox 2697 766 3016 831; x_wconf 80' lang='lat' dir='ltr'>Pontifex</span> 
     </span>
     <span class='ocr_line' id='line_1_9' title="bbox 700 860 3021 949; baseline 0.001 -25"><span class='ocrx_word' id='word_1_42' title='bbox 700 860 782 924; x_wconf 88' lang='lat' dir='ltr'>ad</span> <span class='ocrx_word' id='word_1_43' title='bbox 845 862 1105 927; x_wconf 86' lang='lat' dir='ltr'>litanias</span> <span class='ocrx_word' id='word_1_44' title='bbox 1166 866 1440 949; x_wconf 87' lang='lat' dir='ltr'>majores</span> <span class='ocrx_word' id='word_1_45' title='bbox 1499 887 1612 929; x_wconf 91' lang='lat' dir='ltr'>seu</span> <span class='ocrx_word' id='word_1_46' title='bbox 1672 863 2203 947; x_wconf 81' lang='lat' dir='ltr'>supplicationem</span> <span class='ocrx_word' id='word_1_47' title='bbox 2266 870 2590 949; x_wconf 81' lang='lat' dir='ltr'>pergeret,</span> <span class='ocrx_word' id='word_1_48' title='bbox 2658 864 3021 930; x_wconf 83' lang='lat' dir='ltr'>adversarii</span> 
     </span>
     <span class='ocr_line' id='line_1_10' title="bbox 700 961 3024 1044; baseline -0 -19"><span class='ocrx_word' id='word_1_49' title='bbox 700 984 844 1026; x_wconf 92' lang='lat' dir='ltr'>cum</span> <span class='ocrx_word' id='word_1_50' title='bbox 907 964 1297 1024; x_wconf 87' lang='lat' dir='ltr'>armatorum</span> <span class='ocrx_word' id='word_1_51' title='bbox 1363 967 1577 1025; x_wconf 84' lang='lat' dir='ltr'>turma</span> <span class='ocrx_word' id='word_1_52' title='bbox 1642 983 1786 1025; x_wconf 91' lang='lat' dir='ltr'>eum</span> <span class='ocrx_word' id='word_1_53' title='bbox 1854 961 1927 1023; x_wconf 91' lang='lat' dir='ltr'>in</span> <span class='ocrx_word' id='word_1_54' title='bbox 1994 961 2097 1024; x_wconf 80' lang='lat' dir='ltr'>via</span> <span class='ocrx_word' id='word_1_55' title='bbox 2158 961 2450 1044; x_wconf 84' lang='lat' dir='ltr'>aggressi</span> <span class='ocrx_word' id='word_1_56' title='bbox 2508 964 2692 1039; x_wconf 87' lang='lat' dir='ltr'>sunt,</span> <span class='ocrx_word' id='word_1_57' title='bbox 2759 961 3024 1024; x_wconf 82' lang='lat' dir='ltr'>multis·</span> 
     </span>
     <span class='ocr_line' id='line_1_11' title="bbox 698 1056 3022 1143; baseline -0 -22"><span class='ocrx_word' id='word_1_58' title='bbox 698 1079 824 1143; x_wconf 88' lang='lat' dir='ltr'>que</span> <span class='ocrx_word' id='word_1_59' title='bbox 893 1057 1102 1140; x_wconf 84' lang='lat' dir='ltr'>plagis</span> <span class='ocrx_word' id='word_1_60' title='bbox 1173 1057 1472 1121; x_wconf 86' lang='lat' dir='ltr'>affectum</span> <span class='ocrx_word' id='word_1_61' title='bbox 1532 1059 1602 1121; x_wconf 91' lang='lat' dir='ltr'>in</span> <span class='ocrx_word' id='word_1_62' title='bbox 1667 1056 2018 1121; x_wconf 81' lang='lat' dir='ltr'>custodiam</span> <span class='ocrx_word' id='word_1_63' title='bbox 2095 1056 2527 1124; x_wconf 87' lang='lat' dir='ltr'>detruserunt.</span> <span class='ocrx_word' id='word_1_64' title='bbox 2641 1057 2774 1121; x_wconf 90' lang='lat' dir='ltr'>Leo</span> <span class='ocrx_word' id='word_1_65' title='bbox 2841 1079 3022 1141; x_wconf 84' lang='lat' dir='ltr'>papa</span> 
     </span>
     <span class='ocr_line' id='line_1_12' title="bbox 694 1153 3016 1239; baseline 0 -22"><span class='ocrx_word' id='word_1_66' title='bbox 694 1155 886 1239; x_wconf 90' lang='lat' dir='ltr'>paulo</span> <span class='ocrx_word' id='word_1_67' title='bbox 962 1158 1106 1236; x_wconf 89' lang='lat' dir='ltr'>post</span> <span class='ocrx_word' id='word_1_68' title='bbox 1182 1156 1528 1219; x_wconf 89' lang='lat' dir='ltr'>amicorum</span> <span class='ocrx_word' id='word_1_69' title='bbox 1608 1176 1727 1237; x_wconf 93' lang='lat' dir='ltr'>ope</span> <span class='ocrx_word' id='word_1_70' title='bbox 1799 1175 1832 1216; x_wconf 89' lang='lat' dir='ltr'>e</span> <span class='ocrx_word' id='word_1_71' title='bbox 1903 1153 2191 1218; x_wconf 89' lang='lat' dir='ltr'>custodia</span> <span class='ocrx_word' id='word_1_72' title='bbox 2257 1153 2594 1230; x_wconf 82' lang='lat' dir='ltr'>deductuS,</span> <span class='ocrx_word' id='word_1_73' title='bbox 2670 1155 2740 1217; x_wconf 91' lang='lat' dir='ltr'>in</span> <span class='ocrx_word' id='word_1_74' title='bbox 2811 1153 3016 1218; x_wconf 84' lang='lat' dir='ltr'>Fran-</span> 
     </span>
     <span class='ocr_line' id='line_1_13' title="bbox 695 1249 3008 1334; baseline -0 -19"><span class='ocrx_word' id='word_1_75' title='bbox 695 1253 858 1315; x_wconf 87' lang='lat' dir='ltr'>ciam</span> <span class='ocrx_word' id='word_1_76' title='bbox 904 1251 984 1312; x_wconf 92' lang='lat' dir='ltr'>ad</span> <span class='ocrx_word' id='word_1_77' title='bbox 1031 1249 1328 1314; x_wconf 84' lang='lat' dir='ltr'>Carolum</span> <span class='ocrx_word' id='word_1_78' title='bbox 1378 1249 1466 1314; x_wconf 90' lang='lat' dir='ltr'>M.</span> <span class='ocrx_word' id='word_1_79' title='bbox 1515 1251 1841 1334; x_wconf 86' lang='lat' dir='ltr'>profectus</span> <span class='ocrx_word' id='word_1_80' title='bbox 1891 1255 2014 1324; x_wconf 85' lang='lat' dir='ltr'>est,</span> <span class='ocrx_word' id='word_1_81' title='bbox 2081 1271 2273 1333; x_wconf 92' lang='lat' dir='ltr'>quem</span> <span class='ocrx_word' id='word_1_82' title='bbox 2318 1250 2487 1313; x_wconf 86' lang='lat' dir='ltr'>bello</span> <span class='ocrx_word' id='word_1_83' title='bbox 2534 1255 2761 1314; x_wconf 88' lang='lat' dir='ltr'>contra</span> <span class='ocrx_word' id='word_1_84' title='bbox 2803 1249 3008 1314; x_wconf 81' lang='lat' dir='ltr'>Saxo-</span> 
     </span>
     <span class='ocr_line' id='line_1_14' title="bbox 695 1345 3010 1412; baseline -0 -1"><span class='ocrx_word' id='word_1_85' title='bbox 695 1369 809 1411; x_wconf 90' lang='lat' dir='ltr'>nes</span> <span class='ocrx_word' id='word_1_86' title='bbox 852 1346 1183 1410; x_wconf 87' lang='lat' dir='ltr'>detentum</span> <span class='ocrx_word' id='word_1_87' title='bbox 1235 1347 1687 1411; x_wconf 85' lang='lat' dir='ltr'>Paderbornae</span> <span class='ocrx_word' id='word_1_88' title='bbox 1731 1347 1800 1409; x_wconf 93' lang='lat' dir='ltr'>in</span> <span class='ocrx_word' id='word_1_89' title='bbox 1843 1345 2187 1410; x_wconf 86' lang='lat' dir='ltr'>Westfalia</span> <span class='ocrx_word' id='word_1_90' title='bbox 2234 1348 2560 1412; x_wconf 84' lang='lat' dir='ltr'>convenit.</span> <span class='ocrx_word' id='word_1_91' title='bbox 2640 1347 2762 1412; x_wconf 85' lang='lat' dir='ltr'>Sed</span> <span class='ocrx_word' id='word_1_92' title='bbox 2811 1348 3010 1411; x_wconf 86' lang='lat' dir='ltr'>etiam</span> 
     </span>
     <span class='ocr_line' id='line_1_15' title="bbox 695 1442 3008 1534; baseline 0 -27"><span class='ocrx_word' id='word_1_93' title='bbox 695 1444 1038 1509; x_wconf 86' lang='lat' dir='ltr'>adversarii</span> <span class='ocrx_word' id='word_1_94' title='bbox 1107 1442 1344 1507; x_wconf 86' lang='lat' dir='ltr'>Leonis</span> <span class='ocrx_word' id='word_1_95' title='bbox 1429 1445 1508 1534; x_wconf 77' lang='lat' dir='ltr'>ad</span> <span class='ocrx_word' id='word_1_96' title='bbox 1585 1443 1886 1508; x_wconf 86' lang='lat' dir='ltr'>Carolum</span> <span class='ocrx_word' id='word_1_97' title='bbox 1962 1443 2045 1507; x_wconf 85' lang='lat' dir='ltr'>M.</span> <span class='ocrx_word' id='word_1_98' title='bbox 2132 1443 2447 1507; x_wconf 89' lang='lat' dir='ltr'>miserunt</span> <span class='ocrx_word' id='word_1_99' title='bbox 2524 1444 2800 1528; x_wconf 88' lang='lat' dir='ltr'>legatos,</span> <span class='ocrx_word' id='word_1_100' title='bbox 2889 1445 3008 1527; x_wconf 90' lang='lat' dir='ltr'>qui</span> 
     </span>
     <span class='ocr_line' id='line_1_16' title="bbox 698 1538 3013 1625; baseline 0 -21"><span class='ocrx_word' id='word_1_101' title='bbox 698 1540 1076 1604; x_wconf 89' lang='lat' dir='ltr'>Pontificem</span> <span class='ocrx_word' id='word_1_102' title='bbox 1142 1540 1468 1617; x_wconf 82' lang='lat' dir='ltr'>adulterii,</span> <span class='ocrx_word' id='word_1_103' title='bbox 1542 1541 1835 1625; x_wconf 82' lang='lat' dir='ltr'>perjurii,</span> <span class='ocrx_word' id='word_1_104' title='bbox 1910 1540 2312 1622; x_wconf 86' lang='lat' dir='ltr'>aliorumque</span> <span class='ocrx_word' id='word_1_105' title='bbox 2378 1541 2718 1604; x_wconf 87' lang='lat' dir='ltr'>criminum</span> <span class='ocrx_word' id='word_1_106' title='bbox 2784 1538 3013 1624; x_wconf 85' lang='lat' dir='ltr'>(falso)</span> 
     </span>
     <span class='ocr_line' id='line_1_17' title="bbox 692 1637 3008 1721; baseline -0.001 -19"><span class='ocrx_word' id='word_1_107' title='bbox 692 1643 1096 1713; x_wconf 84' lang='lat' dir='ltr'>accusarent,</span> <span class='ocrx_word' id='word_1_108' title='bbox 1162 1659 1236 1701; x_wconf 88' lang='lat' dir='ltr'>ac</span> <span class='ocrx_word' id='word_1_109' title='bbox 1298 1638 1735 1721; x_wconf 80' lang='lat' dir='ltr'>postularent,</span> <span class='ocrx_word' id='word_1_110' title='bbox 1805 1640 1881 1700; x_wconf 92' lang='lat' dir='ltr'>ut</span> <span class='ocrx_word' id='word_1_111' title='bbox 1916 1637 2237 1701; x_wconf 72' lang='lat' dir='ltr'>&#39;abdicato</span> <span class='ocrx_word' id='word_1_112' title='bbox 2297 1637 2674 1720; x_wconf 87' lang='lat' dir='ltr'>pontificatu</span> <span class='ocrx_word' id='word_1_113' title='bbox 2740 1638 2810 1701; x_wconf 92' lang='lat' dir='ltr'>in</span> <span class='ocrx_word' id='word_1_114' title='bbox 2873 1659 3008 1700; x_wconf 86' lang='lat' dir='ltr'>mo-</span> 
     </span>
     <span class='ocr_line' id='line_1_18' title="bbox 692 1733 3005 1818; baseline -0 -19"><span class='ocrx_word' id='word_1_115' title='bbox 692 1736 1043 1799; x_wconf 89' lang='lat' dir='ltr'>nasterium</span> <span class='ocrx_word' id='word_1_116' title='bbox 1091 1734 1349 1818; x_wconf 88' lang='lat' dir='ltr'>aliquod</span> <span class='ocrx_word' id='word_1_117' title='bbox 1405 1757 1472 1798; x_wconf 91' lang='lat' dir='ltr'>se</span> <span class='ocrx_word' id='word_1_118' title='bbox 1529 1737 1860 1818; x_wconf 88' lang='lat' dir='ltr'>reciperet.</span> <span class='ocrx_word' id='word_1_119' title='bbox 1952 1733 2217 1798; x_wconf 82' lang='lat' dir='ltr'>Carolus</span> <span class='ocrx_word' id='word_1_120' title='bbox 2271 1734 2524 1816; x_wconf 88' lang='lat' dir='ltr'>quidem</span> <span class='ocrx_word' id='word_1_121' title='bbox 2572 1733 2812 1798; x_wconf 91' lang='lat' dir='ltr'>Leonis</span> <span class='ocrx_word' id='word_1_122' title='bbox 2859 1756 3005 1799; x_wconf 88' lang='lat' dir='ltr'>cau·</span> 
     </span>
     <span class='ocr_line' id='line_1_19' title="bbox 692 1831 3006 1915; baseline 0 -21"><span class='ocrx_word' id='word_1_123' title='bbox 692 1854 826 1895; x_wconf 91' lang='lat' dir='ltr'>sam</span> <span class='ocrx_word' id='word_1_124' title='bbox 901 1833 1231 1914; x_wconf 86' lang='lat' dir='ltr'>amplexus</span> <span class='ocrx_word' id='word_1_125' title='bbox 1296 1836 1420 1910; x_wconf 89' lang='lat' dir='ltr'>est,</span> <span class='ocrx_word' id='word_1_126' title='bbox 1493 1838 1559 1896; x_wconf 93' lang='lat' dir='ltr'>et</span> <span class='ocrx_word' id='word_1_127' title='bbox 1623 1853 1860 1915; x_wconf 86' lang='lat' dir='ltr'>magno</span> <span class='ocrx_word' id='word_1_128' title='bbox 1924 1854 2063 1897; x_wconf 89' lang='lat' dir='ltr'>cum</span> <span class='ocrx_word' id='word_1_129' title='bbox 2135 1831 2377 1895; x_wconf 87' lang='lat' dir='ltr'>honore</span> <span class='ocrx_word' id='word_1_130' title='bbox 2446 1852 2590 1894; x_wconf 88' lang='lat' dir='ltr'>eum</span> <span class='ocrx_word' id='word_1_131' title='bbox 2660 1831 3006 1895; x_wconf 85' lang='lat' dir='ltr'>comitibus</span> 
     </span>
     <span class='ocr_line' id='line_1_20' title="bbox 691 1926 3004 2011; baseline -0 -20"><span class='ocrx_word' id='word_1_132' title='bbox 691 1928 983 2011; x_wconf 90' lang='lat' dir='ltr'>plurimis</span> <span class='ocrx_word' id='word_1_133' title='bbox 1047 1929 1355 2011; x_wconf 90' lang='lat' dir='ltr'>episcopis</span> <span class='ocrx_word' id='word_1_134' title='bbox 1425 1933 1493 1992; x_wconf 88' lang='lat' dir='ltr'>et</span> <span class='ocrx_word' id='word_1_135' title='bbox 1552 1928 1922 2011; x_wconf 86' lang='lat' dir='ltr'>proceribus</span> <span class='ocrx_word' id='word_1_136' title='bbox 1984 1927 2378 2001; x_wconf 81' lang='lat' dir='ltr'>Francorum</span> <span class='ocrx_word' id='word_1_137' title='bbox 2442 1927 2714 1992; x_wconf 88' lang='lat' dir='ltr'>Romam</span> <span class='ocrx_word' id='word_1_138' title='bbox 2785 1926 3004 1991; x_wconf 87' lang='lat' dir='ltr'>reduci</span> 
     </span>
     <span class='ocr_line' id='line_1_21' title="bbox 692 2024 3006 2099; baseline 0 -13"><span class='ocrx_word' id='word_1_139' title='bbox 692 2025 968 2099; x_wconf 87' lang='lat' dir='ltr'>curavit,</span> <span class='ocrx_word' id='word_1_140' title='bbox 1028 2024 1134 2087; x_wconf 89' lang='lat' dir='ltr'>ubi</span> <span class='ocrx_word' id='word_1_141' title='bbox 1194 2025 1500 2088; x_wconf 83' lang='lat' dir='ltr'>Pontifex</span> <span class='ocrx_word' id='word_1_142' title='bbox 1562 2025 1664 2088; x_wconf 91' lang='lat' dir='ltr'>die</span> <span class='ocrx_word' id='word_1_143' title='bbox 1724 2025 1827 2088; x_wconf 84' lang='lat'>29.</span> <span class='ocrx_word' id='word_1_144' title='bbox 1891 2024 2276 2088; x_wconf 84' lang='lat' dir='ltr'>Novembris</span> <span class='ocrx_word' id='word_1_145' title='bbox 2333 2045 2584 2087; x_wconf 88' lang='lat' dir='ltr'>summa</span> <span class='ocrx_word' id='word_1_146' title='bbox 2643 2046 2788 2088; x_wconf 89' lang='lat' dir='ltr'>cum</span> <span class='ocrx_word' id='word_1_147' title='bbox 2843 2025 3006 2088; x_wconf 84' lang='lat' dir='ltr'>sole·</span> 
     </span>
     <span class='ocr_line' id='line_1_22' title="bbox 690 2120 3004 2206; baseline 0 -23"><span class='ocrx_word' id='word_1_148' title='bbox 690 2121 998 2197; x_wconf 90' lang='lat' dir='ltr'>mnitate,</span> <span class='ocrx_word' id='word_1_149' title='bbox 1077 2124 1143 2184; x_wconf 92' lang='lat' dir='ltr'>et</span> <span class='ocrx_word' id='word_1_150' title='bbox 1211 2122 1463 2206; x_wconf 88' lang='lat' dir='ltr'>ingenti</span> <span class='ocrx_word' id='word_1_151' title='bbox 1539 2122 1822 2186; x_wconf 89' lang='lat' dir='ltr'>fidelium</span> <span class='ocrx_word' id='word_1_152' title='bbox 1898 2122 2163 2205; x_wconf 84' lang='lat' dir='ltr'>gaudio,</span> <span class='ocrx_word' id='word_1_153' title='bbox 2231 2125 2526 2205; x_wconf 88' lang='lat' dir='ltr'>receptus</span> <span class='ocrx_word' id='word_1_154' title='bbox 2596 2126 2711 2186; x_wconf 85' lang='lat' dir='ltr'>est.</span> <span class='ocrx_word' id='word_1_155' title='bbox 2805 2120 3004 2184; x_wconf 89' lang='lat' dir='ltr'>Vide-</span> 
     </span>
     <span class='ocr_line' id='line_1_23' title="bbox 690 2217 3002 2301; baseline -0 -20"><span class='ocrx_word' id='word_1_156' title='bbox 690 2223 799 2281; x_wconf 90' lang='lat' dir='ltr'>tur</span> <span class='ocrx_word' id='word_1_157' title='bbox 866 2223 1083 2281; x_wconf 88' lang='lat' dir='ltr'>tamen</span> <span class='ocrx_word' id='word_1_158' title='bbox 1156 2217 1421 2282; x_wconf 85' lang='lat' dir='ltr'>Carolus</span> <span class='ocrx_word' id='word_1_159' title='bbox 1491 2220 1559 2282; x_wconf 91' lang='lat' dir='ltr'>iu</span> <span class='ocrx_word' id='word_1_160' title='bbox 1630 2219 1847 2282; x_wconf 90' lang='lat' dir='ltr'>animo</span> <span class='ocrx_word' id='word_1_161' title='bbox 1919 2219 2243 2294; x_wconf 90' lang='lat' dir='ltr'>habuisse,</span> <span class='ocrx_word' id='word_1_162' title='bbox 2322 2226 2398 2281; x_wconf 90' lang='lat' dir='ltr'>ut</span> <span class='ocrx_word' id='word_1_163' title='bbox 2462 2239 2734 2281; x_wconf 86' lang='lat' dir='ltr'>examen</span> <span class='ocrx_word' id='word_1_164' title='bbox 2801 2217 3002 2301; x_wconf 90' lang='lat' dir='ltr'>quod-</span> 
     </span>
     <span class='ocr_line' id='line_1_24' title="bbox 691 2314 3004 2390; baseline 0 -13"><span class='ocrx_word' id='word_1_165' title='bbox 691 2314 837 2378; x_wconf 87' lang='lat' dir='ltr'>dam</span> <span class='ocrx_word' id='word_1_166' title='bbox 910 2315 976 2378; x_wconf 92' lang='lat' dir='ltr'>in</span> <span class='ocrx_word' id='word_1_167' title='bbox 1042 2336 1231 2379; x_wconf 91' lang='lat' dir='ltr'>causa</span> <span class='ocrx_word' id='word_1_168' title='bbox 1297 2315 1629 2379; x_wconf 90' lang='lat' dir='ltr'>Pontificis</span> <span class='ocrx_word' id='word_1_169' title='bbox 1697 2315 2095 2390; x_wconf 88' lang='lat' dir='ltr'>institueret,</span> <span class='ocrx_word' id='word_1_170' title='bbox 2175 2337 2294 2378; x_wconf 91' lang='lat' dir='ltr'>nec</span> <span class='ocrx_word' id='word_1_171' title='bbox 2369 2314 2538 2378; x_wconf 87' lang='lat' dir='ltr'>forte</span> <span class='ocrx_word' id='word_1_172' title='bbox 2606 2314 2733 2378; x_wconf 85' lang='lat' dir='ltr'>ista</span> <span class='ocrx_word' id='word_1_173' title='bbox 2794 2315 2863 2376; x_wconf 90' lang='lat' dir='ltr'>in</span> <span class='ocrx_word' id='word_1_174' title='bbox 2931 2335 3004 2378; x_wconf 87' lang='lat' dir='ltr'>re</span> 
     </span>
     <span class='ocr_line' id='line_1_25' title="bbox 690 2411 3008 2496; baseline 0.001 -22"><span class='ocrx_word' id='word_1_175' title='bbox 690 2411 881 2494; x_wconf 89' lang='lat' dir='ltr'>plane</span> <span class='ocrx_word' id='word_1_176' title='bbox 926 2412 1374 2494; x_wconf 80' lang='lat' dir='ltr'>perspiciebat,</span> <span class='ocrx_word' id='word_1_177' title='bbox 1430 2413 1655 2496; x_wconf 89' lang='lat' dir='ltr'>quales</span> <span class='ocrx_word' id='word_1_178' title='bbox 1701 2417 1917 2476; x_wconf 88' lang='lat' dir='ltr'>essent</span> <span class='ocrx_word' id='word_1_179' title='bbox 1962 2412 2196 2476; x_wconf 90' lang='lat' dir='ltr'>limites</span> <span class='ocrx_word' id='word_1_180' title='bbox 2241 2412 2525 2475; x_wconf 89' lang='lat' dir='ltr'>muneris</span> <span class='ocrx_word' id='word_1_181' title='bbox 2566 2412 2684 2475; x_wconf 90' lang='lat' dir='ltr'>sui.</span> <span class='ocrx_word' id='word_1_182' title='bbox 2773 2412 3008 2476; x_wconf 85' lang='lat' dir='ltr'>Altero</span> 
     </span>
     <span class='ocr_line' id='line_1_26' title="bbox 691 2507 3007 2593; baseline -0 -21"><span class='ocrx_word' id='word_1_183' title='bbox 691 2530 864 2572; x_wconf 90' lang='lat' dir='ltr'>anno</span> <span class='ocrx_word' id='word_1_184' title='bbox 942 2509 1103 2585; x_wconf 80' lang='lat'>800,</span> <span class='ocrx_word' id='word_1_185' title='bbox 1184 2516 1261 2574; x_wconf 88' lang='lat' dir='ltr'>ut</span> <span class='ocrx_word' id='word_1_186' title='bbox 1334 2509 1522 2574; x_wconf 88' lang='lat' dir='ltr'>rebus</span> <span class='ocrx_word' id='word_1_187' title='bbox 1597 2508 1917 2573; x_wconf 84' lang='lat' dir='ltr'>Ecclesiae</span> <span class='ocrx_word' id='word_1_188' title='bbox 1997 2509 2314 2575; x_wconf 89' lang='lat' dir='ltr'>efficacius</span> <span class='ocrx_word' id='word_1_189' title='bbox 2384 2507 2778 2593; x_wconf 84' lang='lat' dir='ltr'>provideret,</span> <span class='ocrx_word' id='word_1_190' title='bbox 2864 2508 3007 2593; x_wconf 88' lang='lat' dir='ltr'>ipse</span> 
     </span>
     <span class='ocr_line' id='line_1_27' title="bbox 691 2604 3003 2691; baseline 0 -23"><span class='ocrx_word' id='word_1_191' title='bbox 691 2604 959 2669; x_wconf 86' lang='lat' dir='ltr'>Romam</span> <span class='ocrx_word' id='word_1_192' title='bbox 1021 2605 1343 2689; x_wconf 85' lang='lat' dir='ltr'>profectus</span> <span class='ocrx_word' id='word_1_193' title='bbox 1405 2612 1531 2684; x_wconf 89' lang='lat' dir='ltr'>est,</span> <span class='ocrx_word' id='word_1_194' title='bbox 1595 2607 1706 2669; x_wconf 90' lang='lat' dir='ltr'>ubi</span> <span class='ocrx_word' id='word_1_195' title='bbox 1765 2627 2000 2691; x_wconf 84' lang='lat' dir='ltr'>magno</span> <span class='ocrx_word' id='word_1_196' title='bbox 2053 2629 2198 2670; x_wconf 90' lang='lat' dir='ltr'>cum</span> <span class='ocrx_word' id='word_1_197' title='bbox 2259 2607 2490 2690; x_wconf 91' lang='lat' dir='ltr'>gaudio</span> <span class='ocrx_word' id='word_1_198' title='bbox 2547 2629 2585 2670; x_wconf 90' lang='lat' dir='ltr'>a</span> <span class='ocrx_word' id='word_1_199' title='bbox 2632 2605 2851 2670; x_wconf 90' lang='lat' dir='ltr'>Leone</span> <span class='ocrx_word' id='word_1_200' title='bbox 2910 2627 3003 2669; x_wconf 88' lang='lat' dir='ltr'>re-</span> 
     </span>
     <span class='ocr_line' id='line_1_28' title="bbox 688 2701 3002 2785; baseline 0 -20"><span class='ocrx_word' id='word_1_201' title='bbox 688 2706 927 2784; x_wconf 80' lang='lat' dir='ltr'>ceptuS,</span> <span class='ocrx_word' id='word_1_202' title='bbox 975 2707 1048 2765; x_wconf 88' lang='lat' dir='ltr'>ut</span> <span class='ocrx_word' id='word_1_203' title='bbox 1089 2703 1393 2785; x_wconf 88' lang='lat' dir='ltr'>patricius</span> <span class='ocrx_word' id='word_1_204' title='bbox 1441 2702 1881 2768; x_wconf 84' lang='lat' dir='ltr'>Romanorum</span> <span class='ocrx_word' id='word_1_205' title='bbox 1931 2703 2032 2767; x_wconf 91' lang='lat' dir='ltr'>die</span> <span class='ocrx_word' id='word_1_206' title='bbox 2079 2705 2184 2766; x_wconf 85' lang='lat'>24.</span> <span class='ocrx_word' id='word_1_207' title='bbox 2225 2701 2605 2767; x_wconf 84' lang='lat' dir='ltr'>Novembris</span> <span class='ocrx_word' id='word_1_208' title='bbox 2650 2703 3002 2767; x_wconf 89' lang='lat' dir='ltr'>solemnem</span> 
     </span>
     <span class='ocr_line' id='line_1_29' title="bbox 687 2799 1339 2883; baseline 0.003 -22"><span class='ocrx_word' id='word_1_209' title='bbox 687 2799 1044 2883; x_wconf 90' lang='lat' dir='ltr'>ingressum</span> <span class='ocrx_word' id='word_1_210' title='bbox 1091 2799 1339 2863; x_wconf 90' lang='lat' dir='ltr'>habuit.</span> 
     </span>
    </p>
   </div>
   <div class='ocr_carea' id='block_1_7' title="bbox 682 2912 3020 3868">
    <p class='ocr_par' dir='ltr' id='par_1_7' title="bbox 682 2912 3020 3868">
     <span class='ocr_line' id='line_1_30' title="bbox 866 2912 2999 2980; baseline 0 -5"><span class='ocrx_word' id='word_1_211' title='bbox 866 2914 926 2977; x_wconf 89' lang='lat'>5.</span> <span class='ocrx_word' id='word_1_212' title='bbox 984 2913 1107 2977; x_wconf 93' lang='lat' dir='ltr'>Die</span> <span class='ocrx_word' id='word_1_213' title='bbox 1168 2912 1224 2977; x_wconf 90' lang='lat'>1.</span> <span class='ocrx_word' id='word_1_214' title='bbox 1274 2913 1644 2979; x_wconf 89' lang='lat' dir='ltr'>Decembris</span> <span class='ocrx_word' id='word_1_215' title='bbox 1687 2916 1758 2978; x_wconf 94' lang='lat' dir='ltr'>in</span> <span class='ocrx_word' id='word_1_216' title='bbox 1805 2937 1996 2980; x_wconf 90' lang='lat' dir='ltr'>causa</span> <span class='ocrx_word' id='word_1_217' title='bbox 2043 2914 2280 2980; x_wconf 90' lang='lat' dir='ltr'>Leonis</span> <span class='ocrx_word' id='word_1_218' title='bbox 2337 2914 2417 2978; x_wconf 89' lang='lat' dir='ltr'>ad</span> <span class='ocrx_word' id='word_1_219' title='bbox 2461 2913 2523 2979; x_wconf 84' lang='lat' dir='ltr'>S.</span> <span class='ocrx_word' id='word_1_220' title='bbox 2570 2914 2746 2978; x_wconf 89' lang='lat' dir='ltr'>Petri</span> <span class='ocrx_word' id='word_1_221' title='bbox 2793 2913 2999 2977; x_wconf 92' lang='lat' dir='ltr'>archi-</span> 
     </span>
     <span class='ocr_line' id='line_1_31' title="bbox 690 3009 2998 3095; baseline -0 -21"><span class='ocrx_word' id='word_1_222' title='bbox 690 3011 1160 3094; x_wconf 84' lang='lat' dir='ltr'>episcoporum,</span> <span class='ocrx_word' id='word_1_223' title='bbox 1220 3012 1694 3095; x_wconf 87' lang='lat' dir='ltr'>episcoporum,</span> <span class='ocrx_word' id='word_1_224' title='bbox 1743 3012 2077 3085; x_wconf 89' lang='lat' dir='ltr'>abbatum,</span> <span class='ocrx_word' id='word_1_225' title='bbox 2139 3017 2206 3076; x_wconf 90' lang='lat' dir='ltr'>et</span> <span class='ocrx_word' id='word_1_226' title='bbox 2252 3012 2636 3095; x_wconf 90' lang='lat' dir='ltr'>optimatum</span> <span class='ocrx_word' id='word_1_227' title='bbox 2683 3009 2998 3074; x_wconf 89' lang='lat' dir='ltr'>Italorum</span> 
     </span>
     <span class='ocr_line' id='line_1_32' title="bbox 687 3106 2999 3192; baseline 0.001 -22"><span class='ocrx_word' id='word_1_228' title='bbox 687 3129 760 3172; x_wconf 89' lang='lat' dir='ltr'>ac</span> <span class='ocrx_word' id='word_1_229' title='bbox 814 3106 1207 3171; x_wconf 88' lang='lat' dir='ltr'>Francorum</span> <span class='ocrx_word' id='word_1_230' title='bbox 1265 3108 1581 3190; x_wconf 81' lang='lat' dir='ltr'>synodum</span> <span class='ocrx_word' id='word_1_231' title='bbox 1638 3110 1878 3192; x_wconf 65' lang='lat' dir='ltr'>coegit,</span> <span class='ocrx_word' id='word_1_232' title='bbox 1950 3114 2068 3187; x_wconf 86' lang='lat' dir='ltr'>„ut</span> <span class='ocrx_word' id='word_1_233' title='bbox 2130 3109 2398 3173; x_wconf 91' lang='lat' dir='ltr'>crimina</span> <span class='ocrx_word' id='word_1_234' title='bbox 2461 3130 2628 3191; x_wconf 85' lang='lat' dir='ltr'>quae</span> <span class='ocrx_word' id='word_1_235' title='bbox 2693 3107 2999 3172; x_wconf 85' lang='lat' dir='ltr'>adversus</span> 
     </span>
     <span class='ocr_line' id='line_1_33' title="bbox 685 3202 3003 3287; baseline 0.001 -20"><span class='ocrx_word' id='word_1_236' title='bbox 685 3205 928 3268; x_wconf 88' lang='lat' dir='ltr'>almum</span> <span class='ocrx_word' id='word_1_237' title='bbox 995 3203 1377 3269; x_wconf 87' lang='lat' dir='ltr'>Pontificem</span> <span class='ocrx_word' id='word_1_238' title='bbox 1448 3205 1618 3269; x_wconf 91' lang='lat' dir='ltr'>dicta</span> <span class='ocrx_word' id='word_1_239' title='bbox 1692 3206 1954 3270; x_wconf 84' lang='lat' dir='ltr'>fuerant</span> <span class='ocrx_word' id='word_1_240' title='bbox 2027 3206 2412 3270; x_wconf 88' lang='lat' dir='ltr'>delimarent</span> <span class='ocrx_word' id='word_1_241' title='bbox 2479 3202 3003 3287; x_wconf 82' lang='lat' dir='ltr'>(examinarent).</span> 
     </span>
     <span class='ocr_line' id='line_1_34' title="bbox 685 3300 2998 3388; baseline 0 -24"><span class='ocrx_word' id='word_1_242' title='bbox 685 3300 803 3376; x_wconf 84' lang='lat' dir='ltr'>Qui</span> <span class='ocrx_word' id='word_1_243' title='bbox 873 3300 1159 3365; x_wconf 83' lang='lat' dir='ltr'>universi</span> <span class='ocrx_word' id='word_1_244' title='bbox 1230 3303 1686 3388; x_wconf 89' lang='lat' dir='ltr'>archiepiscopi</span> <span class='ocrx_word' id='word_1_245' title='bbox 1760 3325 1871 3366; x_wconf 91' lang='lat' dir='ltr'>seu</span> <span class='ocrx_word' id='word_1_246' title='bbox 1941 3303 2217 3386; x_wconf 86' lang='lat' dir='ltr'>episcopi</span> <span class='ocrx_word' id='word_1_247' title='bbox 2292 3308 2359 3366; x_wconf 91' lang='lat' dir='ltr'>et</span> <span class='ocrx_word' id='word_1_248' title='bbox 2434 3302 2702 3366; x_wconf 87' lang='lat' dir='ltr'>abbates</span> <span class='ocrx_word' id='word_1_249' title='bbox 2769 3302 2998 3364; x_wconf 90' lang='lat' dir='ltr'>unani·</span> 
     </span>
     <span class='ocr_line' id='line_1_35' title="bbox 686 3396 3002 3480; baseline 0 -21"><span class='ocrx_word' id='word_1_250' title='bbox 686 3397 876 3460; x_wconf 86' lang='lat' dir='ltr'>miter</span> <span class='ocrx_word' id='word_1_251' title='bbox 932 3397 1268 3462; x_wconf 87' lang='lat' dir='ltr'>audientes</span> <span class='ocrx_word' id='word_1_252' title='bbox 1333 3399 1667 3465; x_wconf 84' lang='lat' dir='ltr'>dixerunt:</span> <span class='ocrx_word' id='word_1_253' title='bbox 1729 3398 1867 3463; x_wconf 83' lang='lat' dir='ltr'>Nos</span> <span class='ocrx_word' id='word_1_254' title='bbox 1911 3397 2136 3463; x_wconf 80' lang='lat' dir='ltr'>Sedem</span> <span class='ocrx_word' id='word_1_255' title='bbox 2175 3396 2620 3480; x_wconf 78' lang='lat' dir='ltr'>apostolicam,</span> <span class='ocrx_word' id='word_1_256' title='bbox 2687 3416 2850 3478; x_wconf 78' lang='lat' dir='ltr'>quae</span> <span class='ocrx_word' id='word_1_257' title='bbox 2903 3400 3002 3461; x_wconf 78' lang='lat' dir='ltr'>est</span> 
     </span>
     <span class='ocr_line' id='line_1_36' title="bbox 685 3492 2998 3600; baseline 0.001 -43"><span class='ocrx_word' id='word_1_258' title='bbox 685 3495 883 3600; x_wconf 78' lang='lat' dir='ltr'>caput</span> <span class='ocrx_word' id='word_1_259' title='bbox 930 3492 1221 3560; x_wconf 76' lang='lat' dir='ltr'>omnium</span> <span class='ocrx_word' id='word_1_260' title='bbox 1252 3493 1385 3559; x_wconf 82' lang='lat' dir='ltr'>Dei</span> <span class='ocrx_word' id='word_1_261' title='bbox 1430 3495 1860 3575; x_wconf 81' lang='lat' dir='ltr'>ecclesiarum,</span> <span class='ocrx_word' id='word_1_262' title='bbox 1906 3494 2202 3580; x_wconf 77' lang='lat' dir='ltr'>judicare</span> <span class='ocrx_word' id='word_1_263' title='bbox 2230 3516 2361 3580; x_wconf 74' lang='lat' dir='ltr'>nou</span> <span class='ocrx_word' id='word_1_264' title='bbox 2410 3493 2741 3570; x_wconf 81' lang='lat' dir='ltr'>audemus,</span> <span class='ocrx_word' id='word_1_265' title='bbox 2818 3492 2998 3559; x_wconf 88' lang='lat' dir='ltr'>Nam</span> 
     </span>
     <span class='ocr_line' id='line_1_37' title="bbox 685 3575 3020 3681; baseline 0 -28"><span class='ocrx_word' id='word_1_266' title='bbox 685 3589 765 3653; x_wconf 84' lang='lat' dir='ltr'>ab</span> <span class='ocrx_word' id='word_1_267' title='bbox 811 3588 959 3671; x_wconf 78' lang='lat' dir='ltr'>ipsa</span> <span class='ocrx_word' id='word_1_268' title='bbox 1003 3611 1122 3655; x_wconf 80' lang='lat' dir='ltr'>uos</span> <span class='ocrx_word' id='word_1_269' title='bbox 1168 3610 1384 3655; x_wconf 81' lang='lat' dir='ltr'>omues</span> <span class='ocrx_word' id='word_1_270' title='bbox 1429 3596 1490 3655; x_wconf 81' lang='lat' dir='ltr'>et</span> <span class='ocrx_word' id='word_1_271' title='bbox 1548 3592 1806 3657; x_wconf 82' lang='lat' dir='ltr'>Vicario</span> <span class='ocrx_word' id='word_1_272' title='bbox 1857 3613 1974 3658; x_wconf 81' lang='lat' dir='ltr'>suo</span> <span class='ocrx_word' id='word_1_273' title='bbox 2023 3575 2437 3675; x_wconf 75' lang='lat' dir='ltr'>judicamur,</span> <span class='ocrx_word' id='word_1_274' title='bbox 2499 3590 2645 3681; x_wconf 70' lang='lat' dir='ltr'>ipsa</span> <span class='ocrx_word' id='word_1_275' title='bbox 2690 3593 2908 3678; x_wconf 82' lang='lat' dir='ltr'>autem</span> <span class='ocrx_word' id='word_1_276' title='bbox 2953 3610 3020 3672; x_wconf 20' lang='lat' dir='ltr'>aq</span> 
     </span>
     <span class='ocr_line' id='line_1_38' title="bbox 682 3685 2998 3770; baseline 0 -20"><span class='ocrx_word' id='word_1_277' title='bbox 682 3685 941 3750; x_wconf 74' lang='lat' dir='ltr'>‘nemine</span> <span class='ocrx_word' id='word_1_278' title='bbox 1000 3685 1382 3768; x_wconf 81' lang='lat' dir='ltr'>judicatur,</span> <span class='ocrx_word' id='word_1_279' title='bbox 1461 3688 1996 3769; x_wconf 78' lang='lat' dir='ltr'>quemadmodum</span> <span class='ocrx_word' id='word_1_280' title='bbox 2073 3692 2135 3753; x_wconf 82' lang='lat' dir='ltr'>et</span> <span class='ocrx_word' id='word_1_281' title='bbox 2204 3687 2575 3770; x_wconf 60' lang='lat' dir='ltr'>antequitus</span> <span class='ocrx_word' id='word_1_282' title='bbox 2635 3707 2769 3752; x_wconf 81' lang='lat' dir='ltr'>mos</span> <span class='ocrx_word' id='word_1_283' title='bbox 2838 3685 2998 3768; x_wconf 77' lang='lat' dir='ltr'>fuit.</span> 
     </span>
     <span class='ocr_line' id='line_1_39' title="bbox 686 3776 2995 3868; baseline 0 -21"><span class='ocrx_word' id='word_1_284' title='bbox 686 3776 916 3847; x_wconf 34' lang='lat' dir='ltr'>Sed*</span> <span class='ocrx_word' id='word_1_285' title='bbox 918 3787 1025 3847; x_wconf 82' lang='lat' dir='ltr'>cut</span> <span class='ocrx_word' id='word_1_286' title='bbox 1078 3781 1216 3865; x_wconf 81' lang='lat' dir='ltr'>ipse</span> <span class='ocrx_word' id='word_1_287' title='bbox 1271 3804 1564 3849; x_wconf 82' lang='lat' dir='ltr'>summus</span> <span class='ocrx_word' id='word_1_288' title='bbox 1608 3784 1923 3868; x_wconf 74' lang='lat' dir='ltr'>Pontifex</span> <span class='ocrx_word' id='word_1_289' title='bbox 1978 3785 2328 3866; x_wconf 76' lang='lat' dir='ltr'>censuerit,</span> <span class='ocrx_word' id='word_1_290' title='bbox 2388 3783 2691 3850; x_wconf 76' lang='lat' dir='ltr'>canonice</span> <span class='ocrx_word' id='word_1_291' title='bbox 2748 3782 2995 3848; x_wconf 82' lang='lat' dir='ltr'>obedie-</span> 
     </span>
    </p>
   </div>
   <div class='ocr_carea' id='block_1_8' title="bbox 687 3933 1107 3942">
    <p class='ocr_par' dir='ltr' id='par_1_8' title="bbox 687 3933 1107 3942">
     <span class='ocr_line' id='line_1_40' title="bbox 687 3933 1107 3942; baseline 0 1086"><span class='ocrx_word' id='word_1_292' title='bbox 687 3933 1107 3942; x_wconf 95' lang='lat' dir='ltr'> </span> 
     </span>
    </p>
   </div>
   <div class='ocr_carea' id='block_1_9' title="bbox 685 4009 2995 4239">
    <p class='ocr_par' dir='ltr' id='par_1_9' title="bbox 685 4009 2995 4239">
     <span class='ocr_line' id='line_1_41' title="bbox 685 4009 2994 4081; baseline 0.001 -17"><span class='ocrx_word' id='word_1_293' title='bbox 685 4009 975 4078; x_wconf 80' lang='lat' dir='ltr'>djgnitarii</span> <span class='ocrx_word' id='word_1_294' title='bbox 1013 4016 1171 4065; x_wconf 87' lang='lat' dir='ltr'>erant</span> <span class='ocrx_word' id='word_1_295' title='bbox 1211 4011 1552 4073; x_wconf 78' lang='lat' dir='ltr'>sacerdotes,</span> <span class='ocrx_word' id='word_1_296' title='bbox 1600 4013 1696 4067; x_wconf 89' lang='lat' dir='ltr'>sed</span> <span class='ocrx_word' id='word_1_297' title='bbox 1742 4028 1808 4067; x_wconf 87' lang='lat' dir='ltr'>ea</span> <span class='ocrx_word' id='word_1_298' title='bbox 1852 4028 2074 4067; x_wconf 88' lang='lat' dir='ltr'>munera</span> <span class='ocrx_word' id='word_1_299' title='bbox 2118 4028 2257 4079; x_wconf 87' lang='lat' dir='ltr'>quae</span> <span class='ocrx_word' id='word_1_300' title='bbox 2302 4013 2484 4080; x_wconf 87' lang='lat' dir='ltr'>potius</span> <span class='ocrx_word' id='word_1_301' title='bbox 2529 4029 2620 4068; x_wconf 83' lang='lat' dir='ltr'>res</span> <span class='ocrx_word' id='word_1_302' title='bbox 2662 4013 2994 4081; x_wconf 87' lang='lat' dir='ltr'>temporales</span> 
     </span>
     <span class='ocr_line' id='line_1_42' title="bbox 685 4089 2995 4161; baseline 0.003 -19"><span class='ocrx_word' id='word_1_303' title='bbox 685 4091 1012 4157; x_wconf 87' lang='lat' dir='ltr'>spectabant</span> <span class='ocrx_word' id='word_1_304' title='bbox 1048 4089 1211 4143; x_wconf 87' lang='lat' dir='ltr'>etiam</span> <span class='ocrx_word' id='word_1_305' title='bbox 1251 4089 1466 4145; x_wconf 89' lang='lat' dir='ltr'>clericis</span> <span class='ocrx_word' id='word_1_306' title='bbox 1502 4090 1820 4158; x_wconf 76' lang='lat' dir='ltr'>minoribuS,</span> <span class='ocrx_word' id='word_1_307' title='bbox 1858 4092 1966 4146; x_wconf 92' lang='lat' dir='ltr'>imo</span> <span class='ocrx_word' id='word_1_308' title='bbox 2004 4092 2206 4159; x_wconf 87' lang='lat' dir='ltr'>passim</span> <span class='ocrx_word' id='word_1_309' title='bbox 2245 4091 2404 4146; x_wconf 87' lang='lat' dir='ltr'>laicis</span> <span class='ocrx_word' id='word_1_310' title='bbox 2442 4109 2648 4161; x_wconf 86' lang='lat' dir='ltr'>quoque</span> <span class='ocrx_word' id='word_1_311' title='bbox 2688 4093 2995 4148; x_wconf 87' lang='lat' dir='ltr'>committe-</span> 
     </span>
     <span class='ocr_line' id='line_1_43' title="bbox 688 4168 1790 4239; baseline 0.003 -17"><span class='ocrx_word' id='word_1_312' title='bbox 688 4169 898 4224; x_wconf 85' lang='lat' dir='ltr'>bantur.</span> <span class='ocrx_word' id='word_1_313' title='bbox 975 4168 1087 4222; x_wconf 85' lang='lat' dir='ltr'>Ofr.</span> <span class='ocrx_word' id='word_1_314' title='bbox 1125 4170 1398 4224; x_wconf 85' lang='lat' dir='ltr'>Reumont</span> <span class='ocrx_word' id='word_1_315' title='bbox 1433 4170 1469 4223; x_wconf 94' lang='grc'>1.</span> <span class='ocrx_word' id='word_1_316' title='bbox 1497 4186 1541 4226; x_wconf 90' lang='lat' dir='ltr'>c.</span> <span class='ocrx_word' id='word_1_317' title='bbox 1579 4187 1629 4239; x_wconf 88' lang='lat' dir='ltr'>p.</span> <span class='ocrx_word' id='word_1_318' title='bbox 1672 4174 1790 4225; x_wconf 86' lang='lat'>145.</span> 
     </span>
    </p>
   </div>
  </div>
 </body>
</html>
