3270 5028
1222 446 1391 500 Initia
1427 445 1726 501 scissionis.
2254 509 2259 512 ,
2530 452 2633 502 347

323 607 451 669 quo
517 585 733 652 studio
796 586 968 652 circa
1035 586 1384 652 catholicae
1450 586 1604 667 fidei
1666 587 2098 671 defensionem
2158 593 2398 655 vosmet
2429 609 2634 653 *exer-

323 682 558 763 ceatis,·
608 687 668 747 et
714 687 869 748 tunc
921 682 981 747 si
1026 682 1299 766 diynum
1355 683 1595 766 fuerit,
1644 689 1720 749 ut
1765 690 1987 751 tantae
2029 686 2198 751 sedis
2242 684 2632 768 praesulem,

323 799 440 843 ceu
467 778 779 860 convenit,
808 779 1272 845 honorabimus
1303 784 1365 844 et
1390 780 1700 862 fraterna
1736 782 2072 848 dilectione
2099 781 2633 866 amplectemur.¹)

324 874 592 961 Legatis
653 884 870 941 autem
937 876 1243 944 Nicolaus
1316 878 1507 942 simul
1585 879 1853 946 tradidit
1916 882 2127 946 varias
2195 881 2454 965 regulas
2519 901 2632 944 seu

321 994 620 1051 canones,
669 978 744 1037 ut
789 973 981 1038 iidem
1027 973 1590 1059 Constantinopoli
1641 977 2166 1060 admitterentur,
2222 998 2346 1063 quo
2391 977 2461 1040 in
2516 999 2631 1060 po-

321 1073 568 1134 sterum
613 1071 1011 1135 evitarentur
1058 1072 1365 1156 ejusmodi
1407 1073 1657 1137 turbae.

504 1203 607 1265 35.
679 1200 1048 1267 Rodoaldus
1114 1206 1180 1266 et
1240 1202 1575 1267 Zacharias
1644 1204 1847 1288 legati
1904 1203 2109 1287 igitur
2170 1202 2634 1267 Constantino-

323 1299 520 1382 polim
564 1305 1029 1381 pervenerunt3
1076 1298 1187 1364 sed
1226 1322 1426 1384 quum
1469 1304 1615 1383 post
1662 1321 1881 1365 eorum
1922 1298 2274 1363 adventum
2319 1298 2636 1363 innotuis-

320 1397 452 1469 set,
513 1393 853 1460 Nicolaum
903 1395 1144 1479 Papam
1198 1395 1372 1460 haud
1427 1397 1783 1479 approbare
1831 1392 2073 1482 Ignatii
2131 1396 2512 1480 ejectionem
2570 1399 2636 1458 et

323 1490 543 1556 Photii
578 1492 1124 1577 subrogationem,
1169 1492 2080 1580 ipa—dignius'ibidemwtractati
2130 1496 2304 1556 sunt.
2380 1492 2441 1555 A
2485 1514 2638 1557 con-

322 1588 842 1654 sortioaliorum
895 1590 1130 1653 remoti
1184 1611 1297 1673 per
1349 1595 1608 1654 centum
1666 1590 1908 1654 dierum
1958 1589 2241 1672 spatium
2298 1589 2378 1652 ab
2424 1588 2635 1672 Impe-

321 1689 534 1750 ratore
583 1686 830 1751 detenti
885 1690 1065 1763 sunt,
1127 1686 1331 1769 iisque
1392 1686 1585 1750 exilia
1645 1692 1711 1750 et
1771 1707 2095 1750 carcerum
2156 1686 2369 1750 minae
2424 1687 2637 1749 inten-

320 1786 534 1860 tatae,
607 1784 730 1847 nisi
798 1788 1006 1847 ratam
1071 1782 1387 1847 haberent
1446 1783 1691 1866 Ignatii
1757 1780 2225 1866 depositionem
2293 1786 2360 1846 et
2420 1781 2637 1846 Photii

322 1876 820 1943 ordinationem.
911 1878 1148 1944 Scribit
1202 1880 1338 1963 ipse
1379 1878 1686 1944 Nicolaus
1731 1879 2040 1943 Pontifex
2090 1879 2208 1942 hac
2253 1878 2330 1943 de
2377 1900 2474 1943 re:
2533 1876 2638 1941 De

322 1972 544 2039 missis
600 1974 915 2056 siquidem
961 1975 1235 2054 nostris,
1292 1996 1449 2056 quos
1494 1975 1735 2058 petitos
1788 1975 1863 2039 in
1918 1974 2183 2039 servitio
2239 1974 2407 2039 beati
2451 1973 2639 2039 Petri

312 2069 644 2154 principis
690 2072 1149 2155 Apostolorum
1184 2094 1311 2155 pro
1357 2072 1647 2136 utilitate
1692 2076 1955 2137 sanctae
1991 2071 2297 2138 CPtanae
2341 2070 2637 2136 ecclesiae-

323 2162 551 2232 contra
594 2168 981 2252 depositores
1010 2168 1397 2253 imayinum,
1444 2168 1541 2233 vel
1571 2169 1744 2234 alias
1781 2168 2198 2251 ‚necessitates
2236 2168 2636 2253 inyruentes,

320 2284 569 2330 necnon
638 2270 699 2330 et
749 2287 877 2349 pro
932 2285 1131 2330 causa
1197 2264 1589 2330 solummodo
1646 2265 2066 2348 depositioni-s
2133 2264 2449 2348 saepefati
2506 2264 2639 2330 viri

321 2359 582 2444 Iynatii
625 2361 1050 2444 inquirenda,
1109 2361 1260 2427 illas
1304 2361 1378 2427 in
1424 2366 1654 2443 partes
1698 2362 2087 2441 direximus,
2140 2361 2460 2427 silendum
2505 2382 2636 2426 non

324 2462 455 2524 est:
517 2458 659 2541 qui,
720 2463 863 2524 cum
915 2459 1033 2541 eis,
1097 2458 1265 2525 sicut
1313 2457 1568 2539 dicunt,
1625 2480 1748 2543 per
1807 2462 2061 2525 centum
2114 2458 2369 2525 dierum
2422 2458 2639 2541 spatia

323 2556 619 2622 omnium
663 2557 798 2622 nisi
842 2578 1109 2623 suorum
1156 2555 1525 2639 alloquendi
1561 2557 1852 2640 facultas
1892 2556 2132 2639 fuisset
2174 2556 2517 2639 deneqata,
2564 2559 2641 2621 ut

323 2653 711 2736 apostolicae
756 2654 926 2720 sedis
970 2653 1155 2719 missi
1194 2675 1326 2720 non
1372 2653 1565 2737 diqne
1611 2652 1891 2736 suscepti
1937 2656 2120 2731 sunt,
2173 2656 2366 2734 atque
2410 2657 2486 2717 ut
2531 2652 2637 2716 de-

322 2755 550 2817 cuerat
596 2751 850 2819 retenti.
948 2751 1133 2831 Quod
1175 2770 1307 2816 non
1345 2772 1473 2833 pro
1524 2749 1661 2823 alia
1700 2753 1955 2833 qestztm
1993 2753 2314 2830 putamus
2357 2769 2459 2831 re,
2503 2748 2639 2813 nisi

327 2853 403 2914 ut
446 2848 829 2930 inquirendi
876 2849 1081 2913 locum
1129 2847 1204 2912 de
1249 2846 1641 2930 depositione
1687 2845 1988 2928 praefati
2031 2844 2164 2910 viri
2208 2865 2340 2909 non
2387 2844 2637 2909 inveni-

323 2948 489 3008 rent.
535 2993 549 3007 .
598 2994 610 3008 .
658 2994 670 3006 .
724 2943 975 3023 Qui-bus
1028 2943 1378 3009 secundum
1439 2943 1675 3008 horum
1736 2942 2116 3008 relationem
2179 2941 2372 3023 lonqa
2437 2940 2638 3005 exilia

324 3045 390 3104 et
435 3039 789 3104 diuturnas
846 3039 1289 3120 pediculorum
1336 3039 1774 3118 comestiones,
1838 3038 1897 3103 si
1958 3039 2029 3104 in
2096 3038 2218 3104 tali
2278 3037 2638 3103 intentione

319 3136 771 3220 persisterent,
828 3135 1213 3218 quibusdam
1270 3135 1760 3214 nuntiantibus,
1821 3136 1989 3217 quod
2043 3135 2179 3200 illis
2220 3155 2261 3200 a
2306 3133 2492 3200 nobis
2535 3134 2637 3199 in-

312 3236 626 3318 junctum
670 3232 825 3314 fuit,
874 3232 1037 3297 clam
1084 3231 1259 3297 vobis
1290 3252 1437 3296 cum
1482 3231 1865 3313 sequacibus
1892 3231 2126 3297 vestris
2170 3230 2636 3310 resistentibuS,

317 3329 629 3415 perficere
687 3328 955 3395 minime
1003 3332 1395 3411 potuerunt,
1458 3331 1578 3392 aut
1639 3327 2095 3410 depositionem
2163 3327 2322 3392 dicti
2383 3326 2640 3412 anatii

328 3431 555 3493 utrum
607 3426 799 3509 justa
866 3446 955 3491 an
1021 3426 1277 3509 injusta
1339 3424 1549 3507 fuerit
1624 3423 1992 3506 invenire.²)
2084 3418 2308 3491 -I'nitio
2378 3426 2635 3511 quidem

328 3525 530 3610 legati
576 3525 976 3589 restiterunt.
1064 3521 1250 3586 Ilicet
1293 3540 1426 3586 non
1457 3520 1651 3604 diqne
1695 3542 1810 3587 nec
1840 3520 2120 3606 leyitime
2151 3521 2636 3601 decertaverint,

328 3622 551 3687 scribit
608 3620 944 3699 NicolauS,
1021 3622 1312 3684 attamen
1379 3622 1971 3700 quantumcumque
2033 3623 2094 3683 et
2152 3619 2636 3700 quomodocum-

323 3738 450 3800 que
496 3714 986 3805 contradixisse,
1034 3736 1109 3781 ac
1152 3735 1234 3779 ne
1276 3714 1703 3798 deponeretur
1737 3714 2088 3800 (Ignatius)
2135 3714 2448 3780 restitisse
2482 3737 2637 3798 pro·

325 3813 644 3897 bantur.3)
736 3814 861 3878 Sed
918 3815 1229 3897 paulatim
1277 3812 1692 3896 Imperatoris
1751 3815 1941 3878 minis
1999 3813 2356 3896 perterriti,
2421 3813 2640 3877 Photii

477 4023 553 4088 .1)
593 4023 772 4092 Epist.
813 4026 886 4088 3⁸,
925 4022 1108 4077 Labbc
1134 4023 1288 4076 VIII.
1328 4025 1447 4075 276.
1548 4011 1562 4019 ”

510 4102 554 4171 2)
591 4102 767 4170 Epist.
808 4106 867 4155 6⁸
905 4103 974 4155 ad
1011 4102 1284 4156 Photium.
1359 4101 1546 4155 Labbe
1573 4101 1732 4154 VIII.
1769 4103 1890 4154 286.

509 4180 552 4247 ³)
588 4182 762 4249 Epist.
801 4185 860 4234 9⁸
896 4182 966 4235 ad
1002 4181 1255 4234 Michael.
1297 4181 1450 4249 Imp„
1487 4181 1673 4235 nabbe
1698 4181 1852 4233 vm.
1892 4182 2010 4233 332.

2681 1195 2837 1245 Legati
2864 1207 2938 1237 ve-

2726 1259 2898 1299 xantur.
