3270 5028
391 2540 485 2581 RR.
511 2540 655 2581 Ponti-

466 2601 584 2643 fices.

695 457 801 508 290
1047 452 1197 505 XVI.
1237 452 1445 506 Causae
1483 452 1722 506 celebres
1762 457 1818 506 et
1851 451 2169 507 Decretales
2204 451 2659 507 Pseudo-1sidori.

696 617 978 661 canones
1026 594 1146 658 hac
1191 593 1267 656 de
1314 615 1383 657 re
1428 594 1781 677 proposuit,
1825 594 2051 678 quibus
2098 593 2320 657 modus
2365 594 2749 677 procedendi
2795 594 3029 658 deter-

696 688 1055 772 minatur.¹)

872 787 973 851 80.
1021 784 1248 870 Neque
1291 788 1512 848 tamen
1556 784 1653 849 illi
1699 779 2005 863 canoneS,
2069 786 2303 869 quibus
2347 787 2571 851 modus
2620 788 2855 871 agendi
2904 788 3025 851 in·-

696 885 948 950 dicatur
1010 882 1202 948 variis
1265 881 1469 945 veluti
1534 881 1867 945 instantiis
1937 888 2271 961 constanS,
2345 888 2412 947 et
2471 884 2804 968 negotium
2872 888 3020 948 tra-

696 981 997 1048 ctandum
1049 979 1413 1062 disponitur
1457 999 1572 1061 per
1617 979 1865 1061 legatos
1914 975 2246 1043 Pontificis
2292 981 2363 1043 in
2407 980 2802 1064 provinciam
2848 982 3024 1045 mis-

693 1102 824 1155 sos,
892 1078 1056 1142 tales
1121 1098 1158 1138 a
1223 1074 1533 1138 Romanis
1602 1073 2023 1138 Pontificibus
2093 1075 2300 1139 habiti
2362 1099 2645 1161 unquam
2708 1084 2898 1162 sunt,
2979 1102 3027 1143 a

694 1177 924 1261 quibus
987 1174 1141 1257 ipsis
1203 1172 1285 1235 ob
1348 1172 1567 1255 gravia
1632 1172 1873 1235 motiva
1934 1192 2068 1234 non
2127 1172 2349 1237 liceret
2411 1172 2749 1239 discedere.
2866 1173 3023 1239 Nec

694 1294 983 1357 unquam
1027 1269 1151 1354 ipsi
1206 1272 1621 1347 censuerunt,
1678 1289 1716 1330 a
1761 1288 1829 1331 se
1884 1289 2020 1331 non
2075 1289 2261 1351 posse
2317 1270 2781 1353 appellationes
2825 1293 3019 1354 pres-

694 1370 1065 1454 byterorum
1128 1364 1395 1446 suscipi,
1460 1364 1611 1447 quia
1667 1363 1744 1427 de
1807 1364 2045 1428 talibus
2104 1365 2645 1448 appellationibus
2705 1367 2868 1432 nihil
2941 1369 3017 1432 in

694 1465 1047 1533 canonibus
1094 1460 1398 1526 Nicaenis
1446 1466 1511 1524 et
1557 1458 2040 1525 Sardicensibus
2098 1463 2528 1527 statuebatur.
2619 1462 2864 1529 Passim
2929 1466 3025 1530 ob

692 1562 917 1628 turbas
967 1561 1334 1643 frequentes
1379 1557 1449 1620 in
1497 1555 1794 1635 Oriente,
1855 1558 2183 1641 dispositio
2242 1559 2354 1623 illa
2413 1560 2490 1623 de
2551 1561 3017 1644 appellationi-

695 1659 815 1723 bus
864 1680 946 1723 ne
993 1658 1243 1741 poterat
1290 1653 1547 1738 quidem
1594 1655 1862 1733 servari,
1916 1656 2015 1718 uti
2066 1654 2294 1720 accidit
2341 1656 2410 1720 in
2459 1679 2647 1722 causa
2693 1657 2756 1724 S.
2803 1657 3017 1724 Joan-

694 1758 797 1821 nis
838 1753 1307 1837 Chrysostomi,
1368 1751 1479 1834 qui
1526 1750 1850 1834 depositus
1898 1750 1978 1814 ad
2026 1750 2408 1816 Pontificem
2452 1752 2913 1819 Innocentium
2964 1756 3023 1820 Ι.

693 1851 1100 1938 (402-417)
1162 1848 1528 1932 appellavit.
1623 1844 1995 1912 Noluerunt
2056 1848 2402 1912 adversarii
2463 1851 2602 1933 ejus
2664 1856 2730 1915 et
2789 1851 3018 1935 Impe-

692 1954 901 2026 rator,
964 1947 1129 2032 quod
1171 1945 1593 2010 Innocentius
1653 1944 1869 2026 petiit,
1931 1945 2201 2009 concilio
2260 1967 2426 2010 novo
2474 1953 2692 2012 coacto
2736 1947 3017 2031 Chryso·

693 2046 885 2111 stomi
931 2066 1187 2109 causam
1235 2042 1441 2105 denuo
1489 2045 1785 2104 tractare.
1863 2040 1987 2105 Sed
2034 2039 2343 2105 Pontifex
2390 2047 2683 2107 sanctum
2732 2043 3014 2109 Praesu-

695 2145 821 2207 lem
870 2144 1078 2205 tuitus
1124 2144 1247 2215 est;
1292 2138 1686 2202 sententiam
1731 2137 1801 2200 in
1835 2137 2353 2220 Chrysostomum
2402 2138 2599 2203 latam
2650 2140 3023 2224 approbare

695 2239 1044 2314 recusavit,
1108 2240 1174 2301 et
1232 2235 1520 2319 perrexit
1563 2256 1710 2298 eum
1766 2237 1840 2298 ut
1887 2234 2246 2317 episcopum
2295 2256 2670 2318 agnoscere,
2734 2241 3023 2320 postque

697 2342 972 2402 mortem
1036 2335 1238 2418 ipsius
1303 2330 1668 2395 Orientales
1738 2332 1975 2414 coiigit,
2045 2337 2121 2394 ut
2183 2352 2416 2395 nomen
2488 2334 2625 2415 ejus
2688 2333 3024 2416 diptychis

694 2426 1219 2510 restitueretur.²)

872 2534 977 2595 81.
1041 2528 1239 2592 Porro
1300 2525 1470 2589 idem
1532 2522 1598 2589 S.
1660 2524 2076 2588 Innocentius
2139 2524 2459 2590 Decretali
2520 2526 2564 2590 Ι.
2628 2525 2708 2589 ad
2768 2524 3015 2590 Victri-

696 2631 865 2695 cium
928 2626 1545 2707 Rothomagensem,
1611 2642 1675 2685 n.
1742 2619 1861 2684 ΙΙΙ.
1925 2625 2173 2699 monet,
2223 2622 2417 2705 juxta
2479 2623 3013 2686 consuetudinem

698 2710 930 2792 causas
985 2720 1266 2802 majores
1326 2717 1697 2782 referendas
1760 2739 1894 2780 esse
1958 2716 2039 2780 ad
2086 2712 2312 2782 Sedem
2360 2718 2796 2800 Apostolicam
2854 2722 3025 2802 post

689 2823 999 2910 judicium
1063 2817 1437 2901 episcopale.
1546 2813 1738 2877 Brevi
1797 2817 1941 2896 post
2000 2811 2367 2878 Bonifatius
2423 2812 2475 2878 Ι.
2538 2836 2632 2897 ep.
2696 2817 2798 2879 15.
2863 2815 3015 2879 uni-

695 2920 929 2987 versim
976 2916 1160 2992 dicit,
1218 2912 1514 2998 graviora
1555 2910 1822 2994 negotia
1873 2909 1952 2973 ad
1999 2906 2227 2974 Sedem
2271 2911 2711 2994 Apostolicam
2757 2933 3022 2995 semper

697 3039 833 3083 esse
892 3015 1120 3078 relata.
1227 3008 1394 3089 „Sed
1458 3007 1610 3092 quia
1672 3028 1772 3070 res
1835 3007 2151 3088 postulat,
2212 3009 2462 3086 scribit,
2524 3008 3015 3091 approbandum

697 3111 1096 3180 documentis
1166 3112 1292 3185 est,
1370 3105 1681 3169 maximas
1752 3101 2178 3167 Orientalium
2251 3104 2545 3168 ecclesias
2616 3106 2684 3169 in
2755 3105 3021 3189 magnis

881 3320 921 3386 1)
961 3318 1069 3374 Cfr.
1108 3316 1404 3370 Dissertat.
1444 3315 1596 3367 Tom.
1633 3312 1708 3365 H.
1746 3329 1798 3380 p.
1840 3315 1903 3366 15
1943 3328 2057 3379 sqq.

877 3400 919 3467 ²)
958 3399 1044 3451 Ad
1071 3395 1345 3450 Liberium
1383 3408 1593 3461 quoque
1619 3391 1942 3446 Pontificem
1969 3392 2295 3459 (352—366)
2332 3393 2654 3459 provocavit
2677 3392 3023 3446 Eustathius

701 3480 1033 3534 Sabastenus
1071 3475 1384 3543 episcopus,
1431 3487 1593 3539 quum
1640 3471 1699 3524 in
1743 3470 1972 3525 concilio
2010 3470 2352 3525 Melitinensi
2396 3471 2673 3540 depositus
2719 3476 2895 3537 esset,
2942 3473 3019 3525 ab

701 3574 870 3625 eoque
906 3556 1198 3611 restitutus
1238 3558 1345 3618 est,
1393 3551 1640 3618 quamvis
1689 3559 1852 3604 antea
1899 3549 2143 3604 haeresis
2179 3550 2416 3604 Arianae
2464 3556 2750 3619 suspectus
2798 3550 3013 3605 fuisset.

697 3639 850 3692 Haec
896 3651 965 3689 ex
1010 3632 1247 3701 epistola
1284 3630 1434 3697 (263)
1483 3629 1535 3683 S.
1581 3629 1777 3683 Basilii
1826 3630 1893 3681 ad
1945 3627 2325 3683 Occidentales
2377 3630 2749 3697 comperimus,
2840 3628 3019 3697 „Con-

701 3712 1087 3782 stantinopoli,
1131 3710 1347 3775 scribit,
1393 3707 1593 3762 iterum
1632 3706 2005 3775 (Eustathius)
2043 3722 2301 3761 assensus
2341 3713 2427 3761 est
2462 3708 2561 3771 iis,
2606 3723 2744 3775 quae
2781 3709 2848 3760 ab
2886 3708 3015 3762 hae-

698 3794 888 3850 reticis
932 3791 1212 3860 proposita
1258 3789 1498 3842 fuerunt.
1583 3786 1765 3853 Atque
1813 3786 1895 3839 ita
1946 3800 2013 3839 ex
2060 3785 2379 3853 episcopatu
2427 3787 2664 3855 ejectus,
2721 3792 3026 3853 propterea-

705 3875 848 3943 quod
873 3866 1062 3927 'antea
1097 3868 1381 3923 Melitinae
1429 3867 1711 3933 depositus
1763 3870 1941 3931 esset,
1985 3864 2125 3918 hanc
2172 3865 2276 3919 sibi
2322 3864 2693 3920 restitutionis
2737 3865 2885 3919 viam
2936 3865 3017 3918 in·

708 3954 890 4019 venit,
941 3957 1004 4005 ut
1038 3951 1109 4004 ad
1143 3963 1242 4002 vos
1294 3962 1353 4001 se
1397 3946 1689 4000 conferret.
1763 3943 2038 4011 Quaenam
2088 3950 2268 3999 autem
2314 3945 2367 3999 ei
2410 3943 2692 4012 proposita
2738 3943 2946 3997 fuerint
2985 3960 3028 3997 a.

706 4032 1021 4088 beatissimo
1060 4028 1311 4097 episcopo
1349 4024 1589 4091 Liberio,
1635 4030 1693 4079 et
1730 4023 2048 4091 quibusnam
2087 4037 2341 4077 assensus
2378 4024 2480 4090 sit,
2527 4022 2872 4090 ignoramus,
2909 4021 3018 4074 nisi

704 4113 846 4179 quod
897 4108 1184 4178 epistolam
1239 4103 1458 4169 attulit,
1522 4120 1656 4171 quae
1710 4120 1830 4157 eum
1883 4099 2217 4166 restituebat,
2280 4105 2447 4169 eaque
2505 4105 2725 4155 ostensa
2781 4099 3023 4169 concilio

705 4189 981 4258 Tyanensi
1022 4187 1094 4254 (a.
1134 4188 1260 4251 367)
1298 4184 1356 4238 in
1393 4198 1548 4236 suum
1584 4184 1760 4237 locum
1797 4181 2089 4235 restitutus
2128 4180 2260 4235 est.“
