3270 5028
1110 374 1532 462 Dissertationis
1566 405 1799 460 indoles,
2542 410 2611 461 83

305 541 692 626 disponente
739 547 1144 631 providentia
1197 545 1553 611 dominium
1598 547 1758 612 illud
1815 548 2168 631 temporale
2209 549 2611 626 restituatur,

303 641 398 703 ita
443 642 721 707 maxime
767 644 1070 709 convenit
1123 648 1348 709 contra
1389 642 1712 708 Ecclesiae
1763 643 2157 708 adversarios
2215 665 2293 708 ex
2340 644 2611 710 historia

305 757 564 820 quoque
609 741 978 818 ostendere,
1024 745 1272 826 quanto
1310 741 1457 825 jure
1505 745 1880 824 quantaque
1926 741 2329 805 necessitatis
2375 741 2440 806 vi
2486 743 2610 806 iste

303 832 700 918 principatus
749 836 1044 902 conditus
1075 838 1181 914 sit,
1230 842 1296 901 et
1332 859 1527 921 quam
1572 838 1780 900 multa
1826 837 2201 911 etmaxima
2246 837 2417 903 bona
2462 839 2612 904 inde

304 927 628 997 Ecclesiae
673 937 740 997 et
784 934 1078 999 societati
1116 933 1290 998 civili
1333 934 1772 1017 provenerint.
1850 933 2058 1009 Quum
2097 933 2177 997 ad
2225 955 2366 999 eam
2411 935 2613 1020 igitur

302 1025 371 1089 in
416 1033 644 1093 nostra
691 1030 1080 1096 tractatione
1128 1029 1608 1113 pervenerimus
1655 1032 1966 1106 aetatem,
2029 1051 2157 1112 qua
2208 1031 2609 1114 principatus

301 1122 506 1188 civilis
568 1123 847 1189 Romani
907 1125 1238 1191 Pontificis
1297 1147 1482 1190 suum
1545 1123 1775 1190 habuit
1831 1129 2076 1203 ortum,
2155 1126 2233 1190 de
2299 1127 2611 1212 ejusmodi

302 1219 552 1306 origine
583 1220 701 1287 hac
737 1222 1202 1287 Dissertatione
1235 1221 1572 1306 aliquanto
1618 1223 1977 1287 accuratius
2016 1243 2295 1307 agemus.
2370 1223 2609 1289 Aucto·

301 1337 404 1380 res
448 1322 885 1405 protestantes
932 1319 1121 1398 varii,
1181 1324 1247 1384 et
1301 1318 1411 1382 alii
1467 1319 1812 1402 scriptores
1868 1319 1977 1403 qui
2034 1323 2260 1385 nostro
2319 1324 2609 1405 tempore

302 1414 699 1480 eversionem
743 1415 1141 1499 principatus
1171 1416 1344 1480 illius
1375 1419 1845 1499 praepararunt
1884 1419 1950 1480 et
1980 1416 2413 1496 vindicarunt,
2459 1419 2611 1482 arti-

285 1509 415 1574 ·bus
463 1514 529 1574 et
577 1511 913 1577 ambitioni
963 1511 1402 1578 Romanorum
1447 1511 1833 1577 Pontificum
1891 1512 2298 1590 adscribunt,
2356 1515 2525 1598 quod
2572 1537 2609 1578 a

298 1603 701 1672 Francorum
757 1609 1017 1692 regibus
1073 1609 1280 1693 adjuti
1338 1608 1549 1673 varias
1603 1609 1901 1694 regiones
1965 1609 2195 1673 Italiae
2258 1611 2608 1695 Imperato-

299 1725 442 1767 rum
497 1705 906 1771 orientalium
962 1706 1390 1771 dominationi
1443 1705 1915 1787 subtraxerint,
1973 1710 2167 1790 atque
2221 1708 2315 1772 ita
2371 1708 2607 1791 princi-

298 1805 519 1883 patum
565 1802 815 1867 civilem
845 1803 1290 1868 formaverint.
1369 1800 1494 1866 Sed
1525 1802 1907 1886 videbimus,
1951 1825 2198 1867 summa
2244 1826 2396 1880 cum,
2412 1806 2609 1890 justi-

297 1897 413 1975 tia,
460 1919 536 1963 ac
579 1899 961 1964 necessitate
1006 1901 1297 1984 cogente,
1345 1921 1383 1961 a
1429 1898 1741 1964 Romanis
1776 1898 2195 1964 Pontificibus
2239 1900 2412 1965 hunc
2442 1902 2611 1985 prin-

299 1994 581 2077 cipatum
635 1996 887 2062 civilem
942 2000 1267 2079 acceptum
1325 1996 1541 2079 potius
1596 2016 1734 2060 esse
1790 2017 1984 2079 quam
2044 1999 2432 2080 quaesitum,
2490 2020 2610 2064 nec

289 2092 444 2176 jura
489 2091 955 2203 Imperatorum
1011 2093 1425 2157 orientalium
1477 2091 1596 2157 hac
1652 2094 1723 2155 in
1771 2114 1842 2157 re
1895 2093 2071 2157 laesa
2126 2093 2341 2160 fuisse.
2433 2093 2607 2180 Age-

298 2210 440 2252 mus
486 2189 766 2271 primum
822 2187 899 2253 de
952 2187 1168 2254 causis
1224 2192 1417 2269 atque
1469 2185 1829 2268 eventibuS,
1888 2187 2123 2270 quibus
2164 2194 2610 2272 praeparatus

297 2288 392 2349 est
438 2283 861 2367 principatus
917 2284 1128 2350 civilis
1183 2284 1476 2350 Romani
1520 2236 1894 2365 Pontificis;
1948 2286 2179 2351 deinde
2231 2285 2308 2351 de
2359 2287 2605 2400 forma-

298 2380 473 2447 tione
545 2381 748 2465 huJ‘us
808 2382 1249 2466 principatus.
1373 2384 1582 2460 Quum
1657 2406 1806 2450 vero
1882 2383 2003 2448 hac
2067 2385 2138 2449 in
2211 2406 2281 2449 re
2347 2387 2607 2450 maximi

300 2482 614 2546 momenti
673 2481 875 2547 fuerit
927 2482 1242 2565 protectio
1303 2503 1498 2565 quam
1555 2479 1950 2547 Francorum
2009 2503 2195 2567 reges
2240 2480 2388 2547 Sedi
2431 2483 2608 2568 Apo-

298 2578 566 2643 stolicae
627 2578 1127 2662 praestiterunt,
1200 2578 1322 2644 hoc
1393 2580 1529 2644 loco
1591 2579 1790 2642 etiam
1853 2577 1932 2642 de
1994 2579 2122 2643 illis
2186 2580 2607 2645 tractabimus

297 2672 747 2754 relationibuS,
793 2694 959 2755 quae
987 2674 1240 2740 saeculo
1273 2678 1491 2740 octavo
1534 2673 1711 2739 inter
1739 2672 2086 2753 Pontifices
2130 2670 2399 2756 illoeque
2427 2695 2607 2759 reyes

298 2775 479 2836 ortae
524 2775 698 2836 sunt.

478 2870 537 2933 3.
600 2869 863 2934 Consuli
914 2874 1187 2953 possunt
1241 2869 1419 2934 hisce
1466 2867 1543 2934 de
1606 2868 2113 2952 quaestionibus:
2177 2868 2411 2945 Cenni,
2473 2869 2609 2934 Mo-

298 2968 613 3030 numenta
652 2963 1120 3030 dominationis
1148 2964 1509 3046 Pontificioe
1552 2984 1663 3031 seu
1705 2962 1916 3029 Codex
1947 2962 2312 3045 CarolinuS,
2361 2965 2605 3032 Romae

306 3063 493 3126 1760.
543 3100 623 3137 ÷
674 3061 974 3140 Theiner‚
1027 3060 1238 3127 Codex
1266 3061 1722 3144 diplomaticus
1767 3060 2042 3126 dominii
2088 3064 2275 3143 temp.
2303 3060 2368 3126 S.
2401 3060 2606 3144 Sedis,

299 3159 543 3225 Romae
596 3161 786 3225 1861.
829 3195 913 3204 —
961 3158 1126 3238 Orsi,
1168 3158 1308 3223 dell’
1348 3158 1601 3242 oriyine
1643 3158 1743 3223 del
1786 3157 2072 3223 dominio
2119 3158 2466 3241 temporale
2496 3164 2606 3226 etc.

296 3255 505 3321 Roma
573 3257 759 3321 1754.
823 3292 912 3301 —
986 3255 1382 3335 Muzzarelli,
1450 3252 1766 3319 Dominio
1829 3253 2178 3336 temporale
2235 3253 2336 3319 del
2397 3255 2606 3338 Papa,

295 3354 504 3419 Roma
589 3354 775 3418 1789.
822 3352 919 3398 ’-
980 3353 1305 3430 Gesselin,
1391 3350 1682 3417 Pouvoir
1764 3349 1855 3416 du
1927 3350 2109 3433 Pape
2182 3370 2274 3417 au
2350 3373 2606 3435 moyen-

297 3451 433 3532 dye.
506 3488 595 3496 —
665 3450 952 3531 Peraldi‚
1022 3447 1288 3514 Analisi
1346 3447 1577 3513 critica
1642 3446 1747 3513 sul
1813 3447 2066 3531 oriyine
2133 3447 2301 3514 della
2374 3449 2605 3533 tempo-

294 3545 436 3611 rale
487 3545 938 3612 dominacione
992 3546 1096 3611 dei
1139 3544 1312 3628 Papi
1369 3566 1402 3610 e
1456 3544 1619 3611 sulle
1676 3544 1965 3628 apoloyie
2023 3544 2184 3610 dello
2243 3550 2411 3611 stato
2457 3567 2606 3628 pre-

294 3647 471 3709 sente
515 3642 585 3707 di
638 3647 864 3724 questa
920 3642 1286 3721 sovranitd„
1351 3642 1573 3707 Bastia
1629 3642 1819 3709 1860.
1878 3679 1964 3689 -
2020 3642 2398 3728 Brunengo,
2462 3643 2605 3707 Ori-

289 3739 447 3824 9ine
516 3738 616 3804 del
680 3738 966 3804 dominio
1036 3738 1384 3821 temporale
1450 3741 1560 3803 etc.
1628 3739 1837 3803 Roma
1904 3739 2090 3805 1864.
2169 3777 2249 3784 —
2316 3739 2606 3805 Matbieu

297 3837 480 3903 Card.
496 3886 511 3913 ,
575 3836 671 3901 Le
707 3835 990 3919 pouvoir
1035 3834 1338 3919 temporel
1383 3834 1492 3900 des
1536 3835 1767 3916 Pape8,
1802 3834 2059 3918 justitie
2092 3855 2228 3917 par
2274 3834 2603 3916 l'histoire,

298 3934 481 3998 Paris
529 3934 718 3998 1863.
766 3969 853 3979 ——-
899 3933 1209 4017 Scharpff,
1258 3931 1390 3996 Die
1434 3930 1854 4014 Entstehuny
1895 3932 2004 3996 des
2048 3931 2602 4020 Kirchenstaate8‚

296 4029 612 4117 Freiburg
684 4032 873 4097 1860.
945 4067 1023 4077 —
1096 4029 1393 4114 Phillips,
1470 4027 1971 4106 Kirchenrecht,
2038 4029 2121 4094 B.
2184 4028 2324 4093 III.
2396 4030 2451 4094 1.
2518 4066 2604 4076 —

162 4111 195 4146 ³
299 4127 738 4205 Rohrbaeher,
797 4125 1492 4210 Universalyeschichte
1536 4130 1667 4203 etc„
1707 4125 1790 4190 B.
1821 4124 1944 4190 XI.
1991 4126 2066 4191 in
2112 4125 2446 4192 deutscher
2477 4126 2604 4190 Be-

2325 4230 2391 4283 6*

2670 2889 2768 2932 Aue

2770 2892 2898 2932 tores.
