3270 5028
659 413 728 466 32
1382 413 1464 467 De
1500 412 1717 468 haeresi
1754 413 2236 468 Iconoclastarum.

353 550 618 653 ‘'ffiffiffius
838 555 941 618 35.
1020 551 1228 618 Simili
1297 555 1551 619 ratione
1626 554 1821 618 etiam
1890 554 2059 637 apud
2127 554 2541 647 Agastasium
2611 556 2970 644 Biblqu-

577 641 586 651 ⁶
659 652 945 745 carium&
967 651 1038 714 in
1093 649 1249 714 Vita
1316 649 1610 734 Gregorii
1666 649 1782 728 11..
1859 670 2022 734 quae
2090 644 2395 715 anterion
2486 675 2752 738 empore
2819 676 2970 719 con-

660 745 901 831 Seripta
967 751 1297 821 censetur.
1374 748 1608 812 iterato
1674 748 2005 826 asseritur,
2078 748 2290 830 ipsum
2363 749 2740 814 Pontificem
2808 750 2969 814 deti-

660 843 877 908 nuisse
924 844 1156 918 Italos,
1227 866 1308 907 ne
1364 844 1444 907 ab
1490 842 1885 926 Imperatore
1942 845 2306 909 deficerent.
2406 845 2590 910 Inter
2642 847 2768 910 alia
2811 848 2972 912 haee

662 946 1033 1005 occurrunt:
1093 938 1511 1003 Postmodum
1558 937 1816 1004 Paulus
1860 938 2193 1022 patricius
2246 945 2307 1005 et
2352 940 2635 1006 exarcha
2680 927 2969 1025 Impera-

664 1036 826 1101 toris
873 1035 1172 1118 jussione
1238 1035 1525 1100 eumdem
1575 1035 1962 1118 Pontificem
2028 1036 2387 1102 conabatur
2447 1037 2838 1119 interficere,
2899 1060 2969 1103 eo

663 1132 833 1213 quod
875 1152 1134 1196 censum
1186 1130 1262 1196 in
1305 1131 1657 1214 provincia
1697 1153 1941 1215 ponere
1988 1133 2478 1220 praepediebat,
2537 1139 2599 1199 et
2642 1136 2783 1200 suis
2836 1135 2968 1218 opi-

665 1228 781 1293 bus
825 1227 1119 1293 ecclesias
1162 1227 1518 1309 denudare,
1579 1228 1748 1292 sicut
1803 1228 1878 1293 in
1934 1230 2203 1294 caeteris
2238 1229 2498 1312 fecerat
2542 1232 2723 1312 locis,
2778 1237 2972 1313 atque

663 1325 870 1390 alium
913 1323 988 1389 in
1043 1323 1184 1406 ejus
1229 1323 1359 1388 loco
1405 1323 1714 1389 ordinare
1754 1325 2103 1390 nitebatur.
2152 1376 2165 1389 .
2212 1375 2227 1391 .
2275 1327 2695 1393 Jussionibus
2749 1327 2972 1409 itaque

653 1419 1061 1504 postmodum
1102 1419 1322 1484 missis
1350 1419 1717 1485 decreverat
1744 1421 2131 1504 Imperator,
2179 1428 2255 1488 ut
2292 1424 2479 1488 nulla
2508 1424 2723 1506 imaqo
2754 1425 2969 1507 cujus-

665 1517 816 1582 libet
873 1515 1086 1581 sancti
1146 1520 1263 1582 aut
1324 1517 1642 1599 martyris
1701 1522 1820 1583 aut
1882 1519 2102 1601 anqeli
2165 1520 2547 1601 ubicumque
2605 1520 2969 1601 haberetur,

664 1614 1006 1679 maledicta
1065 1612 1237 1677 enim
1301 1612 1518 1678 omnia
1583 1615 1936 1696 asserebat,
1998 1620 2059 1680 et
2118 1615 2178 1680 si
2239 1619 2663 1698 acquiesceret
2720 1617 2791 1683 in
2858 1617 2972 1682 hoc

663 1709 1001 1792 Pontifex,
1054 1709 1348 1793 qratiam
1394 1709 1824 1792 Imperatoris
1868 1711 2160 1792 haberet,
2217 1713 2275 1777 si
2332 1718 2394 1778 et
2439 1713 2554 1778 hoc
2596 1715 2743 1794 fieri
2783 1734 2972 1796 prae·

653 1806 909 1890 pediret
922 1855 939 1886 ,
1002 1827 1041 1871 a
1106 1827 1223 1871 suo
1281 1806 1502 1889 qradu
1563 1807 1892 1873 decideret.
2004 1809 2383 1891 Respiciens
2447 1831 2596 1894 erqo
2653 1811 2814 1893 pius
2866 1810 2973 1874 vir

653 1903 1013 1986 profanam
1049 1903 1211 1986 prin
1219 1902 1381 1986 cipis
1412 1904 1798 1987 jussionem,
1832 1905 1981 1987 jam
2015 1910 2241 1971 contra
2269 1907 2737 1990 Imperatorem
2783 1907 2973 1988 quasi

662 2003 891 2065 contra
942 1993 1184 2065 hostem
1239 2021 1305 2065 se
1356 2000 1668 2081 armavit,
1724 2022 2007 2067 renuens
2065 2002 2383 2069 haeresim
2439 2004 2605 2087 ejus,
2670 2003 2970 2084 scribens,

665 2095 902 2177 ubique
960 2117 1180 2162 cavere
1236 2118 1301 2162 se
1363 2096 1780 2162 Christianos
1839 2118 1909 2162 eo
1963 2099 2132 2180 quod
2188 2105 2332 2164 orta
2383 2101 2620 2182 fuisset
2672 2100 2974 2183 impietas

668 2191 836 2257 talis.
928 2192 1151 2275 Iqitur
1186 2193 1470 2277 permoti
1515 2215 1733 2259 omnes
1778 2194 2278 2278 Pentapolenses
2323 2201 2515 2278 atque
2560 2197 2973 2262 Venetiarum

666 2288 989 2355 exercitus
1044 2294 1270 2355 contra
1315 2290 1747 2374 Imperatoris
1788 2292 2155 2373 jussionem
2213 2293 2622 2373 restiterunt,
2677 2294 2971 2373 dicentes,

666 2406 1009 2468 nunquam
1053 2407 1118 2451 se
1147 2386 1222 2452 in
1267 2388 1549 2470 eiusdem
1581 2387 1923 2468 Pontificis
1966 2389 2454 2456 condescendere
2490 2411 2656 2470 nece,
2704 2390 2813 2454 sed
2847 2411 2973 2473 pro

665 2483 810 2567 ejus
849 2483 1060 2566 maqis
1103 2483 1472 2566 defensione
1524 2484 1811 2550 viriliter
1855 2484 2195 2551 decertare.
2286 2487 2399 2552 Ita
2450 2492 2528 2553 ut
2572 2486 2978 2553 anathemati

669 2579 957 2645 Paulum
1003 2578 1356 2645 exarchum
1400 2581 1498 2645 vel
1553 2581 1669 2663 qui
1715 2602 1859 2647 eum
1905 2582 2285 2650 direxerant
2334 2585 2596 2667 ejusque
2643 2588 2975 2649 consenta-

667 2697 821 2741 neos
875 2676 1269 2742 submittunt
1279 2696 1305 2757 ,·
1377 2683 1747 2760 spernentes
1810 2679 2283 2746 ordinati-onem
2338 2681 2507 2765 ejus,
2573 2681 2699 2746 sibi
2760 2701 2975 2745 omnes

667 2772 905 2854 ubique
949 2772 1023 2838 in
1051 2773 1259 2838 Italia
1290 2772 1509 2838 Duces
1554 2774 1899 2858 eleqerunt,
1944 2782 2137 2858 atque
2166 2777 2259 2843 sic
2302 2777 2377 2843 de
2408 2777 2747 2858 Pontificis
2777 2777 2975 2859 deque

665 2890 791 2935 sua
845 2869 1260 2935 immunitate
1304 2870 1515 2935 sancti
1570 2871 1929 2937 studebant.
2025 2871 2296 2956 Coqnita
2354 2895 2503 2939 vero
2547 2873 2977 2956 Imperatoris

667 2965 995 3048 nequitia,
1056 2966 1268 3032 omnis
1313 2965 1518 3031 Italia
1565 2967 1909 3033 consilium
1953 2968 2137 3048 iniit,
2195 2974 2272 3035 ut
2319 2970 2445 3035 sibi
2490 2970 2806 3058 eligerent.
2840 2969 2973 3034 Im-

658 3066 1029 3146 peratorem
1074 3068 1135 3127 et
1183 3061 1811 3146 Constantinopolim
1856 3065 2176 3131 ducerent.
2252 3066 2379 3132 Sed
2422 3066 2802 3149 compescuit
2847 3066 2976 3131 tale

665 3159 1010 3225 consilium
1053 3159 1393 3242 Pontifex,
1452 3180 1724 3242 sperans
1778 3162 2251 3228 conversionem
2297 3163 2649 3246 Principis.
2695 3212 2710 3228 .
2759 3214 2773 3228 .
2832 3162 2976 3229 Una

666 3276 735 3320 se
790 3256 980 3337 quasi
1036 3256 1286 3338 fratres
1343 3255 1494 3334 fidei
1553 3260 1783 3322 catena
1842 3257 2376 3325 constrinxerunt
2433 3259 2725 3348 Romani
2782 3263 2975 3341 atque

669 3351 1090 3435 Lonqobardi
1100 3401 1118 3432 ,
1176 3351 1612 3417 desiderantes
1656 3352 1872 3418 cuncti
1915 3359 2185 3420 mortem
2220 3377 2349 3439 pro
2390 3349 2759 3438 defensione
2803 3354 2973 3419 Pon-

666 3448 863 3528 tificis
918 3448 1240 3514 sustinere
1291 3447 1673 3532 qloriosam,
1730 3470 2072 3532 nunquam
2124 3451 2315 3517 illum
2363 3451 2634 3535 passuri
2678 3450 2976 3534 perferre

668 3544 1026 3610 molestiam
1072 3567 1200 3629 pro
1249 3546 1374 3627 fide
1431 3565 1586 3611 vera
1644 3550 1704 3610 et
1754 3545 2289 3614 Christianorum
2350 3552 2699 3614 certantem
2744 3547 2972 3613 salute.

669 3640 802 3706 His
866 3641 966 3706 ita
1031 3663 1097 3707 se
1161 3641 1547 3708 habentibus
1615 3641 1804 3726 eleqit
1870 3644 2087 3726 majus
2141 3644 2552 3727 praesidium
2609 3648 2806 3727 pater
2866 3643 2976 3708 ille

662 3737 1055 3804 distribuere
1098 3738 1504 3822 pauperibus
1549 3738 1926 3823 larqissima
1970 3760 2175 3806 manu
2220 3761 2385 3823 quae
2429 3740 2817 3823 reperiebat,
2876 3740 2976 3805 in·

669 3834 967 3900 cumbens
1035 3835 1440 3901 orationibus
1506 3839 1566 3899 et
1625 3835 1912 3919 jejuniis
1975 3841 2036 3900 et
2105 3836 2360 3902 litaniis
2418 3838 2635 3904 Deum
2690 3836 2975 3919 quotidie

668 3931 1147 4014 deprecabatur.
1237 3933 1337 4020 Et
1386 3952 1495 4015 spe
1550 3930 1650 3996 ita
1702 3932 2005 3998 manebat
2056 3953 2304 4016 semper
2353 3933 2570 4016 fultus
2617 3934 2973 4017 plusquam

666 4027 1024 4108 hominum,
1065 4029 1327 4112 qratias
1357 4033 1575 4093 tamen
1618 4027 1945 4094 voluntati
1976 4030 2211 4111 populi
2256 4030 2546 4113 referens
2581 4051 2709 4113 pro
2741 4030 2976 4096 mentis

657 4124 1020 4208 proposit0,
1088 4124 1318 4191 blando
1382 4144 1597 4189 omnes
1651 4145 1971 4204 sermone,
2034 4129 2109 4189 ut
2171 4125 2353 4191 bonis
2411 4126 2486 4192 in
2549 4126 2765 4192 Deum
2818 4147 2975 4209 pro·
