3270 5028
685 415 750 464 14
1401 414 1484 469 De
1522 413 1736 468 haeresi
1773 413 2249 466 Iconoclastarum.

683 553 1010 619 Romanae
1075 555 1375 619 ecclesiae
1439 555 1784 630 dominari,
1855 559 2119 638 agentes
2186 556 2515 629 nimirum,
2591 559 2666 619 ut
2721 555 2791 618 in
2853 555 2980 619 col-

679 650 919 734 legium
983 649 1043 715 S.
1111 651 1189 714 R.
1252 650 1327 715 E.
1394 651 1831 715 Cardinalium
1902 651 2341 734 allegarentur
2408 650 2799 726 OrientaleS,
2869 653 2981 736 qui

680 749 874 811 etiam
919 769 1110 830 opera
1156 748 1574 812 exarchorum
1629 748 1971 811 annitente
2018 752 2390 811 crearentur
2434 747 2710 812 Romani
2755 748 2981 812 Ponti-

677 845 844 907 fices,
957 843 1128 908 Hinc
1173 844 1387 907 videas
1444 850 1588 926 post
1646 842 2066 908 Benedictum
2115 843 2492 909 Pontificem
2544 844 2865 909 Joannem
2897 846 2979 910 V.

679 939 912 1023 Syrum
960 942 1222 1005 natione
1279 945 1561 1005 creatum
1620 962 2074 1018 successorem,
2134 941 2360 1006 deinde
2406 942 2730 1005 Cononem
2777 941 2981 1004 Thra-

660 1059 843 1119 cem,
901 1043 1118 1120 postea
1182 1037 1471 1121 Sergium
1521 1033 1778 1115 Syrum,
1824 1035 2162 1106 -Joannem
2220 1037 2448 1100 deinde
2496 1035 2812 1100 Graecum
2873 1059 2981 1120 pa·

678 1135 833 1197 riter
890 1133 1110 1198 ordine
1168 1140 1421 1197 sextum
1470 1133 1741 1209 dictum,
1800 1133 1949 1197 inde
2006 1184 2019 1197 .
2071 1184 2085 1196 .
2137 1183 2150 1197 .
2209 1134 2529 1199 Joannem
2558 1132 2705 1197 VII.
2761 1133 2981 1198 itidem

681 1230 1021 1308 Graecum,
1079 1235 1301 1313 postea
1360 1228 1717 1293 Sisinnium
1770 1227 2034 1312 Syrum,
2097 1236 2163 1294 et
2216 1236 2362 1313 post
2420 1252 2560 1292 eum
2613 1229 2978 1294 Constanti-

680 1349 830 1390 num
900 1327 1139 1409 pariter
1205 1324 1470 1409 Syrum,
1542 1324 1891 1410 itidemque
1964 1325 2347 1411 Gregorium
2414 1327 2678 1389 tertium
2746 1324 2976 1408 Syrum

680 1424 900 1504 etiam,
961 1445 1077 1487 nec
1132 1445 1265 1487 non
1321 1426 1470 1505 'post
1516 1443 1661 1486 eum
1707 1421 2076 1488 Zachariam
2124 1422 2463 1496 Graecum3
2522 1426 2595 1486 ut
2656 1427 2981 1505 appareat,

678 1521 851 1584 inter
905 1520 1022 1584 hos
1080 1541 1301 1590 omnes
1355 1520 1461 1582 vix
1518 1541 1717 1583 unum
1780 1518 2160 1604 Gregorium
2207 1519 2294 1582 ΙΙ.
2353 1521 2807 1582 intercolatum
2858 1518 2981 1581 Ro-

679 1639 941 1681 manum
1006 1617 1270 1680 natione
1341 1615 1740 1680 Pontificem.
1815 1653 1887 1660 -
1960 1615 2088 1680 Sed
2159 1615 2307 1700 quid
2384 1614 2651 1680 accidit?
2703 1614 2982 1698 *Utique

671 1723 988 1797 'tanquam
1037 1713 1418 1777 'miraculum
1474 1711 1512 1774 a
1564 1711 1732 1789 De0,
1797 1719 1870 1775 ut
1927 1714 1997 1776 in
2060 1714 2397 1797 collegium
2449 1713 2642 1777 iidem
2703 1712 2982 1794 cooptati

679 1809 742 1875 S.
792 1809 868 1873 R.
922 1809 996 1874 E.
1046 1808 1481 1873 Cardinalium
1539 1814 1603 1872 et
1662 1809 1858 1872 creati
1907 1809 2252 1873 Pontifices
2312 1809 2719 1892 Apostolicae
2775 1807 2981 1886 Sedis,

678 1907 971 1989 spiritum
1016 1906 1259 1988 pariter
1288 1905 1754 1968 haereditarint
1789 1907 2227 1989 apostolicum,
2276 1907 2707 1989 steterintque
2754 1905 2980 1968 adver-

679 2025 786 2067 sus
833 2022 1054 2066 omnes
1103 2005 1373 2066 conatus
1419 2001 1893 2084 Imperatorum
1949 2011 2015 2065 et
2061 2002 2466 2066 orientalium
2518 2003 2980 2084 episcoporum,

676 2099 1182 2182 restiterintque,
1229 2119 1302 2162 ac
1346 2119 1430 2161 ne
1475 2099 1812 2161 minimum
1859 2098 2114 2181 quidem
2163 2099 2533 2163 cesserint.“

858 2240 975 2310 15.
1021 2245 1226 2331 Sergii
1289 2247 1607 2311 industria
1671 2247 2046 2330 praesertim
2111 2259 2307 2330 atque
2372 2247 2755 2311 auctoritate
2817 2245 2979 2310 schi-

677 2367 815 2410 sma
859 2343 1167 2408 Istriense
1225 2345 1613 2407 exstinctum
1674 2349 1799 2420 est,
1864 2348 1929 2408 et
1987 2346 2247 2408 ecclesia
2296 2344 2757 2427 AquileiensiS,
2819 2364 2980 2426 quae

676 2443 873 2506 trium
915 2440 1357 2524 Capitulorum
1404 2445 1469 2505 et
1517 2440 1784 2504 Concilii
1832 2441 2042 2524 quinti
2102 2441 2430 2505 occasione
2491 2441 2570 2503 ab
2615 2440 2802 2503 annis
2844 2440 2980 2503 fere

681 2540 806 2603 150
857 2562 895 2603 a
940 2537 1233 2603 Romana
1286 2538 1556 2621 aliisque
1620 2538 1896 2602 ecclesiis
1950 2548 2016 2601 se
2077 2538 2561 2614 dissociaverat,
2626 2538 2705 2601 ad
2762 2537 2978 2620 pristi-

675 2658 830 2700 nam
875 2657 1018 2699 cum
1063 2635 1190 2699 illis
1252 2634 1765 2699 communionem
1820 2634 2028 2699 rediit.
2120 2633 2499 2698 Pontificem
2557 2633 2780 2697 adduci
2845 2654 2979 2696 non

678 2733 990 2816 potuisse,
1055 2736 1132 2797 ut
1186 2753 1462 2797 canones
1510 2731 1851 2795 Trullanos
1910 2731 2240 2814 probaret,
2305 2732 2592 2813 superius
2638 2732 2775 2814 jam
2826 2729 2980 2793 dixi-

677 2851 839 2894 mus,
907 2866 994 2874 —
1061 2825 1128 2891 S.
1188 2827 1410 2913 Sergio
1480 2829 1580 2892 die
1656 2829 1711 2890 7.
1777 2826 2167 2909 Septembris
2237 2828 2393 2891 anni
2457 2826 2576 2891 701
2649 2825 2978 2903 defunct0,

358 2926 980 2990 JoannesVI-'suffectus
1025 2929 1123 2989 est
1167 2926 1266 2989 die
1312 2924 1417 2990 28.
1468 2923 1762 2989 Octobris
1806 2922 2095 2988 Joan‘nes
2139 2921 2244 2987 VL
2293 2923 2601 2999 GrachS,
2659 2924 2768 3005 qui
2816 2920 2981 2984 sedit

676 3022 885 3087 tribus
945 3023 1135 3086 annis
1191 3028 1257 3086 et
1311 3021 1557 3086 duobus
1612 3022 1955 3085 mensibus.
2049 3020 2342 3085 Tiberius
2398 3019 2802 3099 AbsimaruS,
2859 3017 2981 3080 Im·

675 3123 935 3203 perator
995 3118 1299 3196 Graecus,
1371 3140 1446 3182 eo
1509 3122 1793 3201 tempore
1857 3117 2127 3181 Romam
2191 3118 2364 3180 misit
2430 3115 2977 3198 Theophylactum

677 3215 1052 3293 exarchum,
1121 3220 1195 3280 ut
1255 3214 1552 3279 Pontifici
1610 3215 1942 3298 negotium
2002 3214 2373 3289 facesseret3
2435 3234 2627 3297 quam
2687 3233 2836 3274 vero
2898 3210 2981 3273 ob

677 3333 958 3390 causam,
1022 3312 1359 3395 scriptores
1423 3319 1559 3375 non
1622 3310 2052 3374 tradiderunt.
2163 3309 2408 3373 Verum
2472 3307 2786 3372 exercitus
2848 3304 2977 3368 Ita·

675 3408 828 3485 liae,
885 3408 997 3491 qui
1050 3409 1122 3472 in
1181 3407 1377 3471 simili
1434 3429 1584 3472 casu
1643 3407 1761 3471 sub
1806 3406 2177 3471 Justiniano
2242 3405 2618 3470 defenderat
2666 3401 2976 3487 Sergium,

676 3504 964 3569 defendit
1005 3504 1248 3587 pariter
1291 3504 1644 3580 Joannem,
1704 3504 1799 3567 ita
1843 3509 1918 3566 ut
1963 3504 2095 3586 ipse
2140 3501 2447 3566 Pontifex
2493 3499 2824 3584 providere
2871 3497 2979 3561 de-

674 3746 810 3799 sium
865 3747 1090 3799 duorum
1143 3752 1201 3801 et
1256 3746 1514 3815 amplius3
1579 3753 1641 3800 ut
1694 3745 1952 3801 videatur
2008 3746 2045 3799 J
2049 3743 2358 3799 ustinianus
2414 3742 2602 3812 junior
2661 3741 2809 3810 patri
2864 3756 2981 3793 suc-

675 3826 873 3879 cedens
917 3825 1122 3880 nullam
1165 3825 1354 3881 haberi
1389 3825 1628 3880 voluisse
1681 3826 1813 3879 talis
1860 3824 2146 3893 privilegii
2195 3823 2489 3888 rationem,
2541 3822 2636 3877 sed
2672 3819 2979 3889 inhaesisse

675 3904 742 3970 ei,
782 3905 922 3970 quod
956 3904 1100 3959 idem
1125 3903 1520 3959 Constantinus
1558 3909 1718 3972 pater
1754 3920 1883 3958 suus
1923 3904 2020 3958 sub
2044 3903 2227 3957 Leone
2267 3904 2493 3956 dederat
2518 3899 2653 3955 etc.“
2710 3898 2776 3952 V.
2808 3898 2982 3953 Cona-

675 3989 767 4036 tus
807 3982 1214 4037 chronico-hist.
1251 3984 1310 4038 in
1347 3984 1519 4038 Catal.
1556 3982 1914 4050 Pontificum3
1951 3982 2167 4049 Propyl.
2208 3981 2276 4035 ad
2312 3982 2455 4034 Acta
2480 3979 2799 4033 Sanctorum
2826 3975 2978 4044 Maji.

682 4091 738 4099 —
781 4061 890 4116 Cfr.
939 4062 1105 4116 etiam
1153 4062 1596 4129 Thomassinum,
1646 4062 1729 4116 De
1777 4067 1886 4116 vet.
1938 4067 1995 4115 et
2042 4076 2184 4114 nova
2237 4060 2383 4113 Eccl.
2435 4057 2748 4126 disciplina,
2796 4056 2857 4109 P.
2903 4054 2979 4108 II.

679 4158 723 4196 c.
764 4143 846 4194 16.
883 4158 935 4195 n.
977 4143 1059 4194 10.
