3270 5028
371 1708 634 1750 Francorum

384 1769 616 1822 oppositio.

681 402 749 453 62
1403 401 1486 455 De
1524 400 1741 456 haeresi
1777 400 2255 455 Iconoclastarum.

682 540 966 625 capitulo
1015 560 1095 604 ex
1154 560 1372 605 errore
1433 541 1736 620 reve-raia,
1801 563 1882 607 ex
1939 541 2094 607 aliis
2152 541 2399 608 duobus
2449 543 2523 608 in
2576 541 2793 611 eodem
2839 564 2986 626 per·

681 641 991 704 maneant
1052 637 1344 717 terrorest)
1451 637 1641 703 Unde
1705 640 1908 718 vides,
1964 639 2367 709 Hadrianum
2433 641 2582 705 inde
2651 642 2732 706 ab
2801 642 2987 706 initio

680 737 1124 819 comprobasse
1181 733 1511 819 Synodum
1567 734 1919 801 Nicaenam
1965 736 2078 819 IL,
2136 736 2246 801 sed
2305 738 2581 803 noluisse
2638 728 2987 807 solemnem.

681 833 1188 898 confirmationis
1228 832 1565 915 epistolam
1612 831 1692 895 ad
1729 831 2156 916 Imperatores
2202 834 2493 899 scribere.
2585 834 2766 899 Tunc
2814 835 2987 898 enim

678 951 763 994 ne
813 950 966 993 suae
1023 929 1392 993 auctoritati
1452 928 1725 1012 deesset,
1781 930 2103 995 debuisset
2155 931 2453 995 insistere
2512 932 2580 995 in
2636 930 2989 1015 repetenda

679 1025 946 1089 dioecesi
995 1024 1284 1110 Illyrica,
1346 1032 1410 1090 et
1453 1026 1523 1090 in
1570 1025 1966 1092 vindicandis
2013 1028 2418 1109 patrimoniis
2473 1031 2732 1092 sanctae
2781 1027 2987 1104 Sedis,

679 1122 848 1206 quod
896 1144 970 1187 eo
1020 1129 1308 1205 tempore
1369 1124 1578 1187 minus
1633 1127 2069 1207 opportunum
2115 1123 2483 1202 videbatur,
2538 1147 2623 1188 ne
2678 1125 2832 1188 unio
2881 1125 2986 1188 'vix

680 1219 989 1283 resarcita
1035 1218 1270 1281 iterum
1317 1223 1739 1302 rumperetur.
2256 1270 2260 1274 .

858 1315 957 1381 73.
1014 1313 1206 1380 Forte
1263 1313 1572 1379 Pontifex
1630 1316 1824 1380 etiam
1883 1316 2200 1380 abstinuit
2257 1339 2295 1379 a
2349 1316 2621 1381 solemni
2678 1317 2984 1400 approba-

677 1413 856 1477 tione
903 1411 1126 1476 statim
1170 1411 1612 1494 impertienda,
1665 1434 1746 1475 ne
1791 1413 2004 1496 aliqua
2050 1413 2367 1497 oppositio
2412 1413 2482 1476 in
2527 1436 2659 1477 una
2706 1415 2990 1478 alterave

681 1508 1048 1574 Occidentis
1102 1508 1364 1591 regione
1421 1514 1562 1572 orta
1619 1508 1978 1593 graviorem
2038 1510 2401 1574 molestiam
2458 1515 2731 1587 crearet,
2793 1510 2987 1594 quod-

680 1627 803 1690 que
851 1604 1150 1688 prudenti
1199 1605 1566 1669 oeconomia
1612 1609 1807 1668 antea
1853 1603 2097 1689 Synodi
2141 1604 2311 1669 Acta
2362 1610 2429 1670 et
2474 1606 2748 1671 Decreta
2792 1608 2992 1672 vellet

681 1703 946 1766 Francis
995 1702 1482 1766 communicare.
1553 1700 1833 1780 DixeriS,
1882 1724 2021 1766 eum
2070 1702 2456 1785 praevidisse
2486 1705 2985 1788 repugnantiam

680 1821 930 1875 eorum,
988 1801 1062 1861 ut
1103 1795 1346 1881 Synodi
1390 1796 1716 1862 Nicaenae
1770 1800 1971 1883 gestis
2030 1798 2526 1863 subscriberent.
2585 1837 2672 1845 —
2716 1799 2990 1865 Hadria-

679 1919 800 1960 nus
849 1895 1144 1960 videlicet
1190 1895 1562 1978 priusquam
1607 1894 1963 1960 Concilium
2009 1895 2402 1978 praedictum
2444 1901 2755 1980 tanquam
2798 1920 2988 1963 oecu-

677 1993 993 2056 menicum
1056 1991 1373 2056 Ecclesiae
1427 1992 1804 2056 solemniter
1866 1996 2252 2073 proponeret
2310 1997 2504 2076 atque
2556 1994 2990 2070 confirmaret,

668 2090 846 2192 ‘Acta
888 2089 1062 2153 illius
1106 2089 1199 2157 in„
1220 2088 1509 2175 linguam
1554 2087 1828 2175 latinam
1882 2089 2196 2152 translata
2246 2088 2418 2153 misit
2464 2088 2534 2152 in
2582 2088 2857 2154 Galliam
2904 2092 2986 2154 ad

678 2185 978 2250 Carolum
1025 2184 1144 2263 M„
1202 2189 1274 2248 ut
1320 2185 1641 2266 praesules
1683 2189 1749 2248 et
1801 2185 1917 2248 viri
1979 2184 2214 2249 eruditi
2269 2186 2387 2250 sub
2441 2188 2579 2270 ejus
2624 2207 2827 2269 regno
2873 2187 2985 2252 de-

676 2289 898 2367 gentes
961 2303 1036 2345 ea
1095 2279 1593 2346 considerarent.
1699 2279 1857 2344 Erat
1910 2284 2153 2359 autem,
2214 2280 2745 2365 quemadmodum
2802 2283 2987 2348 Ana-

677 2379 910 2443 stasius
956 2378 1026 2442 in
1069 2400 1183 2441 sua
1243 2378 1646 2460 praefatione
1698 2377 1777 2442 ad
1830 2399 2058 2442 novam
2108 2379 2470 2442 versionem
2530 2379 2609 2443 ab
2654 2381 2791 2462 ipso
2840 2403 2984 2445 con·

679 2475 1007 2540 cinnatam
1054 2474 1237 2552 dicit,
1291 2474 1404 2538 illa
1456 2475 1800 2538 translatio
1860 2475 2132 2557 pessime
2186 2476 2509 2553 confecta,
2567 2475 2738 2558 quod
2779 2475 2984 2542 inter-

668 2592 825 2654 pres
876 2591 1084 2654 paene
1136 2590 1260 2652 per
1325 2568 1589 2653 sinyula
1652 2568 1874 2634 relicto
1934 2570 2280 2652 utriusque
2349 2570 2613 2654 linquae
2676 2571 2988 2637 idiomate

634 2681 641 2736 ζ
676 2668 833 2733 adeo
868 2667 1078 2750 faerit
1121 2666 1386 2732 verbam
1432 2686 1513 2731 ex
1558 2665 1743 2731 verbo
1790 2669 2073 2744 secutaS,
2132 2672 2207 2731 at
2252 2667 2411 2748 quid
2464 2667 2539 2732 in
2584 2668 2802 2733 eadem
2848 2668 2982 2733 edi-

628 2739 639 2848 }
677 2764 849 2831 tione
902 2763 1340 2847 intelligatur,
1402 2767 1522 2829 aut
1572 2762 1690 2827 vix
1748 2766 1867 2828 aut
1918 2783 2261 2845 nunquam
2303 2763 2514 2846 possit
2570 2764 2847 2845 adverti,
2908 2765 2984 2830 in

618 2901 629 2964 l

672 2861 1145 2945 fastidiumque
1189 2881 1378 2926 versa
1410 2860 1757 2943 leyentium
1793 2879 2003 2942 paene
2049 2859 2128 2925 ab
2162 2859 2460 2926 omnibus
2503 2860 2625 2927 hac
2669 2861 2743 2925 de
2783 2881 2986 2927 causa

676 2958 1203 3043 contemnatur.2)
1303 2960 1444 3023 Imo
1502 2958 1816 3042 quaedam
1873 2959 2201 3022 habentur
2257 2959 2327 3021 in
2383 2959 2495 3023 illa
2551 2960 2985 3024 translatione

673 3061 865 3143 plane
921 3079 1252 3141 perperam
1298 3076 1509 3131 versa,
1573 3055 1667 3118 ita
1710 3061 1785 3118 ut
1838 3076 2098 3121 sensum
2151 3055 2503 3119 exhibeant
2545 3055 2717 3119 haud
2763 3057 2984 3121 ortho-

675 3157 928 3221 doxum.
960 3190 1047 3199 —-
1092 3153 1436 3217 Praeterea
1466 3151 2106 3216 animadvertendum
2138 3156 2256 3227 est,
2302 3152 2475 3216 inter
2509 3150 2871 3231 Orienytales
2917 3158 2985 3217 et

678 3252 956 3316 Francos
1000 3257 1159 3315 tunc
1217 3272 1349 3313 non
1382 3248 1774 3332 „mediocrem
1829 3249 2233 3316 simultatem
2285 3248 2627 3313 exstitisse.
2719 3247 2982 3313 Etenim

676 3348 825 3412 dum
877 3345 1240 3411 Orientales
1299 3367 1488 3430 aegre
1539 3344 1860 3424 ferebant,
1922 3346 2093 3429 quod
2141 3344 2534 3408 Francorum
2588 3366 2815 3430 regum
2871 3368 2981 3429 po-

675 3445 884 3510 tentia
952 3444 1108 3509 adeo
1180 3447 1491 3509 cresceret
1560 3449 1626 3505 et
1693 3440 1921 3506 Italiae
2002 3440 2367 3525 provinciae
2443 3447 2638 3507 antea
2704 3441 2986 3525 Imperio

677 3540 975 3605 orientali
1023 3540 1348 3625 subjectae
1391 3541 1461 3603 in
1508 3539 1846 3603 arbitrium
1895 3538 2219 3602 venissent
2251 3538 2467 3622 Pipini
2511 3543 2575 3602 et
2622 3537 2833 3603 Caroli
2863 3538 2983 3603 M.:

678 3637 958 3702 Francos
1002 3636 1415 3701 vehementer
1468 3636 1803 3719 pungebat
1853 3634 2224 3719 arrogantia
2279 3634 2392 3696 illa
2438 3632 2866 3699 Orientalium
2916 3640 2982 3699 et

667 3733 1021 3818 jactantia,
1080 3754 1208 3817 qua
1251 3732 1407 3797 alios
1463 3731 1786 3815 principes
1838 3736 1901 3797 et
1944 3731 2242 3796 nationes
2295 3734 2370 3793 ut
2419 3732 2624 3796 multo
2685 3732 2835 3815 ipsis
2881 3733 2979 3796 in-

675 3830 939 3896 feriores
994 3828 1378 3893 tractabant.
1492 3827 1695 3893 Porro
1762 3829 1899 3912 ipso
1967 3849 2140 3891 anno
2208 3826 2332 3889 787
2403 3825 2591 3891 Irene
2651 3828 2883 3893 resiliit
2943 3849 2985 3892 a

857 4054 900 4122 ¹)
935 4054 1137 4121 Labbe,
1175 4055 1303 4109 VII.
1341 4058 1458 4109 962.
2013 4079 2019 4086 ·

853 4133 898 4201 ²)
934 4134 1216 4190 Praefatio
1256 4137 1447 4188 Anast.
1485 4133 1621 4187 Coll.
1662 4132 1823 4187 Cone.
1861 4130 2103 4187 Labbaei
2142 4132 2205 4187 Τ.
2242 4133 2366 4186 VII.
2403 4149 2455 4201 p.
2493 4134 2576 4186 29.
