3270 5028
339 2000 413 2043 Ill.
442 2000 594 2043 Marct.

648 458 717 510 54
1380 456 1462 510 De
1499 455 1716 510 haeresi
1753 456 2228 510 Iconoclastarum.

640 597 841 661 verite
895 597 1269 680 pourraient
1320 619 1388 662 se
1444 599 1777 681 presenter
1825 602 1891 662 et
1928 598 2062 662 dire
2103 600 2276 662 leurs
2310 599 2626 662 raisons.“
2679 633 2765 642 —-
2822 596 2947 661 Sed

640 694 1042 771 nullatenus,
1106 693 1277 778 quod
1322 694 1467 777 quis
1517 715 1592 757 ex
1650 695 1837 759 modo
1896 693 2207 780 loquendi.
2253 693 2531 759 auctoris
2585 694 2950 758 existimare

638 793 879 873 posset,
934 790 1037 853 hic
1081 790 1297 874 agitur
1343 792 1419 854 de
1472 791 1774 855 libertate
1820 789 2261 869 discussionis,
2319 813 2392 855 ac
2437 791 2490 854 si
2537 790 2827 874 quaestio
2872 789 2952 853 de

640 887 818 950 cultu
873 886 1226 970 imaginum
1284 887 1353 950 in
1413 888 1695 971 ancipite
1756 887 1959 952 adhuc
2014 891 2411 963 versaretur,
2475 887 2673 951 donec
2723 886 2951 951 Conci-

640 983 795 1046 lium
856 983 1354 1047 controversiam
1420 982 1793 1048 diremisset.
1887 984 2126 1067 Agitur
2186 1005 2260 1049 eo
2320 983 2459 1048 loco
2518 983 2591 1046 de
2647 984 2955 1066 episcopis

642 1080 747 1162 qui
779 1100 951 1143 anno
992 1079 1412 1162 praecedente
1443 1101 1511 1143 se
1535 1081 1898 1164 junxerant
1929 1080 2262 1154 militibus,
2309 1080 2420 1164 qui
2458 1079 2955 1144 celebrationem

642 1173 885 1259 Synodi
943 1175 1391 1259 impedierant.
1496 1176 1619 1241 Isti
1682 1176 1760 1240 ad
1819 1199 2188 1242 consessum
2252 1176 2536 1241 nondum
2601 1179 2786 1240 erant
2844 1176 2959 1240 ad·

640 1272 844 1351 missi,
901 1271 1330 1360 Tarasiusque
1376 1273 1441 1336 in
1492 1273 1622 1337 fine
1670 1274 2079 1338 allocutionis
2133 1295 2262 1356 qua
2309 1271 2639 1356 Synodum
2687 1274 2952 1356 aperuit,

639 1368 824 1448 dicit,
881 1390 987 1432 eos
1035 1370 1168 1453 (qui
1217 1370 1475 1434 veritati
1527 1368 1915 1453 restiterint)
1966 1370 2263 1434 accedere
2321 1391 2530 1453 posse,
2587 1371 2641 1433 si
2689 1365 2953 1452 Synodo

639 1466 847 1528 visum
892 1465 1119 1543 fuerit,
1177 1470 1372 1550 atque
1417 1467 1706 1551 proferre
1761 1489 1925 1551 quae
1979 1467 2059 1531 ad
2106 1467 2551 1531 defensionem
2597 1467 2804 1531 dicere
2850 1487 2956 1530 ve·

640 1559 843 1640 lint.¹)
920 1560 1087 1625 Dein
1137 1583 1215 1625 ex
1261 1564 1589 1627 sententia
1620 1563 1888 1628 Concilii
1936 1563 2196 1628 admissi
2243 1564 2483 1647 singuli
2530 1585 2766 1647 magna
2811 1585 2955 1628 cum

643 1657 1068 1722 submissione
1128 1659 1381 1722 veniam
1446 1661 1688 1743 precati
1751 1666 1905 1724 sunt
1964 1660 2304 1725 anterioris
2366 1661 2953 1743 praevaricationis,

640 1754 828 1819 fidem
876 1754 1249 1819 catholicam
1307 1756 1517 1840 quoad
1563 1757 1882 1840 imagines
1934 1756 2234 1840 professi,
2299 1763 2366 1820 et
2424 1755 2543 1820 sub
2588 1756 2954 1821 conditione
3047 1800 3050 1813 .

641 1852 1077 1934 poenitentiae
1124 1851 1202 1915 ad
1248 1854 1764 1917 communionem
1813 1853 2093 1917 admissi.

821 2002 923 2064 63.
973 1999 1189 2078 „Pour
1219 2000 1472 2065 vaincre
1517 2002 1608 2065 les
1641 2001 1966 2066 dernieres
2011 2002 2417 2080 resistanceS,
2465 2001 2678 2085 pergit
2710 2008 2955 2076 auctor,

641 2099 701 2162 le
750 2097 1010 2161 Concile
1057 2119 1124 2161 se
1183 2118 1453 2180 proposa
1514 2120 1757 2162 comme
1816 2121 1932 2164 son
1988 2099 2108 2162 but
2164 2099 2510 2182 principal,
2573 2097 2650 2161 de
2704 2103 2955 2162 consta-

641 2199 741 2260 ter
777 2194 1286 2279 juridiquement
1341 2199 1407 2258 et
1464 2195 2005 2260 solennellement
2048 2199 2221 2260 cette
2267 2196 2356 2261 foi
2412 2195 2488 2259 de
2532 2195 2796 2280 l'Eglise
2842 2195 2953 2278 qui

638 2314 707 2356 se
753 2291 1152 2355 manifestait
1194 2289 1386 2355 d'une
1432 2292 1714 2355 maniere
1762 2292 1907 2376 deja
1950 2293 2003 2356 si
2050 2293 2403 2367 eclatante,
2463 2299 2527 2355 et
2572 2293 2723 2356 bien
2771 2291 2951 2355 suffi-

641 2392 849 2470 sante,
893 2410 1042 2452 sans
1088 2387 1300 2464 doute,
1347 2388 1404 2451 si
1431 2388 1522 2451 les
1567 2390 2036 2455 circonstances
2069 2389 2326 2452 avaient
2372 2390 2475 2452 e'te
2526 2389 2733 2453 moins
2778 2388 2950 2451 diffi-

641 2486 811 2552 cileS.
920 2485 1016 2549 La
1072 2486 1262 2550 lettre
1320 2485 1648 2569 imperiale
1699 2486 1803 2549 lue
1858 2485 2017 2550 dans
2074 2487 2136 2551 la
2191 2486 2502 2569 premiere
2559 2485 2806 2549 session
2865 2484 2949 2548 du

641 2583 902 2648 Concile
963 2605 1042 2647 ne
1096 2583 1282 2647 laisse
1346 2604 1555 2647 aucun
1617 2583 1813 2647 doute
1878 2585 1916 2646 a
1979 2586 2081 2647 cet
2143 2582 2357 2666 §gard
2449 2581 2592 2647 Elle
2655 2602 2949 2646 annonce

640 2702 764 2765 que
814 2681 901 2743 les
947 2680 1170 2744 lettres
1215 2680 1296 2743 du
1344 2678 1516 2762 Pape
1566 2683 1631 2744 et
1677 2679 1865 2744 celles
1911 2679 2021 2745 des
2074 2679 2468 2763 patriarches
2514 2683 2737 2744 seront
2787 2700 2950 2743 com·

639 2777 1019 2860 muniquees
1068 2799 1146 2839 au
1198 2776 1488 2855 Concile,
1541 2773 1678 2855 afin
1724 2775 1915 2858 qu'on
1962 2773 2298 2841 connaisse
2338 2794 2471 2856 par
2515 2773 2661 2839 elles
2706 2774 2760 2838 le
2802 2772 2951 2838 vrai

639 2871 984 2937 sentiment
1028 2871 1103 2935 de
1150 2871 1412 2954 Z'Eylise
1458 2871 1819 2954 catholique
1863 2872 2014 2953 (Per
2060 2874 2228 2957 ipsas
2274 2872 2693 2956 cognoscetis,
2740 2873 2948 2956 qualis

639 2971 724 3035 sit
764 2969 1081 3034 Ecclesiae
1129 2969 1478 3033 catholicae
1523 2973 1799 3046 sensus).
1872 2969 1990 3035 Ces
2037 2970 2264 3034 lettres
2312 2966 2672 3053 cependant
2716 2990 2798 3032 ne
2845 2968 2947 3032 fu-

639 3071 787 3153 rent
845 3088 959 3150 pas
1019 3087 1238 3148 recues
1294 3088 1412 3149 par
1477 3067 1536 3131 le
1597 3067 1838 3131 concile
1897 3088 2045 3130 sans
2107 3089 2197 3130 un
2266 3087 2533 3129 examen
2595 3065 2947 3149 juridique.

642 3161 835 3228 Selon
899 3165 989 3227 les
1046 3164 1367 3246 exemplos
1426 3163 1534 3230 des
1590 3164 1866 3228 conciles
1923 3163 2347 3241 anterieures,
2411 3162 2457 3226 il
2516 3162 2676 3227 etait
2734 3165 2952 3228 neces-

640 3262 804 3324 saire
866 3260 1163 3324 d'etablir
1223 3282 1340 3343 par
1394 3266 1495 3324 cet
1550 3282 1822 3324 examen
1881 3281 2006 3345 que
2065 3260 2129 3323 la
2188 3259 2277 3323 foi
2333 3259 2410 3323 de
2468 3258 2731 3343 l'Eglise
2791 3258 2952 3323 etait

640 3356 1006 3419 fidelement
1074 3359 1343 3439 expose'e
1414 3357 1572 3422 dans
1639 3379 1741 3421 ces
1807 3358 2051 3421 lettres,
2154 3356 2246 3420 Le
2314 3356 2614 3439 premier,
2679 3357 2739 3419 le
2807 3355 2950 3439 plus

642 3452 1013 3528 venerable,
1068 3453 1127 3516 19
1186 3453 1328 3536 plus
1377 3456 1658 3520 autorise
1703 3455 1782 3518 de
1841 3476 1944 3518 ces
1995 3453 2370 3519 documents
2428 3452 2590 3515 etait
2646 3452 2709 3514 la
2756 3452 2949 3516 lettre

642 3555 846 3615 meme
909 3549 992 3612 du
1054 3571 1216 3633 pape
1262 3547 1527 3615 Adrien.
1621 3551 1767 3615 Elle
1826 3551 1928 3616 fut
1989 3551 2092 3614 lue
2151 3551 2307 3614 dans
2367 3549 2433 3611 la
2495 3549 2768 3613 seconde
2814 3570 2951 3612 ses-

641 3648 846 3712 sion.“
919 3682 1003 3690 ——
1076 3645 1303 3710 Refert
1371 3669 1559 3728 porro
1629 3651 1881 3726 auctor,
1959 3645 2272 3733 quomodo
2344 3645 2540 3728 legati
2611 3644 2946 3711 Pontificis

821 3873 859 3938 ²)
902 3872 989 3941 „Si
1028 3871 1317 3927 certificati
1353 3871 1614 3926 fuerimus
1653 3872 1795 3938 quod
1832 3870 2099 3939 placabile
2138 3869 2214 3922 sit
2239 3868 2297 3922 in
2336 3874 2629 3936 conspectu
2661 3871 2780 3936 Dei,
2823 3886 2945 3924 con·

641 3951 869 4005 veniant
905 3952 994 4018 qui
1033 3951 1336 4019 praeterito
1375 3967 1514 4004 anno
1551 3949 1809 4005 restitere
1846 3947 2086 4003 veritati.
2157 3946 2213 4001 Si
2249 3948 2369 4014 quis
2408 3951 2495 4002 est
2530 3947 2587 4000 in
2623 3948 2734 4001 illis
2771 3965 2944 4003 sermo

642 4030 732 4084 vel
780 4030 1224 4084 contradictionis
1262 4031 1352 4085 vel
1399 4030 1565 4085 etiam
1613 4026 2047 4083 ratiocinationis
2097 4026 2404 4095 (ἀντιλογίας
2452 4026 2487 4094 ἢ
2534 4048 2590 4094 γε
2627 4027 2944 4096 ἀπολογίας),

642 4107 846 4162 dicant.
918 4110 1009 4162 Ita
1046 4125 1274 4176 namque
1311 4109 1484 4164 omnis
1524 4108 1858 4163 examinatio
1898 4105 2171 4172 (ἐξέτασις,
2212 4104 2456 4159 criminis
2494 4105 2794 4174 inquisitio)
2833 4123 2945 4159 ma-

642 4187 845 4242 nifesta
881 4186 1024 4242 fiet.“
