3270 5028
982 451 1152 506 Initia
1190 451 1434 506 haeresis
1471 452 1953 505 Iconoclastarum.
2552 450 2622 502 23

310 593 635 659 Ecclesiae
694 618 875 660 usum
934 599 998 659 et
1052 593 1465 658 traditionem
1528 594 1604 657 de
1651 615 1975 658 sacrarum
2035 593 2393 677 imaginum
2445 593 2621 657 cultu

307 692 635 774 opposuit,
690 696 756 756 et
801 692 872 755 in
918 691 1290 755 memoriam
1336 691 1659 754 revocavit
1703 690 2016 753 solemnia
2071 691 2380 774 promissa
2436 711 2619 772 quae,

308 787 464 851 dum
527 787 886 872 Imperator
943 788 1470 871 inauguraretur,
1544 787 1842 851 emiserat
1905 785 1983 850 de
2051 808 2184 850 non
2255 786 2621 850 convellen-

308 883 408 947 dis
472 883 792 949 Ecclesiae
866 882 1119 947 ritibus,
1239 880 1332 946 At
1392 882 1558 947 nihil
1619 882 1883 946 monitis
1950 883 2080 946 suis
2146 883 2415 966 profecit
2478 903 2624 945 san-

306 986 453 1044 ctus
512 980 896 1064 patriarcha.
1003 978 1179 1044 Idem
1242 979 1497 1062 praesul
1560 979 1640 1044 ad
1703 979 1986 1044 diversos
2049 980 2399 1063 episcopos,
2461 999 2620 1062 quo-

312 1099 453 1141 rum
524 1077 722 1160 aliqui
793 1077 989 1161 impio
1059 1076 1437 1185 Imperatori
1508 1076 2034 1154 assentabantur,
2101 1076 2353 1140 litteras
2428 1074 2623 1145 misit,

312 1173 384 1237 in
434 1173 665 1258 quibus
722 1195 1044 1238 sacrarum
1101 1172 1455 1257 imaginum
1515 1172 1764 1236 cultum
1826 1173 2009 1237 docte
2064 1172 2374 1236 defendit.
2467 1171 2622 1237 Gre-

307 1271 543 1359 Q&
550 1269 661 1341 JI.
723 1270 1031 1335 Pontifex
1087 1291 1237 1333 vero
1302 1291 1340 1332 a
1405 1266 1469 1334 S.
1531 1267 1857 1333 Germano
1919 1271 1996 1334 de
2058 1273 2199 1334 tota
2256 1292 2324 1333 re
2390 1240 2623 1333 certlor

309 1367 520 1431 factus
568 1366 650 1430 ad
705 1367 1139 1450 patriarcham
1195 1367 1527 1449 epistolam
1583 1366 1870 1449 scripsit,
1927 1367 1994 1428 in
2051 1388 2178 1449 qua
2232 1366 2288 1430 ei
2340 1366 2416 1430 de
2469 1387 2619 1429 con·
2661 1395 2675 1497 l

313 1465 561 1527 stantia
602 1465 672 1527 in
716 1463 1115 1528 defendenda
1163 1461 1482 1527 Ecclesiae
1531 1462 1657 1526 fide
1701 1463 2096 1546 gratulatur,
2155 1467 2220 1525 et
2266 1461 2620 1526 doctrinam

303 1560 692 1624 catholicam
737 1562 815 1625 de
870 1582 1191 1624 sacrarum
1245 1560 1597 1642 imaginum
1655 1559 1832 1623 cultu
1880 1560 2021 1623 fuse
2067 1559 2379 1642 docteque
2424 1558 2625 1621 tradit

304 1660 380 1720 et
423 1655 783 1736 vindicat.²)

490 1798 594 1862 26.
656 1797 915 1862 Incolae
973 1795 1281 1861 Graeciae
1345 1801 1411 1860 et
1472 1795 1894 1879 Cycladarum
1950 1789 2310 1860 insularum
2374 1795 2624 1859 interea

304 1893 724 1976 Imperatoris
769 1894 1100 1977 impietate
1147 1893 1386 1956 irritati
1432 1892 1511 1956 ab
1559 1913 1633 1956 eo
1680 1892 2108 1973 rebellarunt,
2166 1891 2460 1956 Cosmam
2489 1891 2618 1981 ,du-

304 2012 449 2054 cem
503 1991 876 2054 salutarunt
928 1989 1422 2077 Imperatorem,
1485 1993 1901 2073 paratamque
1957 1988 2294 2072 ingentem
2352 1988 2623 2052 classem

313 2086 942 2170 Constantinopolim
996 2086 1423 2150 destinarunt.
1517 2082 1645 2149 Sed
1691 2086 2023 2150 commisso
2079 2085 2321 2168 proelio
2368 2106 2426 2150 a.
2475 2084 2621 2155 727,

300 2184 528 2248 classis
574 2183 822 2260 attrita,
869 2183 1061 2247 multi
1102 2182 1437 2262 submersi,
1480 2182 1798 2266 ducesque
1846 2183 2031 2246 occisi
2075 2185 2248 2247 sunt.
2318 2179 2431 2244 Ex
2476 2199 2619 2260 qu0,

311 2279 526 2363 inquit
574 2278 1000 2362 Theophanes
1046 2280 1115 2343 in
1162 2301 1278 2344 sua
1326 2271 1885 2362 Chronographia,
1930 2275 2123 2360 impii
2167 2275 2410 2342 Leonis
2455 2277 2621 2359 ejus·
2692 2352 2697 2357 .

303 2395 433 2456 que
493 2373 920 2439 sectariorum
980 2373 1240 2440 malitia
1308 2373 1539 2457 oppido
1601 2373 1831 2453 crevit,
1900 2372 2055 2439 adeo
2123 2377 2200 2439 ut
2258 2376 2622 2456 susceptum

304 2471 624 2537 adversus
660 2470 971 2555 pietatem
1018 2471 1250 2538 bellum
1297 2470 1500 2538 latius
1533 2470 1998 2555 promoverint.
2075 2473 2271 2537 Anno
2318 2471 2444 2535 730
2492 2470 2623 2536 Leo

303 2568 375 2636 S.
435 2569 824 2634 Germanum
892 2570 1105 2653 impiis
1163 2573 1298 2656 ejus
1354 2568 1629 2636 decretis
1692 2569 2090 2635 subscribere
2152 2570 2486 2634 nolentem
2545 2569 2623 2632 ad

311 2666 745 2754 abdicandum
782 2667 1292 2749 patriarchatum
1340 2666 1676 2732 CPtanum
1722 2666 2063 2749 compulit,
2128 2671 2193 2730 et
2237 2667 2305 2730 in
2331 2666 2526 2750 ejus
2528 2668 2622 2745 lo-

302 2785 456 2827 cum
518 2741 901 2846 subrogavit
967 2763 1423 2846 Anastasium
1462 2762 1798 2850 Germani
1839 2762 2223 2860 syncellum,
2297 2784 2620 2852 sacrarum

311 2858 1161 2945 imaginffladversarium.

491 3005 595 3071 27.
673 3005 795 3071 Sed
870 3029 1035 3091 quae
1105 3009 1174 3072 in
1243 3007 1435 3072 Italia
1511 3005 1880 3071 acciderunt
1944 3007 2272 3070 occasione
2339 3027 2948 3088 persecu-Gregoriusn.

305 3105 510 3169 tionis
579 3103 815 3168 Leonis
883 3103 1120 3181 Isauri,
1190 3107 1325 3188 jam
1392 3104 1724 3188 aliquanto
1794 3102 2149 3166 accuratius
2223 3102 2621 3168 considerare
2726 3093 2778 3133 R·
2808 3093 2854 3135 Ρ·

310 3202 630 3267 convenit.
751 3200 1101 3290 §Legfflilffl
1163 3200 1279 3274 ΙΙ.,
1357 3222 1558 3283 quum
1629 3197 1985 3281 Imperator
2054 3197 2123 3261 in
2192 3220 2402 3263 sacras
2469 3200 2622 3263 ima-

309 3299 495 3382 gines
550 3297 989 3361 vehementius
1049 3298 1324 3360 saeviret
1385 3300 1449 3360 et
1512 3297 1710 3359 etiam
1771 3316 1809 3358 a
1864 3294 2177 3359 Pontifice
2234 3316 2451 3368 earum
2515 3295 2618 3359 de-

301 3394 732 3458 structionem
778 3394 1163 3477 postularet,
1216 3392 1373 3457 duas
1433 3394 1489 3456 ei
1547 3391 1803 3475 scripsit
1854 3391 2158 3474 epistolas
2202 3393 2420 3476 vigore
2465 3414 2619 3475 apo-

301 3491 536 3555 stolico
604 3491 846 3573 plenas.
965 3489 1181 3573 Atque
1248 3489 1319 3552 in
1389 3488 1626 3571 prima,
1691 3492 2031 3572 postquam
2101 3490 2622 3553 commemoravit

309 3587 707 3670 impietatem
786 3585 1022 3650 Leonis
1095 3607 1221 3669 qua
1294 3588 1577 3650 statuam
1647 3582 1947 3648 Crucifixi
2018 3585 2089 3647 in
2160 3606 2360 3649 aenea
2436 3589 2622 3668 porta

301 3684 659 3760 destruxit,
729 3687 813 3750 et>
848 3683 1284 3747 resistentiam
1345 3703 1382 3744 a
1438 3680 1682 3745 civibus
1748 3681 2131 3763 oppositam:
2211 3679 2405 3758 Pam,
2476 3682 2622 3745 scri-

308 3782 439 3857 bit,
514 3782 588 3842 ta
655 3776 814 3844 mali
884 3777 1246 3843 aemulator
1307 3775 1525 3841 missis
1584 3775 1976 3841 satellitibus
2042 3774 2344 3841 mulieres
2409 3776 2619 3841 nescio

303 3879 467 3957 quot
510 3873 647 3940 illic
695 3872 1002 3958 occidisti,
1052 3873 1463 3940 adstantibus
1510 3873 1677 3950 viris
1715 3872 2038 3938 Romanis
2083 3876 2143 3937 et
2187 3892 2267 3936 επ
2307 3871 2619 3953 Francia,

491 4102 533 4169 ¹)
585 4101 788 4155 Exstat
837 4101 971 4155 haec
1022 4099 1254 4167 epistola
1302 4062 1358 4153 in
1408 4099 1641 4155 Actione
1685 4099 1783 4153 IV.
1834 4096 2062 4153 Concilii
2112 4098 2339 4152 Nicaeni
2375 4099 2479 4162 IL,
2530 4114 2616 4165 ap.

306 4180 513 4246 Labbe,
552 4180 701 4234 Tom.
730 4178 855 4232 VII.
893 4196 943 4246 p.
982 4182 1101 4231 282.
