3270 5028
938 408 1238 463 Concilium
1275 408 1675 463 oecumenicum
1714 412 1984 462 octavum.
2512 411 2612 461 391

301 553 557 637 legatus
618 551 956 616 Theodosii
1013 550 1414 635 patriarchae
1460 550 2086 634 Hierosolymarum,
2150 550 2259 633 qui
2320 550 2515 614 etiam
2578 572 2616 613 a

300 649 590 732 principe
636 646 953 713 Saraceno
997 648 1322 712 licentiam
1371 651 1437 712 et
1481 647 1850 712 missionem
1896 646 2267 712 obtinuerat
2298 646 2613 711 Constan-

295 746 641 827 tinopolim
689 744 1155 827 proficiscendi,
1215 748 1290 808 ut
1336 744 1413 808 de
1460 743 1730 827 captivis
1775 743 2114 808 reddendis
2161 747 2398 827 ageret.
2494 743 2615 808 Le-

294 848 493 925 gatus
539 842 701 905 sedis
748 840 1259 916 Alexandrinae,
1318 839 1664 924 Josephus,
1727 841 2012 904 nondum
2073 840 2445 919 advenerat,
2503 841 2613 905 sed

293 940 577 1003 durante
635 937 894 1021 Synodo
940 937 1139 1001 venit.
1233 937 1331 1002 Ex
1395 940 1579 1021 parte
1626 936 2038 1020 Imperatoris
2094 938 2309 1019 plures
2363 937 2616 1020 patricii

293 1035 546 1117 synodo
608 1034 983 1110 adfuerunt,
1044 1055 1203 1116 quos
1250 1033 1529 1098 Basilius
1584 1032 1801 1097 adesse
1849 1033 2165 1116 jusserat,
2221 1036 2296 1097 ut
2345 1032 2615 1097 Concilii

294 1130 594 1195 ordinem
641 1132 1127 1195 moderarentur
1182 1135 1248 1194 et
1294 1130 1511 1195 omnia
1564 1129 1908 1194 secundum
1957 1130 2124 1214 juris
2176 1130 2432 1212 regulas
2472 1131 2614 1194 fieri

296 1234 622 1292 curarent.
713 1226 900 1291 Inter
946 1249 1052 1290 eos
1099 1227 1337 1311 primas
1394 1232 1609 1310 partes
1661 1226 1940 1290 habebat
1985 1225 2262 1292 Baanes.
2357 1227 2611 1292 Primae

297 1322 563 1388 Actioni
623 1324 1064 1388 interfuerunt
1120 1327 1381 1388 tantum
1442 1322 1773 1387 duodecim
1836 1322 2140 1406 episcopi,
2203 1322 2314 1386 sed
2369 1325 2436 1387 in
2482 1324 2611 1386 fine

296 1417 547 1501 Synodi
594 1420 943 1484 adfuerunt
986 1424 1243 1484 centum
1290 1424 1354 1484 et
1400 1420 1545 1497 duo,
1586 1421 1845 1503 praeter
1873 1419 2202 1502 Ignatium
2247 1441 2320 1483 ac
2365 1420 2613 1504 legatos

292 1514 477 1581 Sedis
520 1515 849 1582 Romanae
896 1520 963 1580 et
1007 1517 1399 1601 reliquarum
1440 1516 1683 1580 sedium
1731 1515 2274 1599 patriarchalium.

477 1614 579 1677 85.
628 1611 899 1677 Concilii
934 1608 1099 1677 Acta
1142 1614 1356 1695 paucis
1384 1614 1759 1677 referamus.
1805 1648 1894 1656 ——
1940 1611 2019 1676 In
2061 1611 2283 1694 prima
2315 1611 2610 1677 See-sione

294 1709 734 1773 annuentibus
793 1710 1028 1793 legatis
1090 1709 1452 1790 Pontificis,
1511 1710 1716 1773 lectus
1776 1712 1873 1772 est
1936 1731 2142 1774 sermo
2195 1709 2609 1794 Imperatoris

293 1804 377 1869 ad
410 1804 779 1870 Concilium.
861 1806 1106 1870 Deinde
1139 1807 1339 1888 legati
1370 1806 1785 1889 protulerunt
1817 1805 2153 1888 epistolam
2185 1805 2503 1871 Hadriani
2527 1807 2609 1870 II.

297 1902 377 1965 ad
423 1901 906 1984 Imperatorem,
951 1925 1114 1988 quae
1160 1904 1401 1987 pariter
1445 1904 1615 1967 lecta
1662 1905 1782 1967 est.
1875 1902 2174 1966 Discussa
2220 1908 2284 1967 et
2335 1904 2609 1986 proba-ta

297 1999 423 2062 fuit
470 1999 709 2083 legatio
757 2021 1003 2077 eorum,
1061 2000 1172 2084 qui
1227 1999 1734 2084 patriarcharum
1787 1998 2071 2064 Orientis
2116 2022 2450 2082 personam
2497 2020 2606 2083 ge·

294 2095 547 2159 rebant.
636 2093 796 2159 Post
841 2096 1023 2173 haec,
1073 2097 1458 2180 jubentibus
1503 2096 1768 2180 legatis,
1812 2096 2013 2160 lectus
2061 2101 2161 2160 est
2204 2097 2457 2161 libellus
2500 2098 2608 2161 ille

294 2192 751 2288 satisfactionis
809 2202 875 2257 et
929 2193 1343 2276 professionis
1399 2193 1476 2256 de
1534 2215 1661 2277 quo
1706 2216 1900 2276 supra
1947 2193 2249 2268 diximus;
2311 2192 2608 2277 Synodus

2709 1720 2865 1749 SSSSSSS

297 2309 437 2352 eum
500 2289 877 2371 approbavit
934 2290 1120 2373 eique
1175 2290 1567 2371 subscripsit.
1633 2325 1722 2334 —
1780 2290 1861 2353 In
1923 2289 2232 2370 secunda,
2291 2290 2487 2354 tertia
2548 2295 2608 2354 et
2702 2283 2711 2288 ’

295 2387 537 2464 quarta
582 2382 878 2449 Sessione
932 2386 1190 2451 litterae
1237 2386 1458 2450 Basilii
1510 2390 1575 2450 et
1626 2385 1868 2469 Ignatii
1925 2386 2004 2449 ad
2055 2386 2391 2452 Nicolaum
2437 2386 2489 2451 I.
2543 2392 2608 2451 et

295 2479 695 2546 Hadrianum
760 2482 843 2546 II.
910 2487 972 2548 et
1038 2483 1478 2566 responsoriae
1535 2482 1854 2547 Hadriani
1919 2484 2000 2548 ad
2056 2482 2387 2569 Ignatium
2451 2489 2607 2550 sunt

292 2578 675 2659 recensitae,
740 2580 954 2645 decem
1011 2581 1285 2664 epi-scopi
1342 2602 1378 2644 a
1433 2579 1762 2645 Methodio
1823 2581 1923 2643 vel
1978 2580 2240 2666 Ignatio
2303 2582 2607 2658 ordinati,

292 2675 506 2758 plures
551 2676 940 2758 presbyteri,
1001 2677 1251 2741 diaconi
1307 2682 1373 2742 et
1418 2677 1826 2755 subdiaconi,
1886 2676 2102 2742 Photii
2159 2679 2448 2761 partibus
2497 2678 2606 2741 ad·

287 2771 477 2854 dicti,
535 2794 726 2855 quum
781 2774 1034 2865 veniam
1082 2796 1120 2837 a
1160 2772 1420 2856 Synodo
1480 2777 1545 2837 et
1602 2775 2071 2856 poenitentiam
2117 2775 2482 2857 petiissent,
2541 2780 2605 2839 et

291 2869 509 2932 libello
544 2869 753 2933 Roma
798 2871 994 2934 allato
1041 2870 1585 2954 subscripsissent,
1633 2871 1703 2933 in
1735 2870 2065 2954 integrum
2099 2876 2254 2936 sunt
2299 2872 2605 2947 restituti,

289 2966 404 3048 qui
453 2986 601 3028 vero
649 2966 1048 3029 subscribere
1102 2968 1458 3030 noluerunt
1504 2988 1541 3029 a
1584 2965 1842 3049 Synodo
1890 2968 2132 3031 exclusi
2168 2972 2344 3034 sunt.
2391 3005 2479 3013 —
2525 2970 2601 3032 In

217 3102 224 3109 -
297 3059 591 3125 Sessione
638 3059 872 3142 quinta
905 3062 1175 3126 Photius
1217 3064 1403 3146 jussu
1435 3063 1855 3145 Imperatoris
1903 3085 2113 3128 coram
2149 3063 2410 3148 Synodo
2450 3088 2602 3132 con-

291 3157 586 3234 stitutuS,
636 3180 774 3222 cum
824 3158 902 3222 ad
932 3159 1336 3243 interrogata
1380 3158 1542 3221 nihil
1576 3180 1830 3240 prorsus
1861 3160 2291 3242 responderet,
2340 3165 2405 3226 et
2452 3164 2602 3228 affe·

293 3259 465 3318 ctato
508 3254 767 3318 silentio
813 3256 1114 3320 immotus
1167 3260 1485 3337 maneret,
1543 3278 1580 3319 a
1619 3253 1876 3337 Synodo
1923 3256 2219 3321 dimissus
2267 3262 2369 3323 est
2413 3264 2478 3324 et
2524 3260 2627 3325 ad*
2739 3280 2747 3290 ‘

292 3351 603 3434 agendam
649 3353 1119 3435 poenitentiam
1162 3353 1528 3437 instigatus,
1568 3387 1656 3396 —-
1694 3349 1992 3439 Hes-sioni
2036 3358 2255 3418 sextae
2299 3358 2601 3423 interfuit

291 3447 564 3512 Basilius
626 3447 1013 3531 Imperator,
1081 3450 1193 3532 qui
1261 3471 1376 3533 pro
1446 3450 1750 3514 concione
1822 3449 2035 3514 dicens
2101 3451 2454 3517 Photianos
2522 3457 2602 3520 ad

292 3544 755 3626 poenitentiam
817 3544 1198 3610 exhortatus
1247 3549 1367 3610 est.
1460 3544 1587 3608 Ubi
1650 3545 1901 3610 dicendi
1953 3547 2148 3611 finem
2195 3549 2348 3614 fecit
2393 3549 2600 3634 Impe-

291 3648 496 3718 rator,
558 3640 979 3706 schismaticis
1020 3646 1263 3726 septem
1311 3642 1517 3706 adhuc
1562 3641 1809 3706 dierum
1854 3643 2147 3709 induciae
2191 3645 2378 3711 datae
2425 3654 2598 3712 sunt.

294 3773 373 3782 —
436 3738 519 3801 In
582 3735 876 3802 Sessione
934 3736 1207 3820 septima
1261 3740 1613 3803 intromissi
1675 3746 1829 3803 sunt
1886 3740 2155 3805 Photius
2174 3792 2189 3820 ,
2257 3742 2598 3828 Gregorius

291 3833 629 3913 Asbestas,
707 3839 773 3897 et
842 3835 950 3898 alii
1012 3835 1477 3900 Photianarum
1547 3836 1829 3919 partium
1893 3838 2200 3923 episcopi,
2278 3842 2386 3925 qui
2456 3863 2598 3905 cum

290 3930 503 3994 libello
563 3929 770 3994 Roma
829 3932 1020 3995 misso
1079 3932 1476 3996 subscribere
1538 3932 1998 4017 Ignatiumque
2059 3957 2403 4020 agnoscere
2461 3940 2597 4003 nol·

289 4027 472 4107 lent„
499 4027 909 4091 anathemate
956 4031 1239 4110 percussi
1271 4031 1443 4093 sunt.
1489 4064 1577 4073 —
1621 4027 1705 4093 In
1736 4027 2032 4096 Sessione
2062 4035 2287 4097 octava
2324 4035 2597 4119 jubente

283 4120 709 4206 Imperatore,
758 4123 976 4189 omnia
1019 4125 1238 4189 Photii
1284 4127 1522 4209 scripta
1567 4131 1796 4190 contra
1841 4127 2172 4194 Nicolaum
2219 4131 2599 4203 Pontificem
