3270 5028
885 395 966 448 De
1004 393 1385 448 Decretalibus
1422 392 2002 447 Pseudo-IsidorianiS.
2497 393 2602 444 279

284 542 363 599 et
440 532 601 616 leyes
671 532 1155 613 ecclesiasticaS,
1234 556 1311 597 ex
1385 534 1617 617 quibus
1693 534 1999 618 supponit
2068 534 2229 597 'talia
2298 532 2603 596 mandata

191 637 224 654 “
281 631 519 709 fluere,
590 652 879 715 quasque
942 632 1024 695 ab
1085 630 1447 707 HadrianO,
1512 630 1613 693 vel
1679 630 1894 714 potius
1953 652 1992 695 a
2054 630 2362 712 scriptore
2425 627 2601 692 litte-

284 749 509 791 rarum
580 729 745 811 ejuS‚
818 725 985 810 finqi
1050 728 1150 791 vel
1223 725 1551 809 compilari
1616 727 1854 810 arguit.
1946 725 2265 790 Ultimum
2334 725 2601 788 verbum

280 821 680 907 (compilari)
754 827 970 908 potest
1043 824 1302 910 quidem
1375 828 1733 906 respectum
1807 822 2146 906 quemdam
2215 821 2453 885 habere
2521 821 2599 884 ad

286 919 975 998 Pseudo-DecretaleS‚
1027 923 1220 1005 juxta
1267 942 1426 1003 quas
1483 919 1617 983 illav
1644 920 1949 984 mandata
1996 920 2188 993 fiant3
2251 918 2401 981 dum
2451 939 2599 982 vero

283 1016 569 1081 fictionis
624 1018 951 1094 meminit,
1015 1017 1313 1103 designat
1370 1017 1545 1100 leges
1607 1017 1863 1100 ineptas
1924 1021 1988 1081 et
2047 1015 2378 1093 mandata,
2441 1037 2595 1099 quo-

282 1135 432 1177 rum
502 1114 756 1178 nullum
794 1115 906 1179 *sit
974 1114 1496 1188 fundamentum,
1574 1113 1684 1178 sed
1761 1135 1925 1197 quae
2003 1112 2343 1180 arbitrario
2410 1112 2598 1175 modo

280 1209 533 1274 Romae
580 1210 914 1275 cudantur.
1393 1201 1396 1202 ⁷

464 1308 568 1372 68.
617 1307 904 1388 Carolus·
931 1306 1062 1389 (vel
1107 1308 1323 1390 potius
1373 1306 1795 1389 Hincmarus)
1852 1309 1919 1371 in
1966 1329 2082 1371 sua
2127 1306 2397 1389 epistola
2441 1305 2599 1369 arti·

279 1403 428 1466 ficio
492 1403 768 1487 quodam
832 1405 1139 1490 polemico
1175 1407 1417 1480 ,utens‚
1485 1405 1818 1488 supponit,
1870 1404 2134 1468 ¹litteras
2194 1401 2402 1469 Roma
2460 1401 2596 1466 Ha-

281 1499 498 1563 driani
554 1501 811 1564 nomine
865 1501 1087 1566 missas
1142 1500 1312 1565 haud
1362 1500 1615 1584 quidem
1667 1500 1959 1583 falsatae,
2022 1504 2311 1564 attamen
2366 1503 2501 1564 non
2559 1522 2597 1563 a

219 1621 236 1634 ·
281 1596 462 1679 Papa
516 1596 629 1661 sed
689 1597 770 1660 ab
830 1598 956 1662 alio
1017 1598 1396 1680 compositas
1461 1618 1631 1680 esse,
1696 1618 1770 1661 ac
1811 1595 2194 1662 Pontificem
2255 1597 2337 1660 ob
2392 1598 2597 1661 multa

279 1693 551 1777 negotia
618 1716 755 1759 non
818 1694 976 1758 satis
1040 1693 1421 1771 attendisse,
1495 1716 1659 1777 quae
1721 1694 1791 1758 in
1860 1693 2018 1776 ipsis
2061 1693 2596 1792 ⁴continerentur.

283 1791 454 1854 Dein
511 1813 944 1882 magnacum
992 1791 1400 1855 vehementia
1455 1795 1521 1855 et
1579 1790 2001 1854 irreverentia
2055 1790 2303 1854 invehit
2357 1791 2428 1854 in
2485 1792 2594 1855 lit·

280 1892 455 1953 teras
508 1887 869 1971 Pontificis‚
930 1890 1196 1972 ejusque
1259 1887 1729 1952 admonitiones
1792 1891 1858 1950 et
1916 1886 2221 1951 mandata
2284 1891 2358 1951 ut
2411 1887 2594 1951 inau-

282 1986 449 2061 dita,
506 1986 751 2070 injusta
809 1988 876 2049 et
930 1985 1151 2068 inepta
1203 1984 1534 2048 traducit·
1600 1982 1785 2048 Inter
1841 1983 1968 2047 alia
2024 1983 2235 2067 quoad
2287 1984 2595 2049 mandata

279 2105 321 2146 a
386 2080 696 2146 Pontifice
754 2082 1137 2146 transmissa
1194 2081 1443 2144 scribit:
1521 2080 1853 2157 „Litterae
1911 2102 1989 2145 ex
2054 2080 2317 2145 nomine
2376 2085 2592 2145 vestro
2612 2143 2645 2186 c
2672 2085 2911 2160 Epistola·

281 2178 468 2242 nobis
514 2178 794 2242 directae
842 2228 855 2242 .
906 2226 921 2242 .
974 2227 987 2241 .
1034 2177 1325 2241 indebita
1369 2178 1812 2259 increpatione
1858 2199 1927 2242 os
1964 2183 2257 2241 nostrum
2305 2179 2591 2262 oppilare
2647 2147 2758 2188 ”⁰¹¹
2786 2149 2926 2194 (ΜΠ

278 2274 696 2355 studuerunt,
765 2297 985 2357 quum,
1053 2273 1174 2338 Dei
1234 2276 1471 2358 gratia,
1544 2275 1746 2339 libera
1805 2274 2009 2338 adhuc
2068 2274 2285 2340 fronte
2347 2276 2433 2340 de
2489 2276 2590 2340 his

276 2392 445 2456 quae
508 2372 693 2436 nobis
753 2392 868 2453 per
929 2370 1179 2435 litteras
1240 2392 1319 2434 ex
1379 2372 1642 2436 nomine
1701 2375 1913 2436 vestro
1975 2371 2249 2436 directas
2310 2374 2590 2457 impacta

278 2472 434 2533 sunt
479 2468 655 2552 loqui
701 2468 1039 2552 possimus.
1130 2466 1450 2551 Scriptum
1498 2471 1597 2533 est
1643 2468 1836 2534 etiam
1881 2469 1953 2534 in
2001 2469 2306 2554 praefatis
2353 2470 2590 2536 litteris

280 2565 468 2629 nobis
517 2587 594 2629 ex
640 2567 902 2630 nomine
947 2569 1158 2630 vestro
1205 2565 1461 2630 directis
1507 2565 1584 2629 de
1633 2566 1984 2630 Hincmaro
2029 2568 2150 2632 hoc
2186 2568 2398 2633 modo:
2475 2567 2587 2631 Vo-

282 2661 525 2741 lumus,
572 2666 633 2726 et
677 2661 1065 2726 auctoritate
1111 2660 1463 2743 apostolica
1491 2661 1832 2744 jubemus,
1886 2661 2104 2744 ipsum
2145 2663 2585 2731 Hincmarum

280 2756 787 2824 Laudunensem
842 2757 1206 2841 episcopum
1255 2762 1471 2823 vestra
1527 2757 1778 2840 fretum
1824 2759 2152 2841 potentia,
2215 2761 2301 2827 ad
2354 2761 2587 2827 limina

277 2859 654 2941 sanctorum
729 2858 1148 2937 nostramque
1212 2854 1432 2920 venire
1509 2854 1929 2920 clementiam.
2056 2856 2195 2936 Quo
2263 2877 2419 2923 sane
2485 2879 2584 2922 ve-

277 2952 521 3030 niente,
598 2950 819 3017 veniat
882 2950 1143 3033 pariter
1210 2955 1549 3017 accusator
1607 2951 1884 3017 ‘idoneus
1948 2952 2062 3033 qui
2124 2953 2311 3019 nulla
2376 2953 2587 3035 possit

278 3048 665 3115 auctoritate
723 3047 1014 3132 legitima
1064 3047 1320 3132 respui:
1372 3053 1432 3113 et
1491 3052 1648 3113 tunc
1697 3048 1772 3112 in
1829 3047 2204 3131 praesentia
2255 3055 2481 3114 nostra
2526 3055 2586 3114 et

278 3145 478 3210 totius
538 3144 706 3211 sedis
768 3145 1139 3225 Romanae,
1213 3145 1513 3228 synodali
1575 3145 1861 3228 collein,
1932 3166 2130 3212 eausa
2184 3145 2369 3213 illius
2419 3168 2584 3230 pru·

277 3240 454 3306 denti
520 3240 834 3307 ventilata
901 3240 1200 3309 examine
1266 3262 1342 3307 ao
1407 3242 1752 3327 diligenter
1815 3241 2179 3324 inquisita,·
2231 3243 2583 3309 secundum

249 3336 493 3403 ·Deum
549 3341 610 3402 et
657 3357 993 3403 sacrorum
1050 3357 1370 3404 canonum
1426 3337 1876 3411 institutiones
1932 3337 2191 3421 Spiritu
2246 3341 2379 3406 Dei
2426 3364 2581 3424 pro-

278 3434 461 3499 batas
508 3433 649 3500 sine
691 3433 1125 3518 protelatione
1170 3434 1395 3516 aliqua
1436 3435 1725 3515 finietur.
1773 3482 1789 3499 .
1837 3486 1850 3500 .
1902 3486 1917 3502 .
1964 3437 2170 3502 Valde
2216 3441 2431 3505 mirati
2479 3463 2580 3504 su·

276 3555 447 3609 mus,
506 3534 615 3597 ubi
674 3534 794 3599 hoc
850 3534 1125 3598 dictator
1178 3534 1485 3617 epistolae
1542 3534 1729 3598 nobis
1783 3554 1899 3617 per
1941 3534 2292 3599 Actardum
2351 3539 2581 3620 episco-

276 3653 423 3714 pum
491 3630 741 3698 delatae
805 3631 1110 3714 scriptum
1175 3631 1526 3709 invenerit,
1588 3649 1722 3694 esse
1784 3629 2171 3695 auctoritate
2207 3632 2580 3714 apostolica

271 3724 828 3808 praecipiendum,
883 3729 960 3791 ut
1003 3746 1122 3790 rea:
1165 3732 1485 3793 corrector
1536 3727 1908 3811 iniquorum
1956 3732 2022 3792 et
2067 3727 2393 3795 districtor
2440 3754 2579 3796 reo-

275 3846 413 3887 rum
472 3844 545 3888 ac
596 3824 947 3889 secundum
1003 3823 1177 3907 leges
1235 3824 1689 3890 ecclesiasticas
1742 3828 1938 3908 atque
1992 3826 2350 3892 mundanas
2409 3830 2579 3893 ultor

274 3921 610 3985 criminum
672 3942 849 3984 reum
907 3918 1200 4002 leqaliter
1259 3940 1335 3985 ac
1393 3918 1790 4004 requlariter
1841 3941 1970 4003 pro
2023 3922 2382 3988 excessibus
2439 3925 2580 3989 suis

273 4015 654 4081 damnatum
699 4016 977 4080 Romam
1023 4014 1333 4098 diriqatf‘
1378 4068 1391 4082 .
1442 4067 1458 4082 .
1507 4015 1638 4101 (En
1689 4018 1895 4102 legem
1942 4041 2132 4102 quam
2177 4020 2459 4086 traducit
2503 4028 2579 4086 ut

270 4111 657 4196 confictam.)
716 4146 797 4159 —
853 4114 1068 4191 „Quae
1123 4115 1178 4178 si
1223 4136 1354 4178 non
1415 4114 1491 4177 de
1550 4113 1769 4179 eodem
1822 4114 2168 4193 foramine,
2231 4117 2308 4182 de
2357 4119 2576 4183 eodem
