3270 5028
1086 410 1103 427 κ
1162 440 1245 493 De
1283 455 1447 493 causa
1484 437 1763 492 Rothadii.
2514 441 2623 491 249

303 581 542 645 litteris
603 580 967 664 apostolicis
1028 581 1331 645 remisit.·
1398 579 1555 644 Cum
1615 582 1752 662 ipso
1809 580 2144 662 deputavit
2200 586 2275 642 ut
2332 578 2616 662 legatum

242 738 257 750 ,
306 699 491 742 suum
550 679 621 741 in
668 676 944 742 Galliam
990 677 1333 741 Arsenium
1390 677 1757 759 episcopum
1801 676 2220 751 Hortensem,
2284 676 2466 759 eique
2513 676 2621 739 lit·

307 778 480 837 teras
541 773 721 838 dedit
775 773 855 837 ad
904 773 1198 838 Carolum
1262 793 1508 857 regem,
1571 772 1650 836 ad
1706 773 2030 856 episcopos
2080 771 2357 848 Galliae,
2423 777 2624 855 atque

310 871 388 934 ad
455 870 896 935 Hincmarum.
1000 869 1170 935 Huic
1229 869 1692 952 depositionem
1769 870 2053 933 minatus
2119 877 2246 945 est,
2319 870 2373 932 si
2445 869 2622 933 resti·
2686 878 2702 938 l

311 966 552 1031 tutioni
616 966 923 1032 Rothadii
994 988 1131 1031 sese
1203 970 1575 1049 opponeret.
1688 965 2049 1029 Rothadius
2113 989 2261 1031 vero
2336 967 2404 1029 in
2474 965 2625 1029 Gal-

308 1065 458 1127 liam
531 1063 727 1127 redux
796 1085 1018 1146 reapse
1087 1062 1167 1126 ab
1235 1062 1510 1127 Arsenio
1586 1064 1801 1146 legato
1869 1061 2202 1128 Pontificis
2274 1066 2344 1127 in
2412 1063 2622 1126 sedem

310 1160 880 1338 suamdresltitutus
928 1164 1053 1238 est,
1115 1181 1382 1243 eamque
1439 1181 1641 1244 usque
1689 1158 1768 1223 ad
1816 1160 2065 1223 obitum
2111 1182 2297 1224 suum
2364 1160 2625 1242 pacifice

310 1278 494 1340 posse
542 1257 609 1321 it.

489 1389 592 1453 36.
653 1388 819 1452 Illud
880 1387 1063 1452 modo
1122 1387 1454 1450 advertere
1503 1388 1793 1471 juvabit,
1854 1409 1931 1450 ex
1981 1386 2231 1451 Nicolai
2289 1386 2624 1451 Pontificis
2647 1394 2964 1464 Nicolai-prin-

313 1485 549 1550 litteris
604 1489 673 1548 et
716 1485 1124 1548 Allocutione
1177 1484 1245 1547 in
1305 1483 1642 1566 pervigilio
1699 1481 2077 1547 Nativitatis
2134 1481 2398 1547 Domini
2454 1466 2661 1547 annol
2740 1467 2868 1508 ΨΜ·

315 1586 443 1648 864
487 1582 710 1646 habita
739 1581 1020 1665 apprime
1066 1580 1303 1663 colligi,
1349 1601 1665 1664 quaenam
1712 1581 1849 1663 ipse
1879 1581 1946 1643 in
1978 1580 2362 1644 vindicanda
2409 1585 2626 1644 aucto·

311 1683 507 1744 ritate
570 1678 748 1743 Sedis
811 1677 1215 1760 Apostolicae
1280 1656 1594 1759 principia
1653 1683 1909 1741 secutus
1975 1678 2084 1755 sit3
2152 1699 2228 1740 ex
2292 1670 2664 1755 Hincmari²

315 1782 534 1841 autem
575 1776 894 1858 epistoliS,
951 1796 1079 1857 qua
1133 1774 1201 1836 in
1254 1794 1322 1836 re
1380 1793 1524 1835 cum
1572 1773 1837 1837 Nicolao
1891 1774 2315 1849 consenserit,
2373 1795 2500 1857 qua
2557 1758 2664 1836 in(

314 1897 384 1938 re
445 1871 914 1955 discrepaverit.
968 1874 973 1879 ’
1023 1868 1326 1933 Nicolaus
1399 1865 1465 1931 1⁰
1525 1871 1874 1934 universim
1933 1871 2285 1953 proclamat
2348 1867 2651 1955 auctori-

317 1974 514 2035 tatem
583 1972 644 2033 et
668 1964 1062 2051 privilegia
1131 1962 1314 2028 Sedis
1382 1968 1792 2049 Apostolicae
1869 1967 2146 2056 ιω
2217 1990 2355 2032 esse
2430 1948 2653 2051 &ip-s„

370 2040 519 2051 ...u—-a-vffl
528 2041 663 2050 -aae--—

317 2067 641 2132 Ecclesiae
685 2063 1053 2138 catholicae,
1099 2085 1171 2127 ac
1218 2063 1545 2126 munimen
1593 2064 2031 2147 episcoporum
2077 2070 2143 2127 et
2184 2086 2361 2128 arma
2408 2071 2628 2127 contra

319 2146 1059 2247 mssffiss‘
1127 2159 1230 2224 Sic
1275 2159 1496 2223 scribit
1544 2160 1775 2225 Carolo
1831 2162 1995 2245 regi:
2057 2158 2380 2238 Quomodo
2428 2163 2630 2241 puta-

320 2259 424 2341 tis,
472 2259 531 2323 si
577 2256 1032 2340 opportunitas
1076 2253 1387 2338 exeyerit,
1437 2259 1510 2320 ut
1550 2261 1760 2322 vestro
1807 2278 2031 2338 reym,
2079 2256 2311 2320 vestris
2357 2256 2633 2332 nisibuS,

318 2355 518 2421 vestri
563 2352 752 2436 reyni
796 2354 1072 2419 ecclesiis
1117 2350 1382 2433 aliquod
1416 2358 1826 2437 praestemus
1868 2354 2192 2433 solatium,
2242 2357 2358 2418 aut
2408 2357 2634 2417 contra

323 2452 731 2520 adversarios
775 2449 1197 2535 protectionis
1245 2450 1534 2537 clypeum
1584 2450 2031 2533 proferamus,
2090 2449 2147 2514 si
2194 2454 2512 2533 quantum
2559 2448 2632 2512 in

322 2550 523 2616 vestri
566 2549 755 2633 reqni
792 2548 1101 2632 partibus
1147 2555 1256 2630 est,
1303 2551 1608 2632 quoniam
1660 2548 1779 2614 illa
1828 2549 2194 2634 (privilegia
2246 2549 2421 2613 Sedis
2473 2551 2635 2631 Apo-

323 2649 608 2728 stolicae)
658 2646 918 2712 omnino
965 2645 1176 2712 scindi
1222 2669 1352 2713 non
1390 2651 1697 2731 possunt,
1756 2666 1829 2710 ea
1886 2666 1996 2709 vos
2054 2645 2471 2726 aliquatenus
2516 2643 2638 2707 mi-

322 2744 556 2810 norari
601 2743 868 2823 sinatis‘,
925 2742 1161 2825 quibus
1207 2745 1313 2808 usi
1350 2739 1576 2827 patres
1624 2742 1825 2807 vestri
1870 2763 2054 2806 omne
2099 2762 2373 2806 suarum
2422 2739 2639 2823 diqni-

326 2847 536 2908 tatum
577 2839 1075 2920 incrementum,
1132 2861 1504 2923 omnemque
1540 2839 1822 2922 yloriani
1860 2837 2339 2921 perceperunt?
2414 2836 2690 2966 Prin-k

327 2939 495 3023 Zeyia
541 2958 819 3019 namque
865 2937 1205 3002 Romanae
1260 2937 1552 3001 ecclesiae
1608 2934 1809 3000 totius
1862 2940 2019 3001 sunt
2070 2932 2351 3012 Christi,
2411 2937 2487 2996 ut
2539 2932 2638 2995 ita
2691 2965 2700 2974 =

325 3036 647 3115 dicamuS,
708 3034 992 3099 remedia
1058 3032 1352 3098 ecclesiae
1404 3031 1769 3098 catholicae.
1889 3029 2278 3113 Privileyia,
2344 3029 2641 3109 inquam,

327 3131 515 3199 Petri
560 3151 750 3197 arma
794 3135 951 3196 sunt
997 3135 1225 3196 contra
1259 3151 1474 3195 omnes
1517 3130 1800 3211 impetus
1835 3127 2268 3210 pravitatum,
2317 3130 2378 3189 et
2423 3124 2639 3188 muni-

328 3234 547 3295 menta
593 3233 787 3311 atque
817 3228 1196 3292 documenta
1227 3225 1503 3292 Domini
1536 3225 1975 3303 Sacerdotitm,
2024 3227 2084 3288 et
2123 3221 2413 3288 omnium
2444 3241 2645 3302 pror-

329 3348 443 3391 sus
495 3325 609 3409 qui
667 3324 741 3391 in
802 3323 1200 3390 sublimitate
1264 3322 1655 3402 consistunt,
1715 3322 1846 3387 imo
1909 3324 2317 3398 cunctorum,
2381 3317 2495 3399 qui
2560 3316 2644 3381 ab

327 3424 556 3489 iisdem
575 3421 1010 3506 potestatibus
1039 3420 1311 3486 diversis
1338 3418 1731 3502 afficiuntur
1759 3415 2251 3490 incommodis.²)
2283 3454 2371 3463 -—
2403 3415 2474 3479 2⁰
2500 3414 2640 3479 Sta·
2671 3442 2680 3532 1

330 3524 488 3596 tuit,
546 3543 692 3585 eum
738 3522 850 3605 qui
898 3519 1246 3603 appellavit
1291 3519 1370 3582 ad
1417 3517 1643 3583 Sedem
1695 3517 2139 3601 Apostolicam
2187 3536 2304 3579 nee
2349 3512 2643 3597 impediri

335 3640 519 3704 posse
564 3618 814 3703 legibus
861 3616 1181 3692 civilibus,
1245 3637 1361 3683 nec
1415 3638 1637 3699 posse,
1695 3618 1947 3679 mutata
2001 3611 2354 3687 sententia,
2414 3609 2493 3674 ad
2540 3610 2640 3672 in-

332 3717 597 3781 feriores
653 3716 887 3779 iterum
947 3735 1014 3777 se
1073 3718 1319 3776 vertere
1367 3708 1693 3797 judiees.³)
1740 3746 1828 3755 —-—
1870 3709 1940 3775 3⁰
1991 3707 2264 3786 Statuit,
2322 3707 2650 3796 episcopos

517 3938 557 4006 ¹)
596 3938 704 3992 Cfr.
741 3936 936 3992 Hefele
973 3935 1031 3989 O.
1072 3937 1133 3988 G.
1174 3935 1268 3988 IV.
1309 3935 1393 4003 ἓξ.
1431 3938 1552 3989 468.
1590 3938 1712 3991 472.
1749 3937 1871 3988 473.

518 4017 564 4083 ²)
604 4016 819 4071 Nicolai
857 4031 937 4083 cp.
979 4015 1149 4068 XXX.
1189 4031 1272 4082 ap.
1311 4014 1495 4068 Labbe
1522 4014 1679 4068 VIII.
1716 4016 1838 4065 409.

516 4097 559 4164 ⁸)
596 4099 661 4150 V.
701 4094 914 4149 Nicolai
940 4093 1356 4160 Allocutionem‚
1396 4098 1453 4148 et
1490 4093 1781 4161 epistolam
1819 4091 1887 4144 ad
1926 4090 2175 4145 Carolum
2212 4103 2424 4157 regem3
2463 4087 2651 4140 Labhc·

334 4178 492 4231 VIII.
531 4179 649 4231 789.
687 4177 805 4228 791.
