3270 5028
1046 429 1129 484 De
1169 429 1405 493 divortio
1443 430 1697 484 Lotharii
1733 431 1900 499 regis.
2525 436 2631 487 237

311 572 504 636 simili
550 572 834 649 ratione,
891 572 986 636 uti
1035 572 1128 636 illi
1174 571 1529 655 praesules,
1588 572 1881 636 sensisse.
1974 572 2075 636 Ad
2135 595 2280 637 eum
2329 573 2626 638 videlicet

310 669 387 733 de
449 690 642 733 causa
702 668 994 733 Lotharii
1056 670 1466 752 quaestiones
1521 669 1730 732 varias
1797 670 2109 733 miserunt
2172 670 2470 754 „quidam
2537 693 2615 734 ex
2694 668 2938 772 fflffiffffl

310 765 765 844 ecclesiastico,
818 763 1070 849 quidam
1120 786 1269 828 vero
1316 785 1395 828 ex
1433 763 1644 829 laicali
1691 764 1939 843 ordine,
2004 772 2071 830 et
2113 788 2229 849 pro
2276 766 2469 832 officii
2515 769 2608 831 sui

309 864 447 927 loco
493 884 566 926 ac
610 882 727 945 pro
770 860 1101 946 religionis
1131 861 1359 925 merito
1403 881 1523 924 nec
1565 883 1700 925 non
1746 865 1810 925 et
1852 884 1968 944 pro
2012 862 2369 928 devotionis
2415 846 2613 944 atque

313 959 670 1024 nobilitatis
732 980 887 1022 suae
941 959 1118 1021 cultu
1178 979 1311 1022 non
1370 958 1880 1022 contemnendae
1941 981 2269 1042 personae.
2278 959 2382 1039 ⁶⁶¹)
2483 960 2621 1025 Has

312 1077 612 1139 personas
658 1055 852 1119 fuisse
894 1055 1064 1137 ipsos
1109 1052 1431 1136 episcopos
1469 1054 1709 1118 aliosve
1757 1077 2047 1138 proceres
2093 1058 2279 1140 regni
2313 1056 2632 1139 Lotharii‚

311 1154 465 1217 alibi
513 1152 899 1216 Hincmarus
944 1151 1101 1215 satis
1148 1150 1405 1215 indicat.
1411 1146 1466 1233 2)
1557 1150 1656 1214 De
1703 1161 1990 1235 tempore
2043 1174 2171 1238 quo
2214 1146 2658 1237 quaestiones

310 1250 460 1313 illae
527 1246 607 1311 ad
666 1247 1091 1311 Hincmarum
1154 1245 1429 1310 directae
1493 1245 1657 1328 sint,
1730 1251 1795 1311 et
1856 1247 2244 1314 Hincmarus
2300 1271 2490 1313 suum
2551 1248 2631 1313 de

310 1342 620 1410 Letharii
672 1341 953 1408 divortio
1006 1343 1242 1406 librum
1309 1343 1699 1427 exaraverit,
1760 1366 1889 1408 non
1948 1368 2077 1409 una
2141 1352 2237 1410 est
2286 1350 2625 1421 ,auctorum

310 1441 545 1526 opinio.
640 1440 766 1507 Sed
812 1440 1028 1505 solidis
1085 1439 1442 1504 rationibus
1497 1442 1865 1523 nuperrime
1925 1446 2177 1520 auctor,
2234 1443 2342 1526 qui
2389 1442 2466 1506 de
2511 1444 2628 1507 illo

308 1540 641 1605 Hincmari
690 1560 879 1621 opere
911 1537 1160 1601 erudite
1191 1535 1462 1619 scripsit,
1514 1537 1879 1619 probavisse
1912 1539 2096 1603 nobis
2128 1539 2399 1616 videtur,
2447 1561 2622 1605 anno

310 1638 437 1702 860
497 1639 642 1719 post
707 1637 973 1698 alteram
1040 1631 1354 1716 synodum
1415 1633 2009 1717 Aquisgranensem
2075 1636 2477 1718 quaestiones
2542 1636 2625 1701 ad

308 1732 729 1797 Hincmarum
801 1731 1024 1795 missas
1089 1730 1321 1805 fuisse,
1392 1728 1739 1813 eodemque
1804 1752 1975 1795 anno
2040 1733 2122 1795 ab
2186 1732 2321 1815 ipso
2384 1733 2622 1797 librum

308 1831 491 1894 illum
539 1850 675 1893 esse
722 1823 1165 1908 confectum.⁸)

487 1945 588 2007 19.
659 1941 1043 2005 Hincmarus
1109 1940 1309 2024 igitur
1375 1941 1631 2004 modum
1698 1962 1826 2025 quo
1894 1942 2060 2005 actio
2130 1948 2354 2007 contra
2423 1943 2620 2008 Teut-

308 2045 571 2126 bergam
629 2039 934 2102 instituta
989 2036 1116 2100 fuit
1171 2038 1458 2121 graviter
1511 2037 1806 2121 sugillat,
1864 2039 2133 2102 crimina
2187 2040 2243 2102 ei
2302 2041 2624 2122 imputata

309 2139 681 2203 nullatenus
756 2135 1027 2217 probata
1100 2135 1417 2218 agnoscit,
1468 2133 1596 2199 sed
1668 2135 1941 2199 conficta
2000 2135 2226 2213 habet,
2297 2138 2615 2201 rationem

306 2235 540 2321 agendi
619 2231 985 2316 praesulum
1055 2231 1123 2294 in
1191 2230 1434 2295 duabus
1502 2231 1822 2314 prioribus
1888 2232 2149 2314 synodis
2217 2234 2618 2318 Aquisgrani

306 2333 543 2397 habitis
609 2329 841 2394 acriter
911 2327 1351 2411 reprehendit,
1422 2332 1490 2392 et
1551 2328 1867 2410 postulat,
1937 2332 2013 2391 ut
2079 2329 2264 2393 modo
2325 2330 2620 2414 legitimo

308 2429 521 2516 gravis
585 2428 698 2491 illa
765 2447 954 2489 causa
1025 2427 1360 2488 tractetur.
1471 2421 1598 2487 Sed
1661 2424 1987 2507 proposita
2055 2427 2248 2489 etiam
2307 2431 2445 2490 erat
2498 2427 2620 2510 hy·

308 2527 628 2611 pothetice
660 2524 1011 2588 Hincmaro
1043 2519 1334 2602 quaestio
1353 2519 1555 2602 juriS,
1600 2522 1899 2586 videlicet
1929 2523 2443 2612 interrogatione
2481 2526 2611 2589 12⁸:

310 2621 386 2687 Si
422 2620 812 2704 deprehensa
853 2616 1063 2701 fuerit
1091 2616 1245 2681 haec
1275 2620 1427 2681 ante
1457 2616 1833 2700 conjuyium
1864 2617 2146 2682 crimina
2182 2623 2615 2700 perpetrasse,

306 2723 532 2785 utrum
574 2717 649 2783 iri
695 2716 994 2800 conjuyio
1039 2713 1260 2779 debeat
1304 2716 1423 2778 aut
1453 2712 1668 2778 valeat
1702 2714 2183 2796 permanere;⁴)
2231 2722 2296 2780 et
2340 2718 2618 2781 interro·

306 2818 569 2901 gatione
621 2817 750 2878 19⁸:
800 2811 877 2877 Si
918 2811 1066 2894 ipsa
1111 2808 1498 2875 criminibus
1543 2809 1822 2875 obnoxia
1865 2810 1941 2875 de
1987 2811 2222 2893 quibus
2268 2816 2622 2893 reputatur

304 2914 574 2979 inventa
613 2910 850 2994 fuerit,
908 2912 1136 2972 utrum
1178 2905 1348 2971 idem
1392 2926 1513 2971 rex
1563 2906 1757 2971 alteri
1805 2907 2091 2989 feminae
2143 2908 2452 2992 conjunyi
2496 2929 2614 2973 va·

306 3009 505 3095 leat.⁵)
572 3010 958 3074 Hincmarus
1001 3026 1143 3069 cum
1191 3003 1461 3089 quadam
1504 3004 1884 3069 eruditionis
1932 3006 2364 3070 ostentatione
2419 3027 2614 3089 quae·

305 3110 549 3173 stiones
608 3106 752 3171 illas
799 3101 1088 3179 discutit,
1150 3099 1259 3163 sed
1313 3100 1486 3164 haud
1542 3101 1727 3164 valde
1787 3103 1974 3166 clare.
2080 3100 2325 3166 Statuit
2368 3106 2648 3216 tamemf

303 3206 357 3270 si
405 3209 552 3289 post
595 3199 1076 3267 matrimonium
1133 3197 1419 3279 legitime
1472 3197 1705 3260 initum
1754 3199 1961 3262 carnis
2012 3203 2300 3281 peccata,
2362 3199 2460 3262 uti
2506 3199 2632 3286 ad-‚f

308 3303 608 3367 ulterium
647 3300 749 3363 vel
793 3299 1076 3362 incestus
1124 3294 1630 3370 committantur,
1681 3295 2072 3360 matrimonii
2103 3295 2430 3360 vinculum
2480 3301 2629 3368 non‘,

306 3401 545 3481 rumpi3
594 3398 858 3480 ejusque
885 3388 1519 3455 indissolubilitatem
1555 3389 1723 3453 bene
1757 3390 2052 3456 vindicat.
2131 3388 2254 3455 Sed
2283 3413 2362 3455 ex
2410 3393 2647 3457 altera.

487 3621 530 3693 ¹)
568 3622 650 3676 Dc
671 3617 909 3674 divortio
929 3615 1195 3681 Lotharii,
1233 3615 1409 3669 Praef.
1439 3632 1524 3683 ap.
1552 3616 1802 3670 Sirmond
1824 3617 2105 3671 Hincmari
2135 3633 2253 3685 opp.
2278 3623 2316 3671 t.
2344 3616 2391 3671 Ι.
2418 3634 2469 3685 p.
2492 3620 2618 3671 565.

482 3702 524 3771 ²)
564 3702 631 3754 In
668 3698 900 3766 epistola
937 3699 1005 3750 ad
1042 3695 1407 3763 Hildegarum
1444 3695 1751 3763 episcopum
1779 3696 2112 3751 Meldensem
2145 3696 2271 3749 libri
2293 3696 2377 3749 sui
2401 3702 2614 3764 partem

306 3800 411 3852 qua
449 3783 515 3835 de
556 3778 780 3834 ordaliis
819 3777 940 3846 agit
977 3774 1197 3841 inserit,
1245 3773 1593 3843 advertitque
1645 3791 1703 3830 se
1745 3775 2067 3843 „scripsisse
2111 3776 2180 3829 ad
2222 3774 2616 3843 interrogatio-

304 3879 430 3917 nem
475 3861 706 3915 fratrum
757 3863 814 3912 et
860 3856 1297 3924 coepiscoporum
1344 3862 1656 3911 nostrorum
1712 3856 1778 3909 de
1827 3870 2000 3923 regno
2053 3854 2323 3922 quondam
2372 3854 2612 3921 junioris

305 3936 602 3996 Lotharii.“
679 3935 814 4005 Opp.
852 3933 1133 3989 Hincmari
1171 3933 1245 3991 H.
1285 3941 1404 3992 676.

485 4019 525 4086 ⁸)
561 4018 628 4072 V.
664 4016 917 4082 Sdralek,
962 4015 1280 4071 Hinkmar's
1328 4033 1436 4073 von
1472 4012 1699 4069 Rheims
1745 4012 2110 4068 kanonisches
2160 4012 2469 4067 Gutachten
2507 4018 2619 4076 etc,

301 4100 347 4154 I.
387 4098 567 4163 Thess,
605 4096 653 4165 ξ.
694 4099 742 4150 1.

478 4177 526 4246 ⁴)
564 4176 777 4229 Hincm.
817 4191 938 4243 opp.
974 4176 1019 4230 I.
1057 4192 1108 4242 p.
1148 4177 1267 4229 626.
1589 4171 1634 4240 ⁶)
1673 4171 1882 4227 Ibidem
1918 4188 1970 4239 p.
2009 4173 2127 4224 667.
