3270 5028
592 538 601 671 ,ἑή-κ

650 411 752 467 196
1188 409 1272 462 De
1307 408 1542 476 Imperio
1582 414 1640 463 et
1676 410 1742 464 de
1776 409 2027 464 Ecclesia
2066 424 2204 463 saec.
2244 424 2403 464 nono.

649 550 878 635 Magni
925 573 1122 635 quum
1168 550 1443 636 legitimi
1492 551 1837 616 Pontifices
1883 573 2016 615 non
2062 551 2459 629 resciderint,
2505 553 2771 635 ejusque
2818 552 2969 616 cul·

648 652 787 712 tum
854 648 1306 721 toleraverint,
1375 646 1666 730 publicus
1733 645 1948 712 Caroli
2007 646 2095 712 M.
2164 650 2372 713 cultus
2433 648 2504 711 in
2569 646 2962 732 quibusdam

608 764 612 771 ·
649 743 1052 821 Germaniae,
1102 742 1347 808 Galliae
1394 748 1461 808 et
1505 743 1713 829 Belgii
1765 743 2041 809 ecclesiis
2086 748 2381 810 retentus
2423 744 2566 809 fuit.

350 1466 498 1510 Caroli
526 1466 586 1507 M.

385 1542 555 1572 uxores.

528 1603 575 1675 ,X

323 3528 484 3571 Laxior
512 3527 639 3570 disci·

412 3590 546 3643 plina.

819 879 922 946 33.
969 881 1240 966 Magnas
1304 881 1503 946 fuisse
1561 880 1776 946 Caroli
1844 880 2117 944 virtutes
2178 888 2245 944 et
2311 880 2543 945 eximia
2601 880 2666 943 in
2733 880 2963 945 Eccle-

647 980 805 1042 siam
869 979 1101 1057 merita
1164 978 1387 1062 negari
1457 999 1591 1042 non
1662 982 1905 1061 potest3
1987 978 2039 1041 si
2108 998 2259 1042 vero
2291 1053 2297 1057 .
2324 978 2537 1060 aliqua
2606 980 2964 1042 occurrunt

646 1075 716 1138 in
774 1075 910 1137 vita
980 1075 1118 1157 ejus
1173 1073 1386 1138 minus
1455 1074 1817 1156 probanda,
1880 1077 2005 1139 ista
2059 1098 2212 1140 sane
2270 1075 2350 1139 ab
2400 1056 2949 1161 Ecclesiaj'nulla-

645 1176 838 1235 tenus
911 1169 1468 1248 commendantur,
1560 1192 1681 1234 nec
1754 1176 1975 1236 tamen
2050 1178 2388 1256 propterea
2466 1170 2687 1235 eadem
2761 1176 2962 1235 tene-

652 1268 840 1332 batur
895 1265 1274 1330 interdicere
1332 1266 1571 1330 cultum
1631 1271 1785 1350 ejus·
1878 1268 2206 1352 Praecipua
2262 1268 2552 1350 exceptio
2609 1288 2772 1350 quae
2818 1289 2955 1331 mo·

644 1369 834 1429 vetur
905 1368 1132 1427 contra
1199 1363 1614 1426 sanctitatem
1682 1362 1891 1429 Caroli
1965 1387 2039 1428 ea
2110 1368 2237 1441 est,
2315 1363 2485 1447 quod
2558 1363 2796 1451 amq-¹2.-
2811 1363 2962 1445 {Uir

646 1461 913 1545 citgmiffin*
952 1459 1240 1547 &femin-as
1304 1458 1665 1523 indulserit.
1735 1496 1810 1505 —
1884 1460 1947 1524 A
2009 1460 2200 1525 variis
2270 1444 2668 1524 auctoribiffs*
2701 1461 2968 1544 agitata

647 1559 774 1621 fuit
841 1546 1128 1640 quaestio
1197 1553 1273 1618 de
1344 1553 1558 1619 Caroli
1633 1555 1721 1620 M.
1810 1558 2109 1622 uxoribus
2191 1561 2257 1622 et
2333 1557 2711 1622 concubinis
2784 1579 2963 1640 quae

645 1657 1094 1731 recensentur,
1154 1674 1226 1716 ac
1270 1652 1485 1716 variae
1545 1656 1703 1716 sunt
1749 1652 1825 1716 de
1871 1675 1940 1717 re
1987 1655 2259 1718 obscura
2303 1654 2689 1717 sententiae.
2778 1650 2969 1717 Sunt-

646 1752 757 1834 qui
824 1753 1041 1833 aperte
1097 1747 1398 1813 Carolum
1450 1748 1537 1812 M.
1591 1749 2106 1814 incontinentiae
2166 1754 2497 1824 accusant3
2561 1750 2670 1813 alii
2732 1754 2958 1814 tamen

647 1847 728 1912 ob
794 1867 1019 1930 graves
1089 1845 1372 1910 rationes
1430 1867 1570 1908 rem
1631 1845 1725 1910 ita
1783 1847 2139 1929 explicant3
2211 1852 2286 1912 ut
2346 1847 2450 1911 vel
2510 1847 2690 1910 nulla
2750 1847 2968 1912 fuerit-

646 1943 1056 2027 Imperatoris
1133 1943 1315 2025 culpa
1405 1942 1507 2007 vel
1573 1943 1803 2006 saltem
1873 1945 2145 2008 multum
2219 1947 2577 2009 excusetur.
2668 1943 2960 2008 Censent

646 2041 849 2125 igitur
919 2039 985 2102 hi
1059 2044 1378 2116 auctoreS,
1461 2039 1605 2103 illas
1682 2039 1873 2104 etiam
1945 2040 2217 2107 feminas
2289 2062 2454 2125 quae
2529 2041 2966 2104 nominantur

649 2137 1076 2212 concubinae,
1148 2157 1380 2200 uxores
1449 2136 1647 2199 fuisse
1713 2136 2067 2218 legitimas,
2138 2138 2248 2201 sed
2313 2138 2673 2221 inaequalis
2738 2138 2968 2214 condi-

648 2233 873 2308 tionis3
975 2231 1285 2316 ejusmodi
1383 2233 1625 2296 scilicet
1725 2234 2031 2296 uxoribus
2122 2256 2368 2298 nomen
2450 2236 2955 2300 concubinarum

649 2330 1027 2412 frequenter
1105 2329 1323 2392 datum
1400 2351 1534 2393 esse
1612 2334 1884 2394 constat.
1976 2329 2434 2394 Dimissionem
2504 2331 2757 2414 'quidem
2828 2331 2967 2414 pri-

650 2449 792 2490 mae
856 2426 1074 2491 uxoris
1142 2430 1207 2489 et
1269 2425 1657 2489 connubium
1721 2448 1865 2490 cum
1926 2427 2303 2491 Desiderata
2357 2428 2516 2492 vitio
2576 2450 2708 2493 non
2771 2450 2957 2491 caru-

648 2527 806 2603 isse,
899 2524 1010 2588 sed
1100 2545 1251 2587 mox
1343 2523 1643 2588 Carolum
1730 2525 1810 2588 ob
1901 2526 2150 2589 monita
2228 2521 2542 2607 Stephani
2609 2523 2965 2594 ⁴Pontificis

648 2624 890 2707 rejecta
968 2620 1345 2684 Desiderata
1430 2621 1788 2705 legitimam
1876 2644 2140 2686 uxorem
2223 2619 2644 2707 sumpsisse.¹)
2733 2620 2959 2698 Quoad

649 2720 928 2803 reliquas
992 2722 1260 2781 censent
1318 2717 1592 2780 feminas
1660 2740 1792 2781 rem
1858 2718 1951 2781 ita
2005 2717 2357 2794 habuisse„
2404 2723 2474 2783 ut
2539 2724 2755 2783 essent
2813 2740 2962 2782 suc-

651 2817 886 2881 cessive
952 2813 1161 2880 Caroli
1222 2834 1454 2877 uxores
1516 2813 1867 2897 legitimae,
1931 2816 2218 2897 quamvis
2280 2816 2673 2879 concubinae
2739 2816 2958 2899 plures

652 2918 982 2978 vocentur.
1050 2911 1292 2993 Atque
1349 2910 1469 2988 ita,
1543 2912 1825 2993 exceptis
1890 2912 2360 2975 adolescentiae
2414 2914 2659 2994 naeviS,
2730 2912 2966 2977 Carolo

652 3008 1230 3094 transgressionem
1321 3006 1638 3071 castitatis
1730 3008 1922 3093 objici
2016 3031 2147 3072 non
2233 3030 2437 3091 posse.
2538 3010 2715 3085 Quod
2804 3030 2964 3072 vero-

654 3109 866 3191 plures
935 3105 1287 3169 successive
1360 3125 1587 3168 uxores
1661 3104 1950 3187 duceret,
2031 3104 2094 3167 id
2163 3107 2302 3188 lege
2367 3106 2715 3170 christiana
2782 3105 2963 3168 haud
3046 3162 3052 3170 .

654 3202 1006 3287 prohiberi,
1069 3222 1186 3265 nec
1240 3200 1589 3284 improbari
1653 3223 1865 3283 posse,
1933 3224 2132 3285 quum
2200 3223 2274 3265 eo
2336 3224 2524 3286 scopo
2587 3203 2652 3265 id
2711 3202 2955 3277 fecerit,

654 3303 729 3363 ut
773 3299 895 3363 sibi
941 3299 1161 3362 multis
1205 3297 1502 3381 periculis
1551 3298 1861 3379 expositO,
1912 3303 1978 3363 et
2023 3298 2304 3363 familiae
2350 3299 2515 3363 bene
2562 3296 2966 3364 ordinandae

652 3392 1032 3481 provideret.

837 3514 941 3578 34.
991 3512 1162 3577 Scite
1215 3516 1436 3575 tamen
1485 3531 1816 3573 censemus
1864 3501 2287 3574 animadverti
2326 3531 2364 3573 a
2414 3510 2487 3574 cl.
2535 3509 2959 3594 Damberger,

658 3610 987 3694 probabile
1067 3629 1233 3685 esse,
1318 3630 1356 3671 a
1430 3606 1659 3671 Carolo
1749 3608 1944 3671 etiam
2014 3607 2571 3672 consentientibus
2648 3606 2965 3691 episcopis

804 3837 844 3905 1)
882 3835 1121 3889 Primam
1174 3849 1396 3889 uxorem
1446 3834 1628 3901 plures
1682 3840 1931 3888 auctores
1980 3833 2151 3888 fuisse
2202 3834 2520 3909 existimant
2554 3833 2968 3899 Himiltrudem,

664 3916 760 3971 alii
802 3930 933 3969 vero
987 3919 1239 3980 censent,
1288 3929 1352 3969 eo
1402 3919 1647 3982 tempore
1684 3914 1938 3968 Carolum
1975 3929 2166 3967 revera
2200 3919 2419 3981 praeter
2454 3912 2739 3981 legitimae
2774 3912 2961 3965 uxoris

659 3994 1009 4060 consortium,
1049 3993 1212 4047 etiam
1249 4009 1362 4048 rem
1398 3993 1657 4047 habuisse
1695 4009 1814 4046 cum
1848 3991 2032 4060 aliqua
2066 3993 2382 4058 concubina,
2422 3992 2507 4045 cui
2543 4007 2739 4045 nomen
2764 3989 2963 4044 Himil-

657 4074 851 4129 trudis,
922 4074 992 4128 V.
1031 4072 1236 4127 Civilta
1273 4072 1481 4138 cattol.,
1525 4072 1588 4125 L'
1626 4072 1819 4126 ultimo
1860 4072 1944 4125 dei
1982 4073 2064 4127 Re
2098 4072 2465 4141 Longobardi‚
2504 4070 2614 4126 Ser.
2655 4071 2721 4124 V.
2761 4069 2870 4124 vol.
2911 4072 2970 4132 5.

658 4172 710 4222 p.
745 4156 866 4207 403.
904 4182 973 4189 ——
1012 4152 1119 4206 Cir.
1158 4152 1322 4206 dictis
1359 4157 1546 4207 notam
1582 4156 1829 4206 nostram
1864 4154 1915 4217 2,
1953 4168 2005 4218 p.
2043 4153 2158 4206 198.
