3270 5028
645 454 748 509 116
1170 455 1318 509 XIV.
1356 455 1439 510 De
1477 455 1629 510 civili
1667 457 1733 512 R.
1769 457 2055 512 Pontificis
2092 458 2421 526 principatu.

638 594 1197 680 septinyentesimo
1275 595 1671 679 sexagesimo
1745 597 2039 680 septimo,
2126 599 2519 684 temporibus
2582 601 2948 684 felicissimi

638 697 831 776 atque
877 690 1410 772 tranquillissimi
1466 697 1526 757 et
1581 693 1882 759 catholici
1921 695 2157 777 Pipini
2212 696 2387 780 reyis
2429 697 2844 764 Francorum
2887 704 2952 763 et
3017 718 3020 721 ’

626 788 906 874 patricii
950 788 1433 868 Romanorum,
1487 788 1616 869 filii
1670 789 1889 856 beatae
1944 793 2291 858 memoriae
2351 794 2676 876 quondam
2730 794 2948 860 Caroli

627 885 984 970 principis,
1043 903 1218 948 anno
1275 883 1645 967 felicissimi
1698 887 1887 970 reyni
1940 888 2082 971 ejus
2135 889 2208 954 in
2262 889 2394 954 Dei
2453 891 2714 956 nomine
2770 896 2948 956 sexto

531 1035 535 1039 .
637 983 902 1063 decimo,
968 978 1324 1046 indictione
1390 981 1657 1063 quinta,
1733 988 1793 1048 et
1869 984 2159 1064 filiorum
2234 987 2401 1069 ejus,
2477 989 2952 1070 eorundemque

636 1101 863 1164 requm
893 1078 1325 1158 Francorum,
1378 1077 1596 1144 Caroli
1642 1084 1703 1144 et
1739 1079 2200 1146 Carolomanni
2231 1133 2242 1146 .
2283 1133 2295 1144 .
2332 1133 2346 1147 .
2392 1104 2568 1150 anno
2609 1085 2799 1149 tertio
2844 1086 2945 1150 de-

638 1177 817 1242 cimo.
873 1214 963 1221 -—
1019 1177 1194 1241 Nam
1247 1172 1386 1258 ipse
1427 1176 1809 1258 praedictus
1855 1176 2158 1244 Domnus
2210 1179 2714 1259 florentissimus
2759 1181 2946 1265 Pipi—

541 1326 545 1347 ,
637 1294 791 1354 nus,
845 1295 966 1339 reoc
1000 1275 1187 1357 pius,
1234 1295 1361 1357 per
1407 1272 1862 1339 auctoritatem
1916 1277 1977 1337 et
2029 1275 2379 1356 imperium
2435 1281 2696 1343 sanctae
2738 1298 2948 1343 recor·
3021 1326 3028 1327 f

637 1369 926 1435 dationis
969 1371 1223 1459 Domni
1266 1369 1662 1452 Zachariae..
1683 1390 1901 1453 papae
1958 1373 2019 1434 et
2073 1371 2442 1438 unctionem
2506 1373 2717 1439 sancti
2779 1373 2945 1438 chri-

638 1466 868 1532 smatis
901 1489 1028 1551 per
1069 1489 1310 1535 manus
1359 1467 1692 1533 beatorum
1737 1467 2138 1532 sacerdotum
2177 1467 2551 1535 Galliarum
2599 1474 2659 1534 et
2704 1469 2948 1534 electio·

637 1585 783 1629 nem
836 1565 1126 1630 omnium
1181 1565 1596 1630 Francorum
1652 1563 1864 1629 tribus
1912 1563 2111 1629 annis
2166 1569 2362 1631 antea
2410 1566 2486 1633 in
2545 1566 2733 1650 reyni
2790 1567 2952 1631 solio

635 1660 1024 1727 sublimatus
1096 1667 1204 1726 est.
1329 1660 1563 1725 Postea
1625 1659 1912 1768 Pipinus
1973 1681 2098 1742 per
2164 1682 2401 1727 manus
2466 1663 2748 1746 ejusdem
2804 1663 2947 1728 Ste-

589 1735 842 1841 phani
887 1757 1257 1840 Pontificis,
1312 1758 1415 1823 die
1453 1778 1614 1838 uno,
1672 1757 1746 1823 in
1794 1756 2126 1822 beatorum
2160 1759 2650 1841 praedictorum
2698 1748 2943 1842 marty-

635 1874 787 1918 rum
835 1852 1178 1936 Dionysii,
1225 1852 1490 1920 Rustici
1534 1857 1593 1918 et
1640 1852 2011 1918 Eleutherii
2056 1855 2344 1936 ecclesia,
2408 1855 2521 1922 ubi
2568 1862 2626 1921 et
2684 1878 2945 1922 venera-

641 1949 790 2014 bilis
843 1949 949 2013 vir
1004 1950 1334 2016 Folraolus
1389 1949 1909 2032 archipresbyter
1964 1954 2023 2013 et
2088 1950 2284 2016 abbas
2336 1973 2468 2017 esse
2522 1952 2948 2037 cognoscitur,

639 2046 714 2111 in
773 2066 985 2129 reqem
1046 2052 1107 2112 et
1154 2047 1518 2130 patricium
1579 2065 1716 2111 una
1782 2067 1923 2110 cum
1984 2047 2339 2130 praedictis
2388 2049 2549 2129 filiis
2605 2048 2833 2115 Carolo
2888 2054 2951 2113 et

646 2140 1117 2209 Carolomanno
1161 2148 1397 2210 unctus
1443 2147 1504 2208 et
1563 2141 1926 2208 benedictus
1972 2149 2080 2208 est.
2142 2183 2217 2191 —-
2267 2146 2415 2238 Ipsa
2461 2148 2748 2232 epitheta
2801 2146 2949 2229 feli·

643 2237 905 2320 cissimi,
949 2240 1414 2321 florentissimi,
1467 2238 2001 2321 tranquillissimi
2037 2242 2342 2307 indicium
2391 2247 2713 2309 internum
2764 2267 2948 2327 prae-

642 2338 827 2413 bent,
884 2339 1256 2420 scriptorem
1305 2338 1537 2422 Pipino
1595 2359 1731 2401 esse
1788 2348 2245 2421 coaetaneum,
2304 2363 2423 2404 nec
2481 2342 2691 2405 minus
2750 2364 2825 2406 ex
2874 2363 2949 2406 eo

643 2433 811 2519 quod
861 2433 1193 2498 Zacharias
1225 2434 1530 2499 Pontifex
1569 2437 1707 2517 jam
1755 2418 2094 2498 defunctus
2141 2436 2345 2501 adhuc
2387 2436 2689 2502 Domnus
2736 2439 2950 2522 appel·

642 2531 830 2608 letur,
878 2532 1052 2595 brevi
1101 2537 1255 2596 ante
1303 2555 1446 2596 eum
1497 2532 1730 2596 obiisse
1778 2532 2117 2616 colligitur.
2130 2530 2180 2615 ¹)

704 2623 731 2631 ’”
819 2628 924 2692 40.
987 2626 1193 2691 Nimis
1249 2627 1658 2692 arbitrarium
1715 2631 1838 2703 est,
1904 2628 2271 2713 hujusmodi
2333 2630 2721 2708 Clausulam,
2783 2652 2949 2714 quae

643 2723 722 2786 ad
790 2725 1142 2807 marginem
1208 2725 1353 2789 libri
1421 2725 1599 2788 citati
1670 2724 2002 2788 invenitur
2071 2731 2266 2807 atque
2336 2750 2372 2789 a
2431 2727 2582 2791 viris
2654 2726 2945 2790 eruditis-

643 2820 818 2884 simis
883 2822 1253 2904 agnoscitur
1312 2829 1386 2885 ut
1449 2822 1761 2905 genuina,
1830 2843 2186 2903 supponere
2254 2824 2589 2906 posteriori
2659 2828 2948 2907 tempore

642 2916 922 2981 additam
986 2918 1058 2982 in
1120 2918 1403 2982 favorem
1471 2916 1981 3000 Carolingorum.
2093 2916 2229 2982 Nec
2291 2920 2503 2983 minus
2567 2919 2949 2984 inconveni-

644 3017 831 3077 enter
905 3035 979 3077 ea
1052 3014 1324 3097 suspicio
1393 3014 1760 3096 suscipitur,
1840 3036 1878 3077 a
1951 3012 2229 3078 Fulrado
2298 3014 2554 3079 Abbate
2629 3038 2944 3081 rumorem

227 2707 241 2721 r
266 2605 336 2682 χ
337 2645 608 2689 vindicatur.

645 3113 711 3173 et
770 3109 1056 3174 fabulam
1123 3111 1200 3175 de
1268 3110 1742 3175 consultatione
1816 3115 1882 3173 et
1942 3111 2262 3193 responsis
2318 3111 2658 3175 Zachariae
2723 3134 2947 3196 sparsa

645 3226 780 3269 esse
839 3207 1085 3290 aliquot
1138 3209 1330 3271 annis
1386 3211 1531 3290 post
1587 3206 2009 3270 elevationem
2080 3206 2317 3289 pipini,
2375 3212 2449 3272 ut
2504 3230 2775 3292 regnum
2824 3208 2943 3272 Ca-

643 3301 1039 3385 rolingorum
1108 3325 1286 3367 sacro
1353 3302 1629 3386 quodam
1699 3302 1929 3366 robore
1998 3304 2203 3386 magis
2274 3302 2713 3382 firniaretur.²)
2814 3302 2944 3367 Ne-

646 3419 770 3481 que
835 3398 1079 3475 obstat,
1151 3399 1316 3483 quod
1385 3398 1554 3462 haud
1624 3403 2115 3462 commemorato
2179 3399 2483 3463 Zacharia
2555 3401 2768 3484 plures
2835 3422 2945 3463 an-

827 3623 868 3690 1)
907 3623 1014 3677 Cfr.
1053 3623 1326 3678 Bartolini
1361 3624 1398 3677 1.
1439 3640 1482 3676 c.
1519 3640 1570 3691 p.
1609 3625 1729 3676 506.
1775 3656 1840 3663 —
1888 3623 2064 3677 Emin.
2102 3624 2371 3678 Bartolini
2410 3623 2609 3678 ibidem
2650 3639 2715 3678 ex
2753 3624 2950 3678 Codice

646 3704 852 3757 inedito
890 3702 1158 3757 Vaticano
1206 3702 1476 3770 (Reginae
1522 3702 1744 3776 Sueciae
1791 3701 1885 3756 Nr.
1924 3704 2051 3769 213)
2104 3704 2269 3757 etiam
2315 3704 2419 3756 duo
2468 3702 2577 3756 alia
2626 3703 2950 3758 documenta

647 3798 851 3837 coaeva
888 3783 1040 3848 citat,
1078 3782 1136 3835 in
1175 3782 1365 3848 quibus
1401 3782 1545 3836 idem
1580 3780 1786 3835 factum
1825 3781 2063 3836 solemne
2101 3782 2352 3835 refertur.

827 3860 872 3928 ²)
917 3861 1148 3924 Uhrich‚
1198 3861 1232 3914 l.
1283 3877 1327 3913 c.
1382 3877 1470 3928 pp.
1519 3863 1588 3913 49
1640 3875 1773 3927 sqq„
1830 3860 2117 3914 Clausulae
2169 3861 2556 3914 auctoritatem
2606 3861 2947 3928 argumentis

646 3942 792 3994 haud
840 3940 1029 3994 solidis
1078 3956 1337 3995 enervare
1387 3939 1602 3993 nititur.
1689 3939 1859 3992 Simul
1905 3955 2059 4005 vem,
2113 3940 2297 4006 posita
2349 3938 2637 3994 Clausulae
2700 3939 2950 4008 genuini-

647 4025 785 4085 tate,
823 4019 1183 4087 suspicionem
1219 4019 1368 4071 illam
1406 4022 1605 4072 movet.
1672 4018 1775 4071 Sed
1813 4017 1989 4087 gratis
2027 4017 2167 4070 talia
2202 4024 2592 4086 supponuntur,
2631 4023 2688 4073 et
2714 4019 2952 4071 Fulrado

646 4098 764 4152 viro
827 4098 1149 4166 dignissimo
1214 4097 1617 4162 attribuuntur3
1678 4096 1782 4149 imo
1847 4112 1963 4149 cum
2022 4097 2357 4151 documentis
2409 4097 2517 4151 fide
2572 4096 2755 4166 dignis
2814 4097 2953 4150 haec

644 4182 910 4246 pugnant.
