3270 5028
315 1403 514 1444 Potestas
569 1398 627 1440 ci·

314 1462 420 1506 vilis
456 1460 622 1515 episco-

382 1535 552 1576 porum.

334 2867 609 2913 Patriarchae

313 2928 619 2974 Alexandrini.

645 463 714 513 86
1168 459 1318 513 XIV.
1356 460 1440 515 De
1476 460 1628 514 civili
1663 460 1731 514 R.
1769 460 2053 515 Pontificis
2089 461 2413 530 principatu.

643 622 972 686 agrorum,
1029 602 1299 667 rusticos
1361 607 1503 666 tum
1567 623 1772 685 paene
1835 602 2196 684 universos,
2259 604 2506 668 servilis
2557 604 2754 669 fuisse
2800 625 2949 668 con-

644 697 940 775 ditionis,
1003 702 1070 762 et
1114 697 1285 782 agris
1341 698 1624 763 colendis
1679 698 1822 781 ipsa
1874 699 2174 764 nascendi
2231 705 2405 765 sorte
2458 701 2660 764 fuisse
2714 701 2949 765 manci·

645 800 849 877 patoS.
943 795 1067 860 Eos
1128 815 1315 878 agros
1377 795 1660 878 suscepit
1717 795 1979 861 ecclesia
2040 819 2115 861 ea
2173 798 2539 862 conditione
2600 819 2726 880 qua
2783 798 2952 882 lega·

648 892 917 970 bantur,
997 914 1138 956 cum
1215 893 1454 959 colonis
1524 896 1591 956 et
1660 892 2013 957 cultoribus
2094 893 2252 975 suis;
2328 894 2438 957 sed
2506 894 2576 957 in
2649 893 2728 958 iis
2799 916 2949 959 mox

644 988 941 1072 regendis
987 990 1180 1055 etiam
1226 992 1363 1074 ipsa
1408 1012 1486 1055 ex
1530 989 1795 1073 ingenio
1840 1010 1955 1053 suo
2002 990 2311 1073 explicuit
2354 992 2708 1068 caritatem,
2756 991 2951 1056 liber·

641 1088 876 1168 tatem,
936 1088 1471 1170 suavitatemque,
1528 1107 1690 1169 quae
1744 1086 1971 1150 servile
2022 1087 2249 1171 jugum
2294 1087 2529 1151 mirum
2577 1088 2647 1151 in
2694 1087 2952 1152 modum

643 1180 880 1245 leniret
926 1187 991 1246 et
1036 1183 1373 1262 allevaret,
1431 1182 1724 1265 quamvis
1772 1182 2149 1265 plerumque
2183 1205 2367 1267 ¹nexu
2420 1185 2752 1249 servitutis
2799 1185 2950 1249 reti-

646 1281 957 1341 nerentur
1000 1279 1348 1344 territoriis
1393 1279 1525 1343 illis
1573 1276 1934 1362 devincti.¹)
1999 1350 2006 1356 ⁴

823 1409 880 1474 7.
938 1408 1088 1475 Non
1145 1410 1476 1475 mediocris
1532 1432 1610 1474 ex
1672 1409 1913 1474 talibus
1966 1409 2471 1494 possessionibus
2527 1431 2683 1475 sane
2730 1418 2950 1477 aucto·

640 1507 797 1570 ritas
887 1506 1290 1584 dimanabat;
1378 1507 1493 1571 sed
1578 1511 1913 1590 praeterea
1992 1509 2130 1592 jam
2216 1528 2295 1569 ex
2383 1508 2636 1573 saeculo
2719 1516 2951 1592 quarto

646 1603 923 1686 episcopi
991 1608 1057 1668 et
1132 1604 1444 1688 imprimis
1513 1603 1821 1668 Pontifex
1888 1603 2220 1669 Romanus
2289 1624 2643 1687 permagna
2713 1606 2781 1669 in
2851 1629 2952 1670 res

646 1699 863 1764 civiles
925 1704 1248 1782 potestate
1309 1699 1483 1764 aucti
1548 1703 1736 1764 erant
1799 1700 1879 1763 ab
1953 1699 2106 1782 ipsis
2170 1699 2693 1782 Imperatoribus.
2813 1701 2952 1781 „Ea

646 1801 772 1872 est,
845 1797 935 1860 ait
1016 1795 1506 1875 Thomassinus,
1578 1797 2030 1879 temporalium
2104 1795 2662 1880 spiritualiumque
2736 1821 2952 1862 rerum

645 1892 1046 1976 conjunctio,
1094 1915 1169 1956 ea
1216 1893 1600 1977 populorum
1662 1895 1733 1957 in
1787 1897 2077 1977 pastores
2129 1914 2279 1958 suos
2334 1895 2680 1976 propensio
2736 1901 2801 1959 et
2854 1918 2950 1960 re-

645 1990 938 2053 verentia
1002 2011 1078 2054 ex
1157 1990 1468 2074 religione
1538 1989 1971 2070 efflorescenS,
2050 2012 2125 2054 ea
2204 1993 2345 2055 erat
2427 2012 2558 2074 qua
2627 1990 2953 2076 episcopos

648 2084 1117 2152 Constantinus
1178 2086 1533 2170 Imperator
1597 2089 2030 2151 cumulaverat
2088 2089 2467 2166 auctoritas,
2534 2091 2608 2151 ut
2667 2089 2952 2178 publico·

644 2204 787 2245 rum
833 2182 1114 2275 judicum
1146 2184 1397 2269 J'udicia
1442 2187 1893 2258 retractarent,
1941 2205 2330 2276 suorumque
2367 2185 2788 2278 judiciorum
2804 2186 2950 2252 illos

646 2283 1016 2344 executores
1081 2279 1426 2356 haberent3
1492 2266 1771 2364 denique
1835 2302 1909 2344 ea
1974 2285 2113 2345 erat
2176 2281 2597 2364 quarumdam
2661 2283 2952 2347 ecclesia·

643 2398 785 2439 111111
845 2376 1204 2460 opulentia,
1265 2382 1456 2442 tanta
1511 2377 1917 2456 clericorum,
1981 2399 2365 2460 pauperum,
2437 2378 2794 2463 virginum,
2856 2381 2949 2443 vi-

643 2472 913 2538 duarum
959 2475 1140 2557 copia
1185 2476 1296 2559 qui
1343 2473 1666 2540 Ecclesiae
1709 2478 1970 2559 sumptu
2018 2475 2391 2554 alebantur,
2447 2475 2788 2560 ejusmodi,
2851 2477 2948 2541 in-

644 2592 862 2653 quam,
910 2582 1098 2635 erant
1133 2571 1290 2635 haec
1337 2572 1578 2649 omnia,
1639 2575 1715 2634 ut
1759 2593 1892 2636 non
1940 2571 2073 2635 fere
2118 2572 2450 2656 potuerint
2496 2574 2773 2657 episcopi
2817 2596 2951 2638 non

647 2687 882 2751 magna
925 2668 1154 2731 saltem
1200 2690 1279 2733 ex
1325 2672 1535 2751 parte,
1590 2668 1764 2732 civili
1809 2668 2140 2732 civitatum
2197 2672 2262 2731 et
2317 2668 2789 2751 provinciarum
2836 2670 2951 2735 ad-

646 2763 1104 2828 ministrationi
1155 2761 1588 2848 implicari“.²)
1634 2801 1716 2809 -
1761 2765 2373 2840 AnimadvertimuS,
2419 2766 2491 2829 in
2531 2763 2797 2830 Oriente
2841 2789 2950 2850 pa·

643 2859 991 2924 triarcham
1051 2860 1564 2925 Alexandrinum
1615 2863 1756 2947 jam
1829 2860 1893 2926 S.
1952 2861 2295 2926 Athanasii
2358 2866 2646 2952 tempore
2719 2864 2953 2928 eximia

645 2956 921 3039 quadam
986 2964 1051 3022 et
1107 2959 1236 3023 late
1298 2958 1442 3022 fusa
1502 2962 1824 3042 potestate
1885 2959 1956 3023 in
2012 2964 2218 3023 totam
2271 2959 2642 3043 Aegyptum
2700 2961 2952 3043 praedi-

644 3060 783 3117 tum
851 3053 1066 3119 fuisse.
1180 3055 1353 3119 Hinc
1421 3055 1885 3139 intelliguntur
1958 3056 2106 3120 illae
2179 3055 2684 3120 adversariorum
2747 3057 2951 3122 Atha-

644 3150 811 3213 nasii
861 3152 1373 3229 criminationeS,
1437 3152 1558 3216 etsi
1611 3151 1843 3235 falsae,
1897 3152 2066 3237 quod
2121 3153 2550 3237 praecepisset
2593 3153 2951 3238 Aegyptiis»,

645 3251 718 3309 ut
772 3248 1046 3311 vestium
1102 3249 1419 3312 linearum
1475 3249 1793 3314 tributum
1850 3250 2152 3314 ecclesiae
2207 3249 2689 3315 Alexandrinae
2748 3251 2947 3315 solve-

645 3348 828 3418 rent,
889 3344 1061 3427 quod
1115 3346 1543 3410 intervertere
1597 3347 1903 3411 voluisset
1961 3347 2312 3425 frumenta,
2379 3367 2543 3428 quae
2607 3347 2953 3429 quotannis

647 3460 726 3502 ex
789 3441 1091 3524 Aegypto
1163 3440 1791 3526 Constantinopolim
1854 3442 2359 3508 advehebantur.
2378 3440 2432 3525 3)
2548 3441 2682 3506 Sub
2751 3443 2953 3507 Theo-

644 3535 820 3619 philo
868 3559 939 3601 ac
987 3535 1051 3600 S.
1102 3536 1340 3620 Cyrillo
1399 3561 1473 3603 ea
1529 3544 1816 3622 potestas
1864 3540 2058 3604 etiam
2112 3545 2303 3604 aucta
2360 3544 2479 3605 est.
2571 3538 2760 3605 Unde
2804 3540 2951 3603 illae

646 3635 939 3716 querelae
1009 3628 1323 3714 Socratis,
1392 3635 1515 3699 viri
1585 3636 1903 3720 rigidioris
1973 3641 2040 3700 et
2108 3634 2186 3699 de
2251 3635 2440 3699 rebus
2510 3635 2951 3701 ecclesiasticis

825 3874 866 3945 ¹)
919 3875 979 3930 L.
1042 3891 1085 3928 c.
1143 3892 1187 3930 c.
1244 3877 1326 3930 19.
1385 3905 1454 3913 —
1517 3877 1597 3930 De
1644 3874 1989 3943 patrimoniis
2046 3874 2312 3930 ecclesiae
2371 3874 2648 3931 Romanae
2707 3882 2952 3944 tempore

647 3954 697 4007 S.
754 3954 1011 4023 Gregorii
1065 3955 1137 4008 M.
1197 3953 1323 4009 vide
1378 3954 1589 4009 Grisar:
1653 3954 1768 4009 Ein
1825 3954 2138 4023 Rundqanq
2194 3953 2361 4007 durch
2418 3953 2504 4008 die
2572 3955 2948 4010 Patrimonien

648 4033 736 4087 des
771 4033 846 4143 11ῐᾶ
876 4035 1088 4165 {umes
1124 4052 1242 4166 τιφὲιὸ
1255 4034 1354 4088 das
1389 4033 1535 4088 Jahr
1570 4036 1691 4088 600.
1730 4033 1940 4088 Innsbr.
1980 4033 2301 4087 Zeitschrift
2344 4035 2496 4098 1877,
2536 4033 2585 4087 S.
2626 4036 2743 4087 321.

826 4115 869 4257 εξ
910 4130 1262 4246 Οὲῇεῗὶοηηῖ
1302 4193 1371 4246 Η.
1409 4191 1473 4246 Ε.
1511 4192 1569 4245 1..
1610 4193 1655 4245 I.
1696 4210 1738 4246 e.
1777 4194 2003 4246 20—23.
