3270 5028
671 425 778 476 414
1349 421 1525 475 XVII.
1565 422 1647 475 De
1686 405 1984 477 schismate
2022 423 2310 477 Photiano.

854 565 994 627 106.
1056 564 1327 628 Multum
1387 570 1720 650 praeterea
1775 564 1943 649 apud
1991 564 2447 647 Imperatorem
2499 567 2569 629 in
2616 564 2845 628 Photii
2920 561 3038 626 fa-

673 683 884 726 vorem
934 662 1066 745 egit
1115 661 1483 725 Theodorus
1532 660 2015 726 Santabarenus
2062 662 2433 739 monachUS,
2481 661 2696 725 Photii
2744 660 3035 723 assecla

668 781 748 821 ex
794 760 987 842 longo
1034 762 1341 841 tempore,
1392 763 1456 821 et
1497 759 1819 841 quondam
1856 759 1949 846 ,ab
1996 780 2069 835 eo
2119 758 2314 822 abbas
2363 759 2737 823 monasterii
2775 755 3027 821 studii

668 857 1084 924 constitutus,
1144 854 1333 919 homo
1380 855 1562 918 valde
1621 860 1879 920 astutus
1941 856 2048 938 qui
2113 864 2178 917 et
2241 861 2410 919 artes
2467 856 2748 940 magicas
2814 876 3026 917 exer-

670 974 808 1014 cere
855 951 1200 1015 dicebatur.
1294 949 1578 1014 Exstitit
1624 971 1792 1031 mox,
1847 952 2069 1016 scribit
2114 950 2402 1031 Niceta8‚
2464 956 2523 1015 et
2580 950 2717 1015 alia
2775 970 3021 1013 neces-

667 1046 978 1128 situdinis
1025 1046 1296 1125 occasi0‚
1369 1046 1746 1112 Theodorus
1795 1047 1903 1111 ille
1962 1046 2192 1111 habitu
2249 1052 2537 1129 vesteque
2592 1047 2665 1111 iu
2712 1046 3019 1129 speciem

668 1143 1047 1222 monachus,
1110 1143 1218 1206 sed
1281 1144 1570 1208 omnium
1632 1144 2077 1227 improborum
2140 1144 2658 1225 improbissimus
2717 1148 2776 1207 et
2845 1164 3015 1207 ver—

671 1244 967 1304 sutorum
999 1240 1503 1319 versutissimus,
1553 1240 2066 1320 Saritabareuus,
2115 1241 2406 1321 inquam,
2455 1241 2529 1304 de
2573 1262 2694 1322 quo
2729 1239 3011 1322 opinor,

669 1335 1015 1400 audivistis
1084 1357 1313 1401 omues.
1430 1338 1629 1403 Hunc
1697 1338 1906 1402 ‘nescio
1984 1338 2292 1420 quomodo
2362 1342 2715 1419 repertum,
2794 1337 3011 1414 (uam

657 1452 874 1514 pares,
927 1437 1002 1497 ut
1047 1433 1305 1513 dicitur,
1356 1455 1501 1499 cum
1537 1434 1819 1516 paribus
1861 1434 2057 1517 facile
2089 1436 2614 1517 couqreqautur)‚
2636 1437 2731 1498 ut
2758 1433 3009 1496 virum

669 1528 997 1611 sinqulari
1042 1530 1403 1609 sanctitate,
1444 1531 1902 1612 praescientia,
1951 1552 2298 1613 rerumque
2341 1530 2731 1612 futurarum
2765 1530 3003 1612 coqui—

668 1624 841 1690 tioue
876 1626 1436 1709 potentissimum:
1497 1627 1732 1708 quibus
1779 1633 1995 1693 tamen
2041 1627 2399 1693 virtutibus
2444 1648 2577 1692 ‘nou
2623 1626 2829 1691 solum
2883 1647 2998 1689 ca-

666 1722 807 1786 ruit
855 1722 1178 1801 omuibus,
1242 1724 1349 1787 sed
1395 1729 1646 1801 contra,
1709 1729 1783 1789 ut
1840 1726 2064 1807 ajunt,
2125 1723 2396 1805 maqicis
2446 1722 2860 1806 praestiqiis,
2929 1728 3002 1786 et

666 1818 1027 1898 ariolandi,
1077 1820 1504 1902 conjectandi,
1566 1819 1981 1900 incantandi,
2040 1822 2422 1902 animasque
2466 1819 2769 1885 evocandi
2816 1819 2993 1885 arti-

669 1914 785 1979 bus
830 1915 1112 1996 iusiquis
1159 1915 1551 1981 habebatur:
1606 1917 1779 1981 huuc
1807 1916 2220 1998 'Imperatori
2267 1915 2469 1995 sistit,
2525 1916 2995 1997 immensisque

668 2011 1052 2076 celebratum
1101 2012 1403 2077 laudibus
1448 2014 1860 2077 commendat.
1951 2012 2236 2094 Cumque
2267 2014 2417 2096 jam
2461 2013 2831 2095 Imperator
2880 2011 2990 2076 in-

666 2108 821 2172 timo
864 2108 1513 2190 familiarissimoque
1544 2114 1855 2187 uteretur,
1901 2110 2180 2175 Photius
2215 2131 2340 2192 per
2375 2130 2520 2173 eum
2553 2107 2989 2190 patriarchae

665 2204 931 2286 Iquatio
975 2205 1364 2284 insidiatur,
1430 2205 1762 2286 sedemque
1808 2206 2116 2270 amissam
2164 2206 2402 2271 occulte
2448 2226 2835 2287 recuperare
2882 2226 2982 2268 co-

666 2305 886 2379 natur,
933 2300 1181 2381 sibique
1226 2301 1434 2366 derzuo
1480 2302 1764 2367 reditu-m
1811 2302 2117 2385 sacrileye
2165 2300 2568 2385 comparat.¹)

329 2417 645 2458 Photiusrevo-
846 2408 988 2470 107.
1053 2408 1411 2472 Revocatus
1467 2410 1668 2491 igitur
1731 2433 1808 2473 ex
1871 2411 2061 2475 exilio
2111 2410 2407 2484 photius,
2474 2431 2621 2473 mox
2685 2417 2759 2473 ut
2813 2410 2980 2473 filios

424 2481 557 2522 ⁰³³⁰*
664 2504 1074 2587 Imperatoris
1105 2506 1449 2569 instrueret
1483 2505 1842 2570 destinatus
1891 2517 2021 2590 est3
2069 2507 2297 2571 exinde
2339 2508 2408 2571 in
2441 2506 2752 2591 Magaura
2796 2507 2980 2591 regio

667 2600 906 2683 palatio
955 2601 1303 2677 habitavit,
1354 2604 1462 2665 ubi
1513 2610 1578 2666 et
1610 2606 1858 2669 ‘multos
1899 2604 2242 2686 discipulos
2289 2606 2523 2668 iterum
2570 2605 2860 2687 collegit,
2911 2616 2979 2667 et

666 2698 978 2779 perfracte
1026 2721 1291 2762 munera
1340 2700 1794 2781 patriarchalia
1842 2703 2001 2764 clam
2052 2703 2356 2765 exercuit.
2440 2702 2649 2777 Quum
2698 2723 2847 2764 vero
2894 2702 2978 2763 ab

662 2793 922 2876 Ignatio
968 2796 1257 2859 obtinere
1312 2820 1445 2860 non
1493 2803 1733 2879 posset,
1792 2802 1865 2859 ut
1922 2798 1988 2860 in
2037 2796 2461 2861 sacerdotium
2508 2799 2976 2873 restitueretur,

602 2891 604 2893 ’
664 2892 887 2955 callide
935 2891 1361 2956 dissimulavit
1394 2894 1688 2970 furorem,
1737 2894 2113 2975 praevidens
2151 2893 2480 2977 Ignatium
2530 2915 2749 2956 senem
2800 2894 2972 2956 brevi

665 2989 1064 3068 moriturum,
1113 2989 1356 3072 sibique
1395 2991 1533 3072 jam
1566 2990 2024 3053 successionem
2077 3012 2485 3072 praeparans,
2564 2989 2700 3053 Imo
2748 2994 2973 3070 postea

661 3229 727 3266 ex
766 3229 828 3266 eo
865 3213 1034 3266 filium
1073 3212 1409 3265 nasciturum
1445 3213 1661 3266 nomine
1697 3213 1908 3278 BeclaS,
1960 3229 2115 3280 quem
2155 3213 2276 3267 dein
2328 3212 2398 3266 iis
2439 3213 2841 3266 characteribus
2882 3214 2968 3266 de-

662 3293 870 3357 scribit,
908 3293 1000 3359 qui
1025 3291 1233 3345 Basilio
1259 3292 1584 3358 Imperatori
1611 3293 2025 3357 conveniebant,
2065 3308 2289 3358 eumque
2327 3293 2560 3345 omnium
2598 3296 2745 3345 retro
2781 3307 2967 3360 regum

659 3371 977 3425 felicissime
1027 3376 1083 3424 et
1127 3371 1434 3424 diutissime
1479 3380 1833 3438 regnaturum
1880 3371 2236 3424 vaticinatur.
2309 3371 2667 3438 Praesagium
2715 3386 2963 3423 arcanum

659 3450 890 3504 Photius
940 3451 1021 3502 ita
1068 3450 1392 3516 Imperatori
1442 3450 1768 3516 explicavit,
1820 3454 1881 3503 ut
1929 3450 2146 3503 nomine
2186 3449 2375 3502 Beclas
2426 3451 2600 3516 ipsum
2641 3449 2964 3516 (Basiliam),

660 3545 884 3582 uxorem
922 3530 1039 3596 ejus
1067 3529 1427 3594 (Eudociam),
1467 3536 1524 3582 et
1558 3529 1702 3582 filios
1741 3527 1912 3596 ipsius
1949 3529 2409 3595 (Constantinum,
2446 3529 2697 3594 Leonem,
2734 3528 2964 3581 Alexan-

662 3610 837 3672 drum,
890 3608 1243 3673 Stephanum)
1293 3607 1597 3674 designari,
1658 3613 1821 3673 atque
1868 3608 1949 3660 ita
1998 3607 2219 3675 generis
2269 3608 2441 3674 ipsius
2493 3623 2723 3675 regnum
2768 3607 2962 3660 felicis-

664 3687 854 3738 simum
891 3685 1134 3751 praedici
1172 3702 1292 3738 eum
1322 3686 1555 3739 doceret.
1631 3686 1852 3740 Relatio
1904 3686 2038 3740 haec
2077 3686 2143 3739 ab
2192 3686 2401 3752 aliquot
2440 3686 2750 3740 auctoribus
2791 3692 2851 3739 ut
2888 3686 2963 3738 fa-

660 3766 787 3817 bula
822 3764 1069 3831 rejicitur
1105 3764 1380 3829 (Fontani‚
1421 3765 1717 3830 Schrockh,
1755 3764 2053 3832 Neander);
2108 3766 2205 3818 sed
2240 3781 2431 3818 veram
2469 3781 2588 3819 eam
2626 3781 2744 3818 esse
2783 3756 2993 3819 censet*

659 3843 1104 3909 Hergenrother‚
1155 3844 1385 3897 Photius
1427 3844 1489 3896 Τ.
1526 3844 1599 3895 Π.
1640 3861 1688 3910 p.
1728 3845 1858 3909 259,
1913 3861 2030 3896 cum
2080 3843 2268 3896 multis
2318 3843 2540 3897 criticis,
2629 3844 2776 3910 Quae
2827 3843 2961 3897 enim

661 3926 954 3974 narrantur
990 3939 1023 3974 a
1061 3923 1377 3976 charactere
1415 3921 1602 3975 Photii
1639 3938 1748 3975 non
1788 3923 2078 3984 abludunt,
2133 3923 2334 3977 aetatis
2380 3921 2528 3976 illius
2565 3923 2803 3977 moribus
2843 3939 2963 3976 con-

661 4000 912 4065 veniunt,
961 4001 1204 4056 favorem
1242 4001 1428 4055 Photii
1481 4002 1622 4068 apud
1659 4002 1925 4054 Basilium
1976 4002 2109 4056 bene
2161 4002 2482 4068 explanant,
2538 4007 2593 4055 et
2639 4003 2704 4055 ab
2749 4008 2962 4055 auctore

661 4079 764 4131 fide
804 4079 969 4147 digno
1007 4080 1333 4134 referuntur.
1408 4080 1515 4135 Cfr.
1556 4079 1855 4133 Baronium
1895 4082 1962 4133 ad
2004 4097 2050 4134 a.
2090 4083 2194 4133 878
2231 4098 2321 4134 nn.
2362 4083 2428 4132 36
2469 4097 2581 4147 sqq.

840 4157 880 4223 ¹)
915 4158 1049 4211 Vita
1086 4159 1313 4227 Ignatii,
1349 4159 1532 4212 Labbe
1560 4158 1718 4211 VIII.
1763 4161 1911 4212 1251.
