3270 5028
655 419 761 469 240
1000 415 1150 470 XVI.
1190 414 1400 470 Causae
1437 415 1678 471 celebres
1714 422 1773 472 et
1807 417 2123 472 Decretales
2160 418 2620 473 Pseudo-Isidori.

655 562 771 622 set.
863 557 1023 622 Cum
1077 557 1276 642 legati
1325 548 1708 622 Lothariurfi
1765 580 1982 643 regem
2028 564 2401 643 arguerent,
2458 559 2627 644 quod
2677 559 2978 643 Aposto-

653 655 814 719 licae
867 652 1048 723 Sedis
1100 653 1414 738 judicium
1476 659 1890 719 antevertens
1949 655 2390 733 waldradam,
2450 657 2702 740 abjecta
2756 655 2975 721 Teut-

654 752 880 835 berga,
943 751 1259 827 duxisset,
1336 753 1600 816 consilio
1673 756 1739 816 et
1806 742 2204 817 auctoritate
2257 754 2688 836 episcoporum
2754 752 2818 815 id
2890 775 2974 817 se

652 848 875 912 fecisse
921 848 1268 931 respondit.
1360 847 1540 924 Quod
1590 849 1865 932 episcopi
1921 849 2059 931 regi
2117 849 2536 913 conniventes
2581 871 2717 914 non
2762 871 2973 934 nega-

650 949 822 1010 runt.
912 944 1053 1008 Imo
1099 945 1558 1009 verosimilium
1603 945 1931 1010 rationum
1978 946 2126 1011 fuco
2172 947 2418 1030 legatos
2476 967 2724 1030 quoque
2772 946 2969 1010 sedu-

649 1045 901 1120 xerunt,
949 1041 1062 1130 qui
1109 1041 1452 1105 divortium
1501 1040 1796 1105 Lotharii
1842 1048 1908 1106 et
1950 1043 2185 1107 initum
2232 1064 2374 1106 cum
2408 1041 2756 1108 Waldrada
2803 1066 2969 1108 con-

637 1139 894 1221 jugium
943 1138 1400 1220 approbarunt,
1459 1138 1835 1202 muneribus
1879 1139 2091 1222 potius
2138 1160 2331 1222 quam
2378 1139 2734 1204 rationibus
2781 1141 2970 1205 victi.

645 1231 734 1296 In
789 1252 920 1314 qua
974 1233 1246 1314 synodo,
1302 1234 1526 1298 scribit
1571 1233 1959 1323 Hincmarus
2016 1237 2084 1298 in
2140 1235 2504 1299 Annalibus
2561 1235 2968 1302 Bertinianis

644 1330 722 1393 ad
771 1353 826 1394 a.
863 1331 1011 1408 863,
1048 1329 1347 1412 praefati
1377 1327 1562 1393 missi
1593 1330 1887 1412 corrupti
1924 1330 2322 1411 muneribuS,
2370 1330 2672 1413 epistolas
2704 1332 2968 1397 Domni

646 1425 1001 1508 Apostolici
1065 1427 1482 1504 occultante&
1551 1423 1725 1490 nihil
1788 1425 1864 1490 de
1925 1425 2029 1491 his
2097 1447 2262 1509 quae
2321 1426 2447 1491 sibi
2511 1428 2964 1493 commendata

637 1521 914 1603 fuerant
968 1522 1322 1588 secundum
1379 1542 1637 1586 sacram
1689 1522 2144 1591 auctoritatem
2193 1528 2479 1607 eyerzmt.
2594 1524 2676 1590 Ut
2732 1530 2960 1591 autem

640 1617 895 1699 aliquid
936 1618 1313 1684 viderentur
1356 1618 1581 1702 egisse,
1642 1617 2095 1685 Guntharium
2146 1619 2580 1686 Coloniensem
2627 1621 2957 1704 archiepi-

637 1735 898 1797 scopum
962 1719 1023 1778 ετ
1085 1714 1537 1798 Teutqaudum
1610 1714 2056 1781 Trevirensem
2118 1737 2316 1799 aeque
2378 1716 2954 1800 archiepiscopum,

639 1832 783 1876 cum
856 1811 1065 1876 veniis
1121 1832 1287 1893 quas
1356 1813 1428 1878 in
1492 1812 1711 1878 eadem
1780 1811 2023 1894 synodo
2088 1812 2610 1896 subscripserunt
2670 1813 2957 1898 episcopi

636 1907 918 1972 Romam
980 1908 1078 1972 ire
1135 1909 1509 1991 jusserunt,
1583 1912 1660 1974 ut
1710 1908 1973 1991 judicio
2036 1909 2315 1975 Domini
2378 1910 2735 1993 Apostolioi
2800 1911 2953 1994 ipsa

642 2023 841 2068 causa
885 2002 1366 2089 diffiniretur.1)

304 2175 607 2246 nicomiam·
817 2163 920 2228 23.
1003 2163 1398 2228 Guntharius
1471 2168 1538 2227 et
1609 2163 2025 2249 Teutgaudus
2094 2166 2371 2249 superba
2429 2167 2703 2250 quadam
2770 2191 2949 2234 arro-

385 2238 538 2279 tenna.
640 2261 867 2344 gantia
923 2265 988 2325 et
1040 2261 1406 2344 ignorantia
1463 2283 1618 2324 suae
1679 2283 1901 2326 causae
1954 2262 2254 2341 fidenteS,
2312 2263 2628 2346 intrepide
2671 2263 2947 2330 Romam

639 2362 1095 2441 properarunt,
1169 2361 1235 2421 et
1297 2355 1563 2422 Nicolao
1625 2356 1928 2421 Pontifici
1992 2356 2276 2422 libellum
2338 2359 2415 2422 de
2480 2359 2770 2424 Lotharii
2839 2384 2949 2426 ne·
3007 2370 3008 2373 ’

633 2454 811 2537 gotio
876 2453 1300 2518 tradiderunt.
1367 2527 1371 2531 .
1413 2454 1623 2530 Quum
1680 2475 1830 2518 vero
1886 2453 2216 2521 Nicolaus'
2259 2456 2466 2520 multa
2522 2455 2815 2539 profana
2884 2461 2950 2522 et

631 2549 941 2640 inaudita
984 2551 1054 2615 in
1100 2551 1467 2635 hujusmodi
1510 2551 1740 2615 libello
1797 2548 2150 2630 inveniret,
2207 2575 2425 2618 mense
2473 2551 2736 2617 Octobri
2767 2547 2946 2618 *anni

636 2649 762 2711 863
804 2648 1177 2712 convocavit
1233 2648 1304 2710 in
1349 2645 1680 2711 Laterano
1728 2649 2079 2733 synodum,
2138 2650 2205 2713 in
2251 2672 2376 2733 qua
2422 2671 2489 2713 re
2545 2648 2624 2713 ad
2671 2672 2947 2716 examen

632 2749 928 2809 revocata
992 2744 1299 2809 Pontifex
1359 2741 1540 2828 justa
1603 2766 1678 2808 ac
1738 2767 1918 2809 sacra
1982 2747 2366 2810 auctoritate
2436 2747 2624 2829 plura
2687 2747 2945 2813 decreta

633 2842 861 2907 emisit.
968 2839 1296 2924 Synodum
1349 2841 1699 2906 Metensem
1760 2840 2065 2906 Nicolaus
2141 2843 2330 2926 plane
2399 2844 2696 2918 cassavit,
2765 2842 2947 2909 Gun-

630 2938 912 3003 tharium
954 2943 1033 3003 et‘
1068 2938 1517 3022 Teutgaudum
1558 2937 1886 3021 deposuit,
1938 2940 2111 3003 omni
2160 2940 2341 3003 exuit
2387 2940 2727 3023 episcopali
2769 2943 2943 3026 regi-

633 3035 804 3100 mine
852 3041 926 3124 et
980 3035 1595 3113 excommunicavit,
1652 3040 1720 3100 et
1774 3035 2055 3119 reliquos
2113 3036 2438 3119 episcopos
2496 3058 2712 3101 eorum
2771 3059 2942 3101 com·

630 3133 824 3216 plices
871 3132 1073 3197 eidem
1120 3153 1362 3215 poenae
1410 3130 1714 3209 subdidit,
1762 3132 1817 3196 si
1857 3153 2001 3196 cum
2047 3132 2174 3196 illis
2221 3133 2734 3216 conjurationem
2778 3134 2943 3198 inie-

629 3230 792 3305 rint3
847 3230 1192 3294 divortium
1239 3250 1389 3291 vero
1446 3226 1741 3292 Lotharii
1798 3228 2063 3292 omnino
2109 3227 2455 3293 damnavit.
2511 3265 2588 3274 -
2640 3228 2938 3295 Guntha-

629 3326 763 3389 rius
847 3315 1277 3410 et‘Teutg'afi
1322 3346 1394 3389 us
1473 3314 2020 3390 mWP‘cshtificEin*
2065 3321 2464 3390 'exardentes
2538 3323 2938 3391 Ludovicum

629 3421 1092 3505 Imperatorem
1164 3421 1520 3486 Beneventi
1592 3426 1894 3504 agentem
1963 3421 2290 3500 adierunt,
2368 3444 2635 3506 eumque
2706 3423 2800 3487 ita
2867 3424 2937 3487 in

631 3519 970 3583 Nicolaum
1030 3525 1542 3601 commoverunt,
1600 3522 1674 3582 ut
1735 3541 1874 3583 cum
1936 3520 2221 3583 exercitu
2280 3518 2551 3584 Romam
2613 3519 2936 3603 profectus

628 3614 1009 3679 Pontificem
1055 3613 1134 3679 ad
1179 3613 1599 3698 reparandam
1652 3615 1985 3699 injuriam,
2041 3637 2233 3699 quam
2293 3616 2513 3680 fratris
2558 3617 2658 3680 sui
2706 3618 2939 3703 legatis

630 3713 877 3776 illatam
933 3713 1213 3791 dicebat,
1281 3711 1661 3796 compellere
1722 3712 2101 3777 instituerit.
2200 3712 2429 3777 Mediis
2485 3713 2556 3777 in
2616 3714 2936 3799 angustiis

629 3812 694 3872 et
740 3809 1037 3892 periculis
1084 3808 1389 3874 Nicolaus
1445 3816 1748 3874 constans
1793 3810 1862 3873 in
1917 3809 2051 3874 suis
2098 3809 2369 3874 decretis
2414 3811 2668 3875 tuendis
2722 3832 2936 3894 perse-

807 4068 848 4135 1)
884 4069 949 4122 v.
988 4069 1152 4123 Pertz
1190 4051 1261 4121 M.
1302 4067 1366 4123 G.
1403 4068 1448 4123 1.
1497 4069 1797 4124 419—515.
1844 4097 1915 4105 -
1962 4067 2046 4122 De
2094 4066 2396 4120 Annalibus
2445 4066 2784 4121 Bertinianis
2831 4064 2931 4119 cfr.

628 4148 1019 4213 Wattenbach,
1057 4148 1463 4202 Deutschlands
1502 4147 2051 4215 Geschichtsquellen
2091 4147 2171 4202 ed.
2208 4150 2259 4200 4.
2297 4150 2337 4198 t.
2377 4145 2420 4198 Ι.
2457 4160 2546 4212 pp.
2586 4148 2702 4198 169.
2741 4146 2860 4199 238.
