3270 5028
675 439 780 491 826
1348 437 1524 491 XVII.
1564 438 1646 491 De
1686 435 1981 491 schismate
2018 436 2308 491 Photiano.

676 578 994 661 quaedam
1054 578 1384 643 oriebatur
1430 600 1503 642 ac
1546 579 1828 663 gravitas
1883 584 1948 643 et
2006 579 2350 663 prudentia
2410 581 2482 643 in
2527 578 2716 643 rebus
2776 577 3030 661 publi-

677 676 766 738 cis
812 678 877 738 et
923 675 1147 751 sacris,
1203 675 1517 739 sobrietas
1566 696 1639 738 ac
1683 674 1958 739 fidelitas
2003 676 2072 740 in
2117 676 2251 741 vita
2298 676 2549 759 privata
2594 678 2659 739 et
2702 674 3018 757 publica.

679 770 892 835 Minus
937 776 1152 836 autem
1195 770 1471 835 Romani
1519 793 1593 835 ea
1639 793 1806 855 quae
1852 772 2119 856 ingenia
2165 777 2421 849 ornant,
2469 777 2642 835 artes
2689 775 2755 835 et
2798 770 3019 835 disci·

676 866 887 950 plinas
948 867 1245 931 liberales
1306 867 1631 945 colebant,
1696 872 1892 952 atque
1946 868 2262 952 proclives
2314 873 2505 933 erant
2564 868 2644 932 ad
2705 889 2810 932 eos
2881 867 3016 931 de-

677 962 883 1027 fectus
934 984 1136 1048 eaque
1183 964 1369 1043 vitia,
1427 985 1591 1048 quae
1637 964 1866 1028 animis
1913 964 2202 1048 superbis
2249 965 2469 1030 affinia
2515 969 2692 1042 sunt,
2742 964 3016 1028 scilicet

676 1058 757 1123 ad
803 1058 1108 1143 rigorem,
1171 1059 1501 1138 duritiem,
1563 1060 2037 1136 crudelitatem,
2098 1084 2171 1126 ac
2216 1063 2550 1126 nationum
2597 1061 3015 1125 devictarum

678 1156 1149 1239 oppressionem
1214 1159 1280 1219 et
1343 1157 1885 1241 exspoliationem.
1998 1157 2187 1223 Unde
2257 1164 2324 1223 et
2395 1158 2626 1223 harum
2692 1158 3010 1243 gentium

679 1253 823 1317 odia
869 1254 939 1316 in
983 1274 1050 1317 se
1093 1253 1597 1319 concitaverunt.

853 1384 914 1448 8.
964 1383 1215 1462 Graeci,
1276 1407 1349 1449 ac
1400 1386 1761 1470 generatim
1816 1386 2115 1451 nationes
2169 1386 2388 1470 stirpis
2445 1386 2617 1452 illius
2673 1369 3008 1465 affinisvb‚

677 1482 1057 1563 praesertim
1119 1479 1374 1566 izzqcnii
1436 1483 1699 1556 dotibus,
1756 1482 2194 1565 excellebant,
2259 1487 2432 1547 artes
2494 1482 3005 1566 disciplinasque

678 1576 997 1654 liberales,
1044 1578 1277 1663 quibus
1324 1580 1458 1643 vita
1494 1579 1781 1644 redditur
1814 1579 2103 1663 jucunda
2150 1584 2215 1644 et
2244 1587 2450 1664 grata,
2498 1600 2731 1661 magno
2763 1580 3003 1644 ardore

678 1695 798 1738 nec
842 1675 1073 1739 minori
1130 1696 1421 1740 successu
1480 1675 1878 1742 excolebant.
1969 1674 2092 1740 Sed
2148 1676 2341 1745 etiam
2397 1675 2868 1760 philosophicas
2931 1680 3005 1739 et

677 1768 1067 1854 theologicas
1128 1770 1610 1855 disquisitiones
1667 1772 1893 1835 subtili
1952 1772 2188 1837 mentis
2256 1774 2388 1838 acie
2447 1773 2788 1837 instituere
2851 1794 2998 1857 per·

678 1872 935 1951 gratum
981 1868 1135 1950 ipsis
1183 1873 1347 1944 erat,
1387 1868 1591 1951 iisque
1638 1890 1830 1951 quam
1876 1869 2153 1933 maxime
2198 1870 2662 1953 gloriabantur.
2755 1867 2998 1951 Imagi-

681 1963 936 2027 nationi
995 1986 1188 2052 porro
1246 1965 1500 2029 ardenti
1547 1968 1611 2029 et
1672 1964 2025 2030 foecundae
2078 1968 2311 2051 juncta
2369 1969 2508 2031 erat
2568 1966 2824 2043 levitas,
2886 1966 2998 2029 in-

681 2062 1068 2139 constantia,
1114 2061 1428 2126 calliditas
1474 2062 1834 2138 artificiosa,
1880 2063 2163 2145 perfidia,
2210 2064 2302 2127 ita
2334 2067 2410 2127 ut
2452 2084 2565 2146 per
2609 2062 2995 2146 antilogiam

674 2156 1109 2260 Q&
1152 2159 1221 2222 in
1267 2158 1675 2242 proverbium
1722 2147 2413 2224 abieritT‘Or'raeculos
2468 2164 2542 2223 ut
2592 2159 2996 2223 effeminatos

682 2258 748 2316 et
802 2254 1100 2337 loquaces
1151 2254 1372 2319 Latini
1433 2254 1894 2338 despiciebaut3
1948 2255 2251 2341 subjectis
2307 2256 2528 2319 durius
2578 2255 2998 2319 dominaban-

679 2353 816 2423 tur,
882 2371 1032 2434 opes
1095 2351 1500 2434 diripiebant.
1604 2350 1832 2416 Graeci
1892 2374 2043 2416 vero
2106 2351 2255 2417 dum
2317 2356 2539 2436 poetas
2604 2373 2779 2432 sum,
2839 2350 2994 2415 rhe-

680 2449 880 2526 toreS‚
938 2447 1377 2532 philosophos,
1432 2449 1771 2532 scriptores
1827 2449 2035 2514 omnis
2080 2449 2336 2534 generis
2395 2469 2737 2532 eorumque
2791 2470 2996 2532 opera

681 2544 1068 2623 evehebant,
1127 2545 1453 2610 Romanos
1500 2545 2004 2611 contemnebant
2049 2550 2124 2610 ut
2163 2546 2494 2623 barbaros,
2554 2546 2666 2630 qui
2709 2545 2813 2609 vix
2862 2567 2995 2609 me·

680 2640 915 2706 diocria
958 2641 1131 2706 hisce
1175 2644 1245 2706 in
1292 2641 1642 2725 disciplinis
1689 2643 1898 2724 opella
1943 2646 2270 2707 ostentare
2315 2645 2635 2726 poterant.

857 2775 918 2838 9.
969 2773 1260 2837 Decursu
1316 2773 1572 2858 quidem
1630 2774 2028 2837 saeculorum
2081 2773 2450 2838 commixtio
2508 2772 2819 2856 quaedam
2862 2771 2994 2835 La-

682 2871 970 2936 tinorum
1036 2874 1102 2934 et
1165 2869 1556 2935 Graecorum
1618 2870 1791 2934 facta
1852 2874 1966 2934 est.
2078 2869 2217 2935 Imo
2282 2871 2616 2955 aliquanto
2679 2872 2993 2953 tempore,

683 2967 803 3031 sub
858 2967 1364 3050 Imperatoribus
1423 2967 1727 3050 pagani8‚
1791 2968 2040 3031 cultura
2102 2988 2331 3050 graeca
2392 2966 2636 3032 Romae
2700 2965 2832 3030 visa
2893 2975 2995 3030 est

681 3057 1083 3147 praevalere,
1144 3068 1338 3148 atque
1394 3063 1566 3128 inter
1624 3063 1842 3128 fideles
1903 3064 2039 3146 ipsa
2093 3065 2317 3148 religio
2379 3063 2730 3128 christiana
2780 3063 2989 3126 diver-

682 3162 940 3225 sitatem
1007 3162 1183 3226 illam
1257 3161 1534 3224 maxime
1603 3161 1978 3244 mitigabat,
2056 3161 2157 3224 vel
2229 3159 2307 3223 ad
2376 3164 2630 3244 gratam
2699 3159 2992 3224 vertebat
3066 3222 3083 3237 ,

682 3257 1105 3322 harmoniam.
1193 3255 1317 3322 Sed
1364 3257 1790 3340 subsequenti
1836 3261 2070 3332 aetate,
2118 3258 2498 3340 praesertim
2546 3257 2801 3340 quando
2842 3255 2992 3320 inde

682 3375 721 3417 a
761 3355 1009 3418 saeculo
1056 3355 1286 3438 quinto
1333 3360 1607 3418 exeunte
1657 3355 1851 3418 etiam
1898 3354 2372 3418 vicissitudines
2419 3353 2633 3417 variae
2689 3352 2760 3416 in
2817 3373 2990 3435 prae-

683 3449 963 3515 dominio
1030 3449 1393 3516 Occidentis
1457 3455 1521 3514 et
1577 3450 1864 3515 Orientis
1923 3449 2324 3527 acciderunt,
2383 3449 2784 3513 differentiae
2844 3448 2985 3512 illae

682 3545 939 3624 indolis,
1007 3551 1073 3611 et
1136 3547 1623 3631 antagonismus
1690 3569 1768 3610 ex
1830 3547 1906 3610 iis
1967 3548 2348 3629 proveniens
2408 3547 2643 3610 iterum
2709 3544 2983 3628 apertius

685 3665 1055 3726 apparuere.

382 3784 638 3856 ‘uuiversitas
868 3768 966 3830 10.
1034 3767 1299 3832 Accedit
1365 3767 1444 3831 ad
1509 3768 1666 3832 haec
1731 3765 2117 3830 idiomatum
2155 3764 2555 3844 diversitas,
2630 3785 2754 3848 qua
2815 3783 2981 3845 sepa-

378 3846 645 3889 ¹d¹⁰m³t¹¹¹¹¹'
685 3865 851 3929 ratio
922 3863 1097 3928 inter
1168 3862 1575 3929 Occidentem
1651 3868 1713 3928 et
1787 3862 2118 3928 Orientem
2194 3862 2399 3946 magis
2473 3861 2807 3945 magisque
2879 3858 2979 3921 fir-

687 3961 1017 4041 mabatur,
1076 3961 1453 4043 praesertim
1518 3960 1668 4023 inde
1726 3982 1765 4024 a
1820 3959 2072 4024 saeculo
2133 3963 2348 4035 sexto,
2405 3979 2602 4041 quum
2653 3954 2979 4020 admodum

684 4059 1085 4121 minueretur
1162 4078 1466 4121 numerus
1539 4077 1785 4134 eorum,
1864 4057 1972 4139 qui
2038 4059 2378 4138 utramque
2449 4053 2736 4137 linguam
2801 4051 2980 4117 calle-

685 4143 869 4220 rent.
961 4153 1195 4219 Primis
1264 4148 1530 4217 'saeculis
1599 4151 1979 4231 christianis
2030 4151 2256 4235 lingua
2335 4171 2565 4235 graeca
2630 4149 2799 4233 apud
2867 4146 2981 4212 La-
