3270 5028
692 419 798 469 270
1046 416 1197 469 XVI.
1239 417 1449 471 Causae
1487 416 1724 472 celebres
1759 423 1817 471 et
1852 416 2173 471 Decretales
2209 417 2662 471 Pseudo-Isidori.

359 556 671 660 Ρῑθῗὲῃὲἰψθ·
872 559 977 625 59.
1040 558 1189 623 Jam
1246 558 1669 639 advertimuS,
1731 557 2070 641 approbari
2124 559 2498 642 neutiquam
2555 581 2768 643 posse,
2833 561 3008 643 quod

440 677 451 705 ι
586 651 596 660 ’
693 658 917 719 auctor
984 653 1730 720 Pseudo-Decretalium
1807 676 1880 718 ea
1936 677 2130 738 quam
2205 654 2480 719 diximus
2545 657 2795 720 ratione
2863 678 3010 740 spu·

643 741 646 744 ¹
691 751 819 814 rias
863 751 1007 814 illas
1052 751 1440 816 Pontificum
1485 750 1928 815 Romanorum
1984 752 2286 835 epistolas
2342 752 2685 817 confecerit
2740 760 2805 817 et
2853 775 3003 818 con·

690 848 909 911 suerit.
1016 846 1328 912 Attamen
1394 869 1472 911 ex
1535 847 1721 912 dictis
1781 848 2137 931 colligitur,
2207 848 2536 913 falsarium
2599 872 2733 913 non
2796 851 3010 933 egisse

692 965 770 1007 ex
833 944 959 1007 fine
1033 944 1249 1027 aliquo
1319 966 1646 1027 perverso3
1723 966 2054 1028 quousque
2130 949 2346 1009 autem
2423 946 2547 1009 sibi
2621 946 3006 1030 persuadere

692 1040 1004 1124 potuerit,
1062 1040 1312 1105 licitum
1360 1062 1497 1105 esse
1541 1042 1722 1105 illum
1776 1041 2009 1125 agendi
2056 1041 2313 1106 modum
2363 1064 2472 1106 seu
2522 1043 2849 1107 fictionem
2893 1044 3007 1108 lit·

690 1137 1024 1216 terariam,
1086 1137 1343 1202 difficile
1402 1142 1500 1202 est
1562 1137 1929 1222 dijudicare.
2048 1137 2413 1203 Occurrunt
2473 1139 2540 1203 in
2606 1141 3008 1206 saeculorum

691 1233 960 1298 decursu
1024 1234 1335 1317 ejusmodi
1395 1234 1795 1318 problemata
1858 1234 2338 1319 psychologica,
2411 1241 2730 1320 quatenus
2793 1237 3007 1320 operi·

692 1330 806 1394 bus
866 1330 1207 1413 praeclaris
1266 1331 1590 1395 fictionem
1648 1330 1972 1414 quandam
2021 1333 2386 1396 invenimus
2430 1332 2776 1411 intextam,
2836 1356 3009 1418 quae

691 1449 835 1491 cum
882 1426 1073 1490 rectis
1120 1448 1367 1491 morum
1424 1427 1666 1511 regulis
1726 1427 2051 1492 conciliari
2107 1428 2356 1512 nequit.
2449 1428 2829 1513 Exemplum
2885 1431 3009 1495 ali·

692 1523 860 1608 quod
913 1522 1640 1588 Pseudo-Decretalibus
1687 1524 2030 1608 analogum
2075 1524 2352 1588 habetur
2397 1526 2467 1590 in
2517 1524 2827 1609 Operibus
2872 1527 3012 1591 illis

690 1620 1063 1704 praeclariS,
1146 1620 1225 1682 ad
1294 1619 1687 1703 theologiam
1767 1620 2190 1704 dogmaticam
2266 1624 2332 1684 et
2400 1622 2734 1705 mysticam
2806 1625 3010 1705 perti-

691 1717 1030 1792 nentibus,
1094 1737 1259 1799 quae
1312 1737 1547 1781 nomen
1605 1738 1758 1800 prae
1814 1738 1882 1781 se
1939 1717 2161 1781 ferunt
2205 1717 2502 1801 Dionysii
2549 1719 3009 1803 Areopagitae,

694 1814 1012 1896 variisque
1089 1812 1242 1876 locis
1319 1812 1491 1876 hunc
1566 1817 1890 1880 auctorem
1961 1813 2084 1877 sibi
2152 1814 2501 1880 vindicant.
2518 1812 2568 1897 ¹)
2686 1814 3024 1905 Attamen·

693 1909 1087 1975 conveniunt
1151 1914 1373 1973 nostro
1435 1913 1724 1992 tempore
1793 1910 2026 1988 critici,
2097 1931 2289 1993 opera
2351 1910 2650 1994 Dionysii
2712 1912 3010 1996 Areopa-

692 2009 866 2092 gitae
912 2028 1046 2071 esse
1095 2007 1450 2091 supposita.
1530 2004 1602 2073 Si
1653 2007 1929 2089 quaeris,
1976 2028 2164 2090 quem
2211 2009 2405 2071 finem
2452 2010 2733 2092 potuerit
2781 2013 3014 2074 auctor

692 2104 957 2183 habere,
1034 2102 1182 2167 dum
1260 2124 1595 2186 personam
1664 2102 1962 2185 Dionysii
2027 2105 2478 2181 ementiretur,
2554 2126 2793 2188 magna
2859 2128 3014 2169 cum

691 2199 1145 2284 probabilitate
1190 2198 1535 2281 respondet
1581 2196 1931 2282 Nourry‚2)
1994 2199 2058 2263 id
2119 2222 2265 2264 eum
2326 2202 2578 2279 fecisse,
2639 2206 2715 2266 ut
2773 2204 3013 2286 majori

691 2319 834 2360 cum
911 2296 1293 2360 auctoritate
1370 2294 1791 2359 orthodoxam
1861 2295 2215 2361 doctrinam
2294 2302 2518 2363 contra
2585 2298 2647 2361 N
2652 2300 3016 2364 estorianos

692 2398 757 2458 et
816 2390 1301 2474 Monophysitas
1366 2391 1738 2456 vindicaret.
1834 2392 2060 2458 Potuit
2119 2395 2319 2478 igitur
2378 2397 2504 2473 vir,
2569 2419 2757 2481 quem
2823 2398 3011 2480 pium

693 2495 758 2554 et
834 2489 1191 2572 sapientem
1264 2502 1456 2572 opera
1525 2490 1853 2572 praeclara
1922 2492 2351 2575 proclamant,
2428 2512 2699 2559 erronea
2755 2492 3019 2576 pietate

693 2733 817 2786 rimi
857 2732 1232 2798 episcoporum
1268 2729 1327 2784 vi
1362 2730 1596 2799 propriis
1634 2747 1668 2785 a
1704 2732 1922 2786 sedibus
1958 2735 2172 2802 expulsi
2209 2739 2306 2788 aut
2342 2733 2536 2788 timore
2575 2734 2846 2801 derelictis
2876 2753 3013 2805 gre-

694 2812 856 2880 gibus
894 2809 1127 2864 diversis
1164 2809 1223 2863 in
1258 2810 1506 2877 partibus
1545 2812 1870 2865 exulantur.‘
1945 2813 2001 2867 C.
2039 2817 2097 2866 3:
2151 2813 2344 2882 „Multi
2382 2812 2612 2879 denique
2650 2814 2774 2867 hinc
2809 2821 3011 2882 poten-

694 2898 781 2947 tes
820 2890 1033 2958 expulsi
1070 2894 1198 2944 sunt
1236 2907 1269 2943 a
1305 2891 1512 2960 patria3
1560 2890 1800 2959 episcopi
1837 2907 2048 2961 quoque
2095 2893 2261 2947 aliive
2295 2892 2400 2946 Dei
2435 2891 2676 2946 ministri
2723 2894 3013 2948 custodias

696 2976 752 3026 et
790 2971 957 3025 exilia
992 2968 1190 3038 passi.“

874 3051 911 3117 ι)
951 3048 1207 3116 Quamvis
1247 3048 1414 3103 etiam
1452 3055 1640 3103 nostro
1688 3055 1934 3117 tempore
1979 3051 2164 3119 magni
2212 3050 2573 3104 aestimentur
2612 3049 2712 3103 illa
2726 3049 3009 3117 Dionysii

693 3146 883 3198 opera,
934 3128 1267 3183 conveniunt
1317 3132 1500 3182 tamen
1545 3131 1702 3183 modo
1747 3129 2056 3196 generatim
2094 3129 2320 3195 eruditi,
2371 3144 2534 3194 opera
2581 3128 2844 3198 ejusmodi
2881 3146 3014 3197 sup-

694 3209 877 3277 posita
912 3224 1032 3262 esse
1070 3214 1127 3262 et
1163 3207 1369 3260 saeculi
1405 3207 1581 3273 quinti
1619 3207 1842 3262 foetum.
1909 3207 2321 3263 Genuinitatem
2359 3223 2487 3262 vero
2524 3207 2745 3262 illorum
2780 3223 3007 3273 operum

695 3294 858 3343 antea
905 3286 1062 3340 multi
1110 3286 1474 3340 defenderunt
1523 3285 1814 3353 acerrime,
1870 3292 1927 3342 et
1975 3287 2033 3340 in
2082 3287 2351 3357 ejusmodi
2399 3286 2719 3354 quaestione
2767 3286 3012 3342 maxime

694 3367 780 3421 usi
819 3371 947 3420 sunt
984 3380 1047 3420 eo
1086 3369 1440 3433 argumento,
1490 3381 1608 3418 cum
1654 3365 1896 3420 auctoris
1943 3367 2153 3434 pietate
2199 3383 2264 3420 66
2311 3365 2580 3434 sapientia
2614 3364 2908 3419 manifesta
2947 3372 3014 3420 et

695 3446 895 3502 eximia
931 3444 1147 3498 omnino
1184 3459 1459 3512 pugnare,
1510 3445 1650 3511 quod
1696 3444 1815 3512 ipse
1853 3445 2019 3501 fuerit
2064 3445 2349 3512 falsarius,
2395 3444 2485 3513 qui
2523 3443 2715 3498 fraude
2753 3460 2815 3496 ac
2853 3460 3006 3499 men—

695 3525 849 3580 dacio
887 3522 1138 3591 Dionysii
1173 3522 1546 3591 Areopagitae
1590 3523 1831 3578 induerit
1875 3539 2178 3593 personam.
2252 3525 2345 3579 Ita
2381 3540 2424 3578 e.
2463 3540 2516 3592 g.
2557 3522 2611 3576 in
2658 3522 2895 3591 epistola
2933 3525 3007 3578 ad

694 3603 1001 3658 Lasselium
1048 3602 1136 3656 die
1184 3604 1269 3655 25.
1307 3602 1513 3669 Aprilis
1561 3603 1689 3655 anni
1742 3605 1877 3657 1615
1925 3596 2170 3670 scriptas*
2203 3603 2452 3669 Lessius,
2504 3601 2832 3656 clarissimus
2869 3617 3011 3657 sane

693 3683 1012 3750 theologus,
1078 3682 1179 3734 hoc
1234 3686 1562 3748 argumento
1617 3682 2019 3750 genuinitatem
2080 3682 2298 3737 illOrum
2352 3697 2573 3751 operum
2628 3681 2829 3736 acriter
2879 3698 3014 3750 pro-

693 3767 925 3830 pugnat.
1000 3761 1089 3827 (V.
1127 3760 1533 3814 Praefationem
1577 3760 1835 3815 editionis
1874 3761 2109 3829 Operum
2145 3762 2398 3830 Dionysii
2441 3777 2538 3829 per
2574 3760 2879 3815 Lasselium
2917 3777 3012 3828 ap.

694 3840 912 3894 Binium
950 3840 1091 3894 Bibl.
1127 3840 1352 3892 Patrum
1391 3847 1431 3893 t.
1471 3839 1517 3893 Ι.
1553 3856 1603 3906 p.
1651 3841 1789 3906 105).
1864 3840 1968 3895 Sed
2010 3841 2139 3896 inde
2182 3841 2365 3908 potius
2409 3838 2668 3907 colliges,
2714 3855 2820 3892 non
2864 3855 3010 3894 sem-

695 3936 793 3988 per
840 3920 1102 3987 pietatem
1153 3925 1210 3973 et
1258 3918 1434 3972 zelum
1484 3933 1604 3973 esse
1656 3920 1948 3974 secundum
1999 3920 2310 3987 scientiam,
2359 3925 2416 3974 et
2463 3934 2690 3974 erronea
2736 3933 2896 3985 posse
2946 3918 3010 3972 111

694 3999 899 4053 talibus
937 4013 1057 4052 esse
1087 3997 1313 4066 judicia.

875 4076 917 4145 2)
965 4077 1199 4132 Dissert.
1260 4078 1325 4131 de
1373 4077 1627 4145 operibus
1677 4076 1727 4132 S.
1773 4076 2023 4145 Dionysii
2071 4078 2128 4130 in
2174 4081 2439 4144 apparatu
2485 4077 2554 4129 ad
2600 4075 3010 4130 Bibliothecam

695 4175 837 4212 max.
874 4158 1119 4223 Patrum,
1155 4173 1205 4224 p.
1244 4158 1364 4211 603.
