3270 5028
886 449 1139 503 Elevatio
1177 449 1360 517 Pipini
1396 448 1453 502 in
1488 464 1676 517 regem
1716 449 2062 504 Francorum.
2537 453 2637 504 115

329 590 561 654 cennio
625 591 704 654 ad
744 612 996 669 ‘manus
1060 589 1400 664 Einhardi,
1465 592 1686 674 magni
1748 590 2396 655 Laureshamensium
2451 591 2637 655 amici

325 686 689 766 devenisse,
748 693 815 751 et
871 688 951 751 ab
1007 708 1080 750 eo
1133 687 1618 751 continuatione
1678 708 2000 750 annorum
2050 687 2425 763 788-829,
2486 709 2638 771 qua·

327 783 452 855 lem
497 783 828 847 annalium
878 783 1383 848 Laurissensium
1434 783 1678 846 codices
1726 783 2039 847 exhibent
2084 783 2380 859 donatOS,
2449 805 2638 866 opere

329 901 479 944 vero
525 878 602 943 ad
649 880 846 943 finem
904 880 1175 944 deducto
1188 926 1205 957 ‚
1270 880 1548 961 priorem
1595 879 1790 943 etiam
1837 882 2084 962 partem
2142 881 2470 944 monachis
2529 881 2639 944 de·

328 977 560 1051 bitam,
623 999 816 1061 quam
876 998 1066 1060 opera
1120 997 1238 1039 sua
1297 975 1647 1058 plurimum
1702 975 1990 1059 indigere
2035 976 2493 1052 intellexisset,
2556 977 2638 1041 ab

328 1072 665 1137 Einhardo
725 1073 1151 1157 recognitam,
1215 1076 1412 1156 atque
1473 1093 1600 1136 una
1667 1095 1813 1135 cum
1872 1073 2361 1137 continuatione
2420 1074 2638 1157 paucis

330 1169 537 1232 verbis
583 1169 924 1233 immutata
969 1169 1087 1234 sub
1132 1190 1248 1232 suo
1304 1168 1566 1233 nomine
1621 1165 1920 1252 (annales
1966 1167 2344 1252 Eginhardi)
2400 1169 2636 1234 editam

327 1286 465 1328 esse
510 1287 756 1329 censeo.
851 1265 1027 1341 Quae
1083 1265 1136 1329 si
1184 1265 1285 1328 cui
1345 1265 1559 1329 minus
1589 1265 2012 1348 placuerint,
2069 1266 2194 1328 alia
2244 1287 2361 1329 nos
2413 1266 2636 1330 docere

329 1382 458 1424 non
516 1361 986 1444 supersedeat.“
1007 1358 1056 1446 1)
1161 1360 1492 1424 Habemus
1549 1360 1653 1424 hic
1706 1361 1977 1445 proinde
2030 1361 2280 1447 fontem
2334 1363 2636 1443 vetustis-

325 1457 590 1535 simum,
655 1459 752 1522 cui
814 1458 1002 1522 fidem
1066 1458 1385 1540 denegare
1448 1478 1708 1539 prorsus
1776 1457 2185 1521 arbitrarium
2252 1461 2366 1521 est.
2477 1456 2634 1522 Cum

328 1547 498 1617 hisce
544 1576 696 1618 vero
740 1554 1001 1638 plurimi
1049 1554 1158 1617 alii
1206 1553 1497 1617 Annales
1545 1557 1611 1617 et
1658 1551 2012 1637 Scriptores
2050 1550 2520 1633 conveniunt.²)

503 1684 889 1777 39jExstat
935 1716 1267 1794 praeterea
1313 1712 1757 1776 testimonium
1818 1712 2011 1776 etiam
2059 1714 2404 1790 vetustius,
2462 1713 2631 1797 quod
2647 1703 2963 1808 gmfflffifflj·

325 1810 701 1873 continetur
761 1808 995 1872 celebri
1048 1805 1368 1891 Clausala
1416 1807 1666 1892 adjecta
1712 1809 1980 1892 antiquo
2028 1811 2460 1893 manuscripto
2525 1832 2631 1874 oo-

323 1905 481 1988 dici,
541 1906 610 1967 in
669 1927 795 1988 quo
855 1903 1178 1968 habentur
1237 1903 1383 1967 libri
1441 1903 1501 1968 S.
1552 1903 1848 1988 Gregorii
1896 1905 2287 1970 Turonensis
2348 1904 2424 1968 de
2480 1904 2635 1969 vitis

317 2003 628 2082 patrum,
691 2003 756 2064 et
810 1999 886 2063 de
940 1998 1159 2082 yloria
1218 1998 1675 2080 confessorum.
1778 2001 1991 2065 Codex
2038 2002 2344 2066 inventus
2406 2006 2504 2066 est
2563 2003 2634 2067 in

326 2097 612 2162 Abbatia
680 2095 742 2162 S.
816 2096 1108 2180 Dionysii
1177 2119 1370 2179 prope
1438 2097 1753 2178 Parisios,
1830 2102 1894 2161 et
1961 2097 2263 2164 Clausula
2324 2098 2497 2163 edita
2564 2102 2634 2164 in

326 2192 512 2256 Actis
559 2190 1028 2256 Bollandianis
1077 2191 1248 2256 Tom.
1297 2190 1438 2255 HI.
1490 2190 1731 2256 Martii
1778 2193 2111 2278 (Exegesis
2157 2195 2631 2278 praeliminaris

330 2312 389 2371 p.
440 2288 690 2371 XXII),
750 2312 788 2352 a
836 2289 1318 2373 Papenbrochio
1376 2294 1442 2353 et
1494 2289 1911 2356 Henschenio
1958 2292 2109 2355 viris
2167 2292 2633 2371 eruditissimiS,

327 2406 579 2449 necnon
651 2408 689 2450 a
757 2387 1167 2468 Mabillonio,
1238 2384 1343 2448 De
1402 2405 1474 2448 re
1533 2382 1863 2467 diplomat.
1922 2387 1995 2450 L.
2043 2388 2116 2450 V.
2181 2412 2243 2473 p.
2306 2390 2463 2466 354,
2523 2390 2634 2473 qui

322 2486 391 2546 et
449 2482 922 2566 genuinitatem
989 2484 1128 2568 ejus
1191 2505 1259 2548 se
1321 2484 1661 2567 agnovisse
1727 2487 2023 2550 testatur.
2133 2484 2477 2551 Invenitur
2539 2487 2635 2551 vi-

321 2577 606 2656 delicet„
661 2581 897 2662 scripta
963 2580 1182 2644 eodem
1256 2583 1622 2643 atramento
1693 2584 1757 2643 et
1825 2580 2221 2664 charactere,
2300 2605 2424 2667 quo
2495 2605 2633 2647 cae-

324 2682 468 2739 tera
532 2698 699 2759 quae
763 2678 833 2740 in
905 2676 1114 2739 codice
1181 2677 1600 2740 continentur
1664 2677 1900 2759 scripta
1962 2683 2146 2754 sunt,
2225 2680 2377 2743 haec
2442 2679 2632 2744 Clau-

322 2772 462 2835 sula
514 2772 757 2837 addita:
819 2769 896 2836 Si
951 2791 1136 2836 nosse
1189 2770 1316 2850 viS,
1376 2770 1594 2849 lector,
1660 2770 1895 2852 quibus
1953 2771 2057 2837 hic
2104 2772 2353 2839 libellas
2400 2778 2632 2857 tempo-

322 2864 510 2931 ribus
555 2866 858 2932 videatur
914 2888 1046 2932 esse
1091 2867 1492 2948 conscriptus
1546 2866 1632 2931 ad
1686 2888 2021 2934 sacrorum
2070 2874 2440 2951 martyrum
2483 2892 2631 2953 pre-

324 2961 559 3029 tiosam
606 2962 817 3028 editas
851 2964 1125 3043 laudem,
1174 2962 1483 3042 invenieS,
1524 2983 1701 3028 anno
1741 2962 1819 3027 ab
1866 2964 2324 3030 incarnatione
2354 2966 2634 3032 Domini

505 3227 547 3293 ²)
585 3227 939 3281 Monumenta
977 3226 1154 3280 Germ.
1195 3227 1348 3281 Tom.
1396 3226 1438 3279 I.
1479 3242 1530 3293 p.
1573 3227 1690 3279 127.
1738 3255 1806 3263 —
1851 3225 2154 3281 Citavimus
2192 3244 2321 3296 prae
2360 3229 2485 3283 aliis
2523 3231 2633 3284 An·

321 3306 478 3360 nales
516 3305 900 3359 Laurissenses
951 3306 1017 3358 ob
1068 3304 1167 3359 illa
1209 3306 1403 3370 verba,
1458 3309 1524 3358 at
1567 3321 1680 3359 non
1726 3305 2142 3359 conturbaretur
2188 3308 2331 3363 ordo.
2426 3310 2512 3364 Ex
2560 3310 2632 3363 iis

320 3385 466 3439 enim
493 3384 792 3452 colligitur,
829 3384 987 3451 quale
1015 3383 1276 3438 motivam
1298 3383 1356 3440 in
1385 3383 1658 3438 decisione
1685 3383 1971 3438 Pontifieis
2001 3391 2153 3439 aetas
2185 3387 2295 3441 ista
2324 3389 2630 3456 agnoverit.

501 3462 542 3531 ²)
581 3464 722 3517 Vide
758 3468 945 3517 textus
987 3463 1185 3517 citatos
1233 3479 1317 3530 ap.
1365 3462 1658 3529 Bartolini,
1703 3463 1740 3515 1.
1787 3480 1831 3517 o.
1876 3481 1928 3532 p.
1964 3467 2066 3517 508
2110 3480 2225 3532 sqq.
2272 3498 2339 3503 -—
2389 3468 2633 3522 Difficul-

321 3550 412 3596 tas
449 3558 580 3597 vero
619 3557 727 3595 non
762 3547 949 3609 potest
985 3542 1112 3596 inde
1150 3542 1292 3610 peti,
1339 3542 1482 3610 quod
1519 3542 1869 3610 Eginhardus
1908 3543 1967 3596 in
2013 3543 2137 3598 Vita
2173 3544 2355 3600 Caroli
2392 3547 2472 3600 M.
2512 3547 2631 3601 Ste-

320 3623 502 3687 phano
550 3620 940 3688 depositionem
993 3620 1288 3675 Childerici
1346 3620 1645 3675 adscribat.
1740 3621 1915 3687 Quum
1960 3623 2258 3678 Zacharias
2307 3625 2461 3679 brevi
2507 3631 2634 3693 post

320 3706 565 3754 mortuus
622 3699 722 3764 sit,
777 3704 836 3753 et
886 3699 1192 3767 Stephanus
1244 3700 1369 3754 dein
1417 3700 1633 3754 venerit
1692 3700 1750 3754 in
1797 3700 2111 3767 Franciam,
2169 3719 2232 3757 ac
2286 3705 2633 3759 coronatione

319 3779 506 3845 Pipini
545 3794 679 3846 opus
718 3779 1036 3832 solemniter
1073 3777 1428 3846 compleverit
1463 3785 1757 3847 partesque
1793 3780 2046 3835 habuerit
2083 3781 2404 3849 praecipuas
2434 3784 2491 3837 in
2521 3785 2631 3838 isto

325 3858 572 3926 negoti0‚
609 3857 773 3912 facile
809 3857 929 3911 fieri
965 3857 1162 3925 potuit,
1200 3862 1262 3911 ut
1299 3856 1655 3926 Eginhardus
1693 3858 1751 3910 in
1789 3858 1908 3912 vita
1946 3859 2151 3923 Caroli,
2192 3878 2353 3928 quum
2391 3879 2499 3916 non
2535 3879 2667 3930 per·

319 3937 572 4005 singulos
618 3952 786 3990 annos
835 3936 1167 3991 describeret
1215 3944 1471 4001 eventus,
1522 3935 1798 4004 Stephano
1837 3936 1954 4004 jam
2001 3940 2270 3993 tribueret
2315 3941 2456 4007 quod
2499 3940 2634 3996 fecit

321 4014 634 4069 Zacharias.
710 4015 797 4068 Ad
846 4030 1107 4068 summum
1149 4031 1215 4069 ex
1261 4014 1363 4068 tali
1412 4014 1725 4070 differentia
1773 4016 2104 4071 narrationis
2156 4018 2388 4087 suspicio
2432 4020 2634 4074 oboriri

318 4097 538 4160 posset,
589 4109 698 4148 non
735 4094 1111 4163 Eginhardum
1161 4094 1256 4148 sed
1308 4092 1477 4147 alium
1512 4099 1795 4148 vetustum
1845 4096 2164 4163 scriptorem
2216 4114 2281 4151 ea
2327 4098 2526 4154 fecisse
2577 4107 2634 4154 et

318 4173 626 4240 scripsisse,
666 4188 802 4240 quae
843 4173 1090 4239 superius
1130 4189 1195 4227 ex
1233 4172 1452 4227 Pertzio
1492 4172 1801 4227 citavimus.

2255 4261 2318 4315 8*
