3270 5028
651 448 763 499 2380
1335 445 1511 498 XVII.
1550 445 1630 500 De
1670 445 1964 500 schismate
2002 444 2292 500 Photian0.

649 607 881 650 omnes
937 587 1263 668 praesules
1321 586 1584 652 Galliae.
1680 584 1777 649 Ea
1836 587 2137 697 epistola,
2202 586 2351 651 data
2407 587 2464 651 d.
2523 585 2626 649 23.
2671 584 3012 650 Octobris

657 704 714 746 a.
745 681 895 759 867,
942 680 1247 747 Nicolaus
1294 684 1581 766 exponit,
1627 704 1794 766 quae
1839 685 1908 747 in
1953 684 2221 748 ecclesia
2267 683 2533 748 CPtana
2578 682 3004 753 acciderant

654 778 1003 861 Photiique
1073 775 1511 843 accusationes
1570 780 1641 843 in
1699 779 2066 844 Romanum
2128 779 2505 844 Pontificem
2565 783 2631 843 et
2683 777 3005 843 occiden-

655 876 854 939 talem
896 876 1225 939 ecclesiam
1270 877 1573 959 prolatas.
1656 875 1857 940 Gesta
1903 876 2304 940 conciliabuli
2354 883 2421 940 et
2467 874 3000 940 consummatio-

655 994 806 1036 nem
854 972 1215 1037 schismatis
1264 972 1548 1036 nondum
1586 972 1848 1037 ·videtur
1887 973 2194 1037 Pontifex
2239 994 2315 1036 eo
2361 978 2649 1056 tempore
2694 972 2997 1036 novisse.

656 1068 1056 1134 Exhortatur
1122 1068 1371 1134 Galliae
1435 1070 1759 1151 praesules
1771 1117 1814 1147 ,‚
1865 1078 1939 1133 ut
2000 1071 2070 1133 in
2133 1068 2308 1133 hisce
2368 1091 2582 1133 rernm
2648 1067 2996 1152 adjunctis

655 1165 974 1231 unitatem
1021 1188 1161 1230 cum
1215 1166 1375 1230 Sede
1423 1163 1805 1249 Apostolica‘
1844 1167 2112 1231 firmiter
2150 1171 2441 1241 teneant,
2487 1170 2680 1250 atque
2726 1166 2992 1228 habitis

655 1263 912 1345 synodis
950 1264 1073 1345 ipsi
1119 1285 1234 1346 pro
1281 1284 1430 1326 vera
1458 1261 1581 1326 fide
1628 1268 1697 1327 et
1729 1263 1849 1326 Dei
1881 1263 2165 1327 Ecclesia
2211 1263 2562 1341 decertent,
2609 1262 2989 1326 calumnias

619 1373 640 1436 f:
660 1359 1046 1424 Graecorum
1093 1360 1426 1435 refellant,
1481 1363 1546 1423 et
1592 1381 1903 1442 responsa
1949 1359 2028 1422 ad
2074 1381 2180 1423 eas
2227 1360 2666 1423 accusationes
2713 1360 2989 1441 scriptis

374 1454 613 1561 Effiifffigss
630 1461 967 1539 concepta
1015 1456 1287 1520 Romam
1335 1456 1809 1522 transmittant.
1900 1455 2297 1537 Maqnope‘re
2343 1454 2664 1535 convenit,
2720 1456 2846 1537 ait,
2903 1457 2989 1518 ut

596 1557 719 1617 et
764 1556 979 1617 vestra
1026 1572 1276 1634 qaoque
1317 1551 1729 1634 fraternitas,
1777 1571 2016 1615 morem
2067 1572 2208 1616 seca
2216 1555 2285 1616 ta
2325 1552 2667 1634 majoram,
2717 1570 2986 1615 cancer-

659 1653 810 1714 tans
855 1648 1039 1713 nobis
1084 1653 1144 1713 et
1189 1648 1597 1713 ananim-iter
1643 1646 2045 1712 collaborans
2098 1647 2172 1712 in
2224 1647 2466 1713 talibas
2509 1647 2921 1714 inveniatur.
2935 1645 2986 1728 1)

655 1748 758 1811 Ad
824 1768 1043 1831 regem
1104 1746 1401 1811 Carolum
1466 1745 1728 1810 Calvum
1797 1754 1992 1828 atque
2054 1746 2134 1810 ad
2192 1745 2575 1810 Germaniae
2639 1746 2983 1829 episcopos

654 1845 896 1928 pariter
940 1844 1066 1907 isto
1113 1844 1190 1906 de
1238 1843 1499 1927 negotio
1545 1843 1798 1907 litteras
1845 1843 2035 1907 dedit.
2084 1879 2172 1888 —
2218 1842 2608 1908 Hincmarus
2635 1842 2983 1906 Rhemen-

651 1941 741 2004 sis
787 1960 1024 2023 magno
1069 1940 1318 2004 fervore
1369 1961 1444 2003 ea
1475 1961 1642 2022 quae
1686 1940 1807 2022 ipsi
1841 1938 2144 2003 Nicolaus
2190 1940 2595 2003 commiserat
2626 1944 2982 2004 exsecutus

653 2044 785 2112 est,
846 2059 918 2100 ac
963 2038 1124 2100 varii
1155 2042 1395 2100 ‘contra
1442 2036 1719 2101 Graecos
1775 2036 1923 2099 libri
1972 2058 2046 2100 eo
2093 2038 2380 2119 tempore
2435 2037 2502 2099 in
2554 2035 2765 2101 Gallia
2811 2042 2983 2099 sunt

651 2134 951 2198 confecti.
1042 2132 1138 2195 Ex
1202 2133 1436 2216 quibus
1495 2133 1703 2197 adhuc
1765 2137 2027 2196 exstant
2087 2134 2344 2198 Aeneae
2389 2132 2778 2196 Parisiensis
2842 2134 2981 2215 epi·

575 2297 584 2318 f
641 2232 827 2314 scopi
876 2228 989 2314 (m.
1037 2231 1189 2306 870)
1237 2227 1440 2292 [siber
1484 2228 1796 2300 adversas
1841 2228 2136 2307 Graecae,
2186 2234 2253 2293 et
2282 2230 2618 2294 Ratramni
2665 2229 2973 2293 monachi

568 2327 581 2442 ἐ
657 2349 816 2411 opus
863 2328 1135 2409 amplius
1171 2325 1416 2389 Contra
1453 2324 1851 2390 Graecorum
1894 2326 2183 2407 opposita
2216 2325 2591 2390 Romanam
2634 2324 2973 2389 ecclesiam

656 2421 1079 2505 infamantia.
1136 2459 1210 2467 —
1261 2422 1321 2485 N
1325 2424 1563 2487 icolaus
1594 2423 1899 2487 Pontifex
1931 2421 2145 2486 aute‘m
2174 2424 2420 2486 meritis
2460 2424 2690 2506 plenus
2722 2428 2788 2488 et
2818 2444 2975 2486 vere

657 2522 953 2605 MagnUS,
1004 2543 1075 2584 eo
1122 2541 1295 2584 anno
1334 2521 1458 2584 867
1507 2520 1729 2584 Idibus
1761 2519 2140 2584 Novembris
2187 2543 2264 2584 ex
2312 2520 2431 2583 hac
2475 2522 2617 2584 luce
2663 2521 2975 2602 migravit

658 2622 736 2684 ad
772 2618 1139 2684 Dominum.
1219 2615 1347 2680 Sed
1382 2618 1521 2700 jam
1553 2623 1708 2681 ante
1745 2617 1918 2681 hunc
1954 2617 2121 2681 diem
2156 2640 2254 2681 res
2286 2618 2354 2680 in
2396 2615 2662 2682 Oriente
2708 2610 2985 2700 penitus*

658 2719 949 2780 mutatae
994 2719 1181 2798 sunt3
1241 2714 1555 2778 Michaele
1600 2715 1802 2779 occiso
1850 2714 2143 2778 videlicet
2190 2713 2470 2778 Basilius
2515 2716 2686 2778 solus
2732 2735 2971 2794 regna·

658 2813 785 2887 vit,
833 2810 1139 2875 Photium
1189 2834 1265 2876 ex
1312 2811 1459 2875 sede
1510 2811 1774 2875 CPtana
1830 2810 2569 2895 dejecit,rrestituitque
2613 2810 2969 2894 ignatium.

930 3226 1070 3288 De
1131 3224 1579 3288 Concilio
1645 3223 2264 3287 oecumenico
2326 3229 2599 3285 octav
2619 3239 2686 3285 ο.

354 3391 597 3507 Ῐὲἓὲξξῖἒτ
842 3380 942 3444 74.
1002 3378 1276 3469 Qasiliiis
1333 3377 1594 3441 Macedo
1654 3377 2069 3461 Adrianopoli
2131 3398 2300 3440 anno
2358 3377 2482 3440 812
2543 3376 2769 3441 humili
2826 3378 2966 3442 loco

658 3482 882 3552 natUS,
954 3498 1149 3558 quum
1212 3474 1491 3557 corporis
1544 3475 1772 3539 robore
1833 3475 2081 3558 vigeret
2141 3482 2206 3538 et
2266 3474 2333 3536 in
2398 3473 2731 3537 domandis
2792 3475 2967 3557 equis

657 3574 1027 3649 excelleret,
1083 3573 1365 3637 favorem
1414 3577 1737 3635 assecutus
1790 3575 1890 3635 est
1937 3570 2270 3636 Michaelis
2318 3568 2753 3653 Imperatoris.
2844 3571 2966 3647 Qui

654 3671 929 3754 primum
979 3670 1157 3753 equis
1204 3674 1269 3733 et
1314 3660 1581 3732 s'tabulis
1625 3669 1755 3732 suis
1802 3689 1947 3731 eum
1994 3669 2319 3751 praefecit,
2369 3665 2518 3734 dein
2551 3689 2720 3746 vero,
2767 3689 2961 3750 quum

658 3789 776 3832 nec
823 3767 1019 3829 animi
1076 3770 1141 3829 et
1199 3765 1451 3850 ingenii
1498 3764 1676 3829 dotes
1734 3766 1978 3835 homini
2026 3765 2348 3842 deessent,
2403 3767 2585 3849 isque
2643 3787 2711 3829 se
2757 3763 2964 3847 Impe-

659 3865 857 3928 ratori
906 3864 1238 3946 praeberet
1283 3866 1545 3945 gratum
1588 3862 1655 3924 in
1706 3861 2188 3938 venationibuS,
2249 3861 2842 3943 comessationibus,
2893 3883 2962 3925 ac

659 3961 825 4024 ludis
872 3960 1276 4043 equestribus
1307 3959 1625 4037 comitem,
1671 3957 1947 4021 Michael
1990 3980 2102 4041 per
2132 3959 2340 4022 varios
2372 3958 2684 4023 honorum
2730 3957 2961 4042 gradus

840 4184 879 4255 ¹)
914 4185 977 4238 v,
1016 4183 1197 4236 nabbe
1223 4184 1377 4236 Vm.
1415 4186 1535 4237 471.
