3270 5028
803 447 1205 515 Expenduntur
1240 447 1615 502 accusationes
1652 447 1712 500 in
1747 447 1900 502 Rom.
1939 447 2249 503 Pontifices.
2573 452 2672 503 165

363 612 489 654 nus
564 611 698 654 non
745 589 906 666 {ideo
970 590 1167 672 cepit,
1244 594 1319 652 ut
1374 588 1493 653 hac
1560 590 1814 654 ratione
1883 589 2111 654 Carolo
2174 589 2420 672 Magno
2469 589 2669 653 -obse-

358 686 584 770 quium
661 691 1045 770 praestaret,
1116 690 1182 749 et
1247 686 1524 750 medium
1593 685 1864 750 haberet
1932 708 2061 769 quo
2124 686 2467 770 postulatis
2532 688 2671 769 ejus
2689 682 2828 745 ΩΨ
2872 683 3014 749 Grem-

358 782 781 848 satisfaceret.
890 782 1018 850 Sed
1082 805 1276 868 quum
1341 783 1575 847 merito
1642 780 1898 847 Graecis
1959 783 2435 866 indignaretur,
2503 782 2674 865 quod
2769 758 2927 789 mmm

364 902 497 945 non
561 881 861 945 obstante
927 881 1127 963 ipsius
1193 879 1516 943 mandatis
1582 901 1705 944 nec
1769 878 2015 962 Illyrici
2081 881 2476 964 provinciam
2541 879 2675 963 juri

266 1057 277 1062 -
367 978 782 1060 patriarchali
849 976 1030 1041 Sedis
1092 977 1506 1060 apostolicae,
1579 998 1699 1040 nec
1771 981 1957 1060 rapta
2023 977 2414 1060 patrimonia
2477 975 2675 1051 eccle<-

366 1074 502 1138 siae
549 1073 879 1138 Romanae
935 1074 1280 1137 restituere
1327 1074 1599 1153 vellent,
1655 1073 1987 1138 occasione
2044 1074 2407 1138 litterarum
2463 1071 2676 1137 Caroli

365 1169 442 1233 de
512 1169 798 1235 Concilio
868 1169 1185 1249 Nicaeno,
1256 1192 1457 1254 quum
1524 1169 1698 1253 regis
1774 1172 2068 1253 querelas
2139 1172 2413 1255 injustas
2479 1192 2699 1260 repu-t

362 1265 574 1342 lisset,
636 1267 829 1331 simul
874 1267 1180 1343 advertit,
1241 1267 1368 1330 alia
1415 1288 1556 1331 esse
1614 1266 1829 1349 capita
1887 1265 2146 1332 Graecis
2207 1266 2672 1352 exprobranda,

361 1367 427 1426 et
500 1385 813 1446 quaenam
871 1364 1005 1427 sint
1073 1364 1272 1447 ipsius
1340 1363 1612 1428 consilia
1682 1362 1890 1427 edicit.
1984 1364 2109 1427 Illa
2172 1371 2386 1429 autem
2458 1363 2673 1442 verba,
2805 1402 2832 1435 γ

358 1457 422 1522 si
465 1463 682 1522 vestra
744 1458 1058 1524 annuerit
1110 1479 1152 1524 a
1198 1458 1340 1523 Deo
1392 1461 1688 1541 protecta
1743 1457 1985 1540 reyalis
2038 1458 2443 1539 eaecellentia,
2500 1459 2673 1522 haud

360 1556 707 1623 involvunt
762 1557 1261 1667 propositionem
1327 1579 1365 1620 a
1405 1556 1721 1620 Pontifice
1777 1555 2007 1621 Carolo
2067 1558 2331 1633 factam,
2392 1564 2458 1621 et
2512 1556 2673 1639 peti-

360 1653 604 1717 tionem
675 1675 1029 1719 consensus
1095 1654 1323 1737 ipsius;
1400 1652 1510 1717 sed
1587 1653 1802 1735 potius
1870 1653 2261 1717 urbanitatis
2329 1658 2482 1718 sunt
2546 1653 2674 1717 for-

359 1751 564 1835 mula,
609 1772 740 1835 qua
785 1750 1151 1816 Hadrianus
1199 1751 1530 1833 exprimit,
1575 1749 1697 1812 sibi
1744 1749 1917 1814 cordi
1963 1770 2130 1829 esse,
2188 1754 2261 1813 ut
2305 1749 2374 1813 in
2421 1749 2673 1834 magnis

358 1847 485 1911 illis
548 1848 827 1930 negotiis
892 1848 1186 1912 concordi
1250 1869 1394 1911 cum
1457 1867 1608 1931 rege
1675 1846 1888 1912 animo
1955 1846 2276 1931 procedat.
2341 1883 2430 1892 —
2492 1846 2673 1922 Quod

360 1964 512 2007 vero
587 1949 811 2008 auctor
880 1944 1185 2022 advertit,
1262 1943 1432 2008 haud
1504 1943 1697 2007 licere
1771 1947 1994 2008 notam
2069 1943 2406 2009 haereseos
2482 1943 2672 2008 alicui

358 2040 720 2122 imprimere
795 2041 874 2104 ob
939 2044 1195 2103 retenta
1263 2042 1432 2105 bona
1507 2040 1887 2123 temporalia
1963 2042 2295 2118 ecclesiae,
2379 2040 2673 2124 vidimu8‚

355 2157 492 2200 non
539 2137 641 2219 agi
700 2136 778 2199 de
834 2136 1236 2219 patrimoniis
1291 2142 1581 2221 tantum,
1641 2137 1752 2201 sed
1806 2138 2082 2201 maxime
2131 2138 2208 2202 de
2265 2138 2513 2222 juribus
2563 2161 2669 2220 pa-

352 2231 839 2310 thtsshalibUS.
882 2231 1061 2296 Sedis
1139 2234 1559 2316 apostolicae,
1646 2256 1808 2318 quae
1885 2257 1922 2297 a
2000 2234 2259 2298 Graecis
2340 2235 2671 2299 obstinata

358 2334 578 2392 mente
639 2330 1069 2394 violabantur.
1179 2328 1278 2394 Ob
1336 2331 1623 2395 eamdem
1686 2353 1937 2395 causam
1999 2333 2252 2396 saeculo
2312 2353 2486 2395 nono
2534 2331 2663 2396 Ha·

352 2424 620 2489 drianus
668 2425 751 2489 II.
798 2427 897 2489 vel
944 2426 1065 2509 ipsi
1110 2424 1175 2489 S.
1207 2425 1467 2510 Ignatio
1514 2427 1912 2511 patriarchae
1943 2427 2192 2510 Optano
2241 2429 2667 2492 excommuni-

353 2524 675 2587 cationem
740 2524 1021 2587 minatus
1087 2528 1205 2588 est.
1318 2523 1499 2599 Quod
1560 2546 1713 2589 vero
1777 2525 1971 2589 etiam
2037 2526 2113 2590 de
2169 2525 2418 2590 haeresi
2484 2526 2718 2610 argui.

352 2619 498 2703 quis
540 2621 742 2702 possit
787 2622 854 2688 in
901 2620 1213 2705 ejusmodi
1257 2643 1356 2698 re,
1416 2621 1565 2685 inde
1612 2625 1729 2698 est,
1777 2622 1961 2705 quia,
2020 2644 2218 2705 quum
2277 2622 2421 2705 quis
2467 2623 2669 2686 moni-

353 2720 461 2778 tus
499 2717 651 2800 jura
697 2717 1081 2800 apostolicae
1121 2716 1304 2782 Sedis
1350 2718 1678 2783 obstinate
1726 2719 1938 2802 pergit
1981 2718 2253 2795 laedere,
2302 2740 2667 2802 supremum

354 2811 547 2895 hujus
594 2811 779 2877 Sedis
827 2803 1281 2878 auctoritatem
1323 2816 1752 2898 praesumitur
1798 2837 2058 2899 negare,
2113 2820 2180 2878 et
2225 2815 2668 2880 inobedientia

356 2910 711 2974 voluntatis
759 2932 1034 2975 errorem
1091 2912 1309 2994 arguit
1363 2913 1527 2977 fidei.
1583 2948 1672 2956 —
1728 2911 2038 2995 Apprime
2085 2912 2163 2977 ad
2219 2935 2355 2976 rem
2412 2913 2482 2975 in
2528 2915 2668 2995 ipsa

356 3004 476 3069 hac
532 3029 720 3071 causa
778 3007 1123 3071 Baronius:
1185 3006 1319 3071 Hic
1372 3007 1613 3072 iterum
1668 3007 1862 3071 audis
1919 3006 2140 3087 lector,
2197 3008 2368 3089 quod
2421 3012 2482 3072 et
2524 3057 2538 3072 .
2586 3055 2600 3071 .
2648 3058 2661 3071 .

358 3100 568 3165 verbis
624 3101 689 3167 S.
742 3102 1049 3185 Greyorii
1091 3123 1309 3185 papae
1354 3102 1631 3183 audisti,
1690 3102 2009 3167 nimirum
2066 3104 2354 3168 transire
2396 3104 2472 3169 in
2517 3103 2665 3168 hae·

357 3196 555 3262 resim
589 3198 980 3265 obstinatam
1013 3200 1491 3281 occupationem
1527 3199 1795 3282 jurium
1826 3204 2088 3264 sanctae
2109 3200 2450 3266 Romanae
2480 3201 2665 3266 eccle-

355 3292 520 3375 siae,
580 3300 641 3360 et
684 3295 1080 3361 haereticum
1137 3317 1268 3361 esse
1314 3296 1680 3376 dicendum,
1736 3296 1852 3377 qui
1896 3296 1970 3360 in
2027 3295 2402 3379 hujusmodi
2447 3317 2665 3362 errore

358 3394 593 3473 tenta-5,
639 3392 928 3458 monitus
963 3414 1095 3458 non
1142 3392 1429 3476 corrigit,
1480 3393 1650 3474 quod
1692 3391 2038 3477 deliquit.¹)
2121 3395 2339 3478 Atque
2382 3395 2540 3459 haec
2587 3395 2664 3458 de

352 3487 686 3555 Hadriano
730 3491 1078 3556 sufficiant.

530 3589 633 3651 94.
700 3587 794 3651 Ut
854 3610 1003 3652 vero
1063 3587 1214 3651 huic
1271 3585 1731 3652 Dissertationi
1782 3589 1918 3697 jam
1983 3588 2179 3651 finem
2237 3589 2662 3699 imponamus,
2716 3601 2961 3646 Conclusio·

352 3705 720 3762 censemus,
778 3705 856 3747 ex
903 3685 981 3747 iis
1028 3706 1190 3768 quae
1236 3684 1307 3747 in
1355 3684 1574 3748 eadem
1623 3684 2032 3768 exposuimus
2077 3689 2252 3750 certo
2298 3685 2545 3768 colligi,
2601 3687 2662 3750 vi

358 3780 690 3864 cujusdam
746 3780 1145 3844 necessitatis
1201 3781 1634 3870 principatum
1694 3781 1945 3845 civilem
2001 3781 2279 3846 Romani
2327 3781 2662 3846 Pontificis

356 3865 777 3941 con-§titutum
826 3877 1051 3954 fuisse,
1105 3877 1635 3960 quemadmodum
1693 3882 1759 3941 et
1812 3878 2242 3962 subsequente
2299 3883 2514 3943 aetate
2556 3901 2661 3943 us-

350 3992 478 4054 que
438 3972 619 4036 u*ad
630 3973 936 4057 tempora
982 3971 1206 4037 nostra
1249 3973 1442 4058 hujus
1488 3975 1884 4058 principatus
1930 3975 2281 4040 necessitas
2332 3998 2445 4059 pro
2492 3976 2663 4041 bono

533 4180 575 4249 1)
612 4181 854 4236 Annales
892 4183 962 4235 ad
999 4198 1047 4237 a.
1078 4183 1195 4235 794.
1233 4198 1284 4235 n.
1325 4183 1409 4235 50.
