3270 5028
636 449 740 500 310
982 448 1129 500 XVI.
1171 447 1380 502 Causae
1418 448 1658 503 celebres
1696 453 1753 503 et
1789 449 2105 504 Decretales
2142 449 2602 503 Pseudo-Isidori.

815 588 959 653 105.
1029 588 1125 652 Ex
1194 588 1312 653 hac
1377 590 1574 673 igitur
1645 590 1914 673 epistola
1973 614 2114 655 cum
2185 591 2418 655 litteris
2487 589 2959 675 posterioribus

555 679 565 689 ’
637 690 1033 769 comparata,
1102 685 1180 749 de
1241 684 1516 770 Regnon
1578 708 1757 751 suam
1826 688 2216 751 sententiam
2283 688 2542 770 probat,
2605 686 2958 751 Collectio-

636 804 784 846 nem
851 782 1144 846 videlicet
1204 781 1432 845 Isidori
1510 784 1705 846 talem
1783 783 2098 847 influxum
2171 786 2524 848 exercuisse
2599 785 2669 847 in
2747 782 2953 847 Nico-

636 880 837 957 laum,
914 882 988 942 ut
1058 879 1318 961 penitus
1386 879 1762 943 immutaret
1837 880 2253 963 disciplinam.
2373 879 2498 944 Sed
2572 881 2624 943 si
2693 883 2955 944 attente

634 976 1072 1039 consideratur
1116 978 1325 1038 status
1370 998 1582 1039 rerum
1630 980 1697 1039 et
1743 975 2074 1041 Pontificis
2131 977 2433 1060 epistola,
2495 977 2772 1061 patebit,
2843 999 2952 1039 ar-

633 1075 1013 1156 gumentum
1076 1072 1234 1135 illud
1296 1093 1431 1137 esse
1491 1073 1731 1136 nullius
1793 1072 2044 1137 valoris.
2141 1073 2287 1137 Jam
2351 1074 2950 1151 animadvertimuS,

635 1168 717 1231 ab
774 1169 1043 1251 antiquo
1099 1172 1387 1252 tempore
1451 1168 1620 1232 haud
1685 1170 1943 1233 unicum
2003 1169 2201 1233 fuisse
2264 1170 2516 1235 modum
2579 1169 2810 1255 agendi
2876 1170 2951 1233 in

625 1265 884 1349 judiciis
949 1266 1422 1347 episcoporum,
1486 1266 1583 1329 ita
1645 1270 1722 1329 ut
1786 1266 1974 1329 modo
2033 1268 2518 1350 metropolitani
2587 1274 2654 1332 et
2712 1266 2951 1352 synodi

635 1362 1054 1444 provinciales
1110 1362 1666 1427 consentientibus
1714 1363 2136 1427 Pontificibus
2182 1364 2443 1447 negotia
2496 1365 2953 1440 terminarent,

638 1458 860 1539 modo,
938 1458 1048 1522 ubi
1122 1458 1185 1520 id
1258 1459 1684 1523 necessarium
1747 1460 1847 1522 vel
1916 1467 2343 1542 opportunum
2416 1465 2590 1535 erat,
2669 1459 2952 1524 Romani

634 1555 980 1619 Pontifices
1056 1555 1293 1620 directe
1375 1556 1853 1619 intervenirent
1928 1559 1992 1619 et
2073 1556 2465 1620 sententiam
2549 1557 2955 1621 definitivam

634 1652 1155 1733 pronuntiarent.
1247 1650 1571 1728 Vidimus,
1629 1652 1822 1715 etiam
1878 1652 1945 1715 in
2003 1651 2391 1717 Collectione
2446 1652 2679 1717 Isidori
2733 1652 2953 1716 varias

638 1769 756 1811 nec
812 1749 986 1811 inter
1049 1771 1115 1812 se
1171 1750 1623 1813 convenientes
1679 1749 1934 1833 regulas
1991 1748 2068 1812 de
2122 1750 2264 1812 istis
2318 1750 2594 1834 negotiis
2658 1749 2959 1833 proponi.

632 1844 770 1909 Imo
833 1845 947 1908 illa
1013 1867 1264 1928 quoque
1329 1867 1584 1923 norma,
1653 1867 1846 1928 quam
1912 1844 2213 1910 Nicolaus
2282 1846 2343 1909 in
2409 1848 2678 1929 epistola
2749 1846 2955 1910 citata

636 1942 957 2024 sequitur,
1033 1941 1328 2006 videlicet
1406 1965 1444 2029 a
1526 1942 2021 2024 metropolitano
2098 1947 2164 2006 et
2234 1942 2558 2007 duodecim
2639 1942 2957 2025 episcopis

632 2037 942 2122 judicium
1026 2060 1158 2102 esse
1250 2039 1752 2121 instituendum,
1842 2038 2117 2103 habetur
2203 2039 2271 2102 in
2359 2038 2752 2103 Collectione
2833 2038 2956 2101 Isi-

638 2133 810 2211 dori,
868 2135 1107 2199 scilicet
1162 2136 1234 2198 in
1283 2135 1554 2200 Actibus
1611 2134 1991 2218 apocryphis
2045 2133 2337 2199 Silvestri
2382 2138 2519 2219 jam
2581 2139 2772 2199 antea
2832 2157 2954 2199 no-

639 2231 755 2307 tis,
821 2236 886 2295 et
951 2232 1019 2295 in
1090 2232 1358 2314 epistola
1426 2232 1631 2316 prima
1701 2230 1947 2315 Pelagii
2014 2231 2096 2295 Π.
2227 2232 2428 2297 Porro
2498 2231 2799 2297 Nicolaus
2871 2254 2955 2296 eo

638 2328 708 2391 in
771 2349 920 2391 casu
987 2329 1215 2391 merito
1279 2328 1374 2391 illi
1432 2328 1693 2412 regulae
1756 2328 2026 2407 insistit,
2106 2351 2224 2393 nec
2294 2330 2755 2393 convenienter
2819 2329 2954 2392 alia

640 2424 917 2488 scribere
959 2426 1186 2507 potuit.

818 2523 963 2585 106.
1027 2521 1286 2585 Etenim
1342 2521 1746 2586 recolendum
1805 2527 1934 2598 est,
1990 2524 2128 2606 jam
2191 2522 2701 2605 praedecessores
2755 2522 2953 2587 Nico·

639 2619 745 2695 lai,
797 2618 1075 2682 Leonem
1127 2617 1240 2682 IV.
1298 2623 1364 2682 et
1404 2617 1826 2682 Benedictum
1873 2617 2024 2697 III.,
2092 2640 2236 2683 cum
2292 2617 2634 2683 Britonum
2690 2619 2955 2704 regibus

641 2718 706 2778 et
751 2714 1148 2797 praesulibus
1208 2714 1283 2777 de
1328 2714 1472 2778 istis
1530 2715 1808 2798 negotiis
1867 2720 2209 2793 tractasse,
2267 2719 2334 2778 et
2387 2716 2454 2779 in
2511 2717 2783 2798 epistola
2829 2739 2952 2780 sua

640 2811 977 2875 Nicolaum
1046 2833 1386 2893 provocare
1454 2810 1533 2873 ad
1603 2811 2156 2894 praedecessorum
2226 2832 2484 2875 suorum
2554 2814 2802 2878 litteras
2874 2835 2953 2876 ac

639 2909 970 2990 mandata,
1040 2906 1493 2991 Salomonique
1562 2928 1913 2990 exponere,
1983 2909 2134 2992 quid
2210 2907 2340 2972 Leo
2405 2907 2516 2974 IV.
2586 2909 2951 2974 Nomenoio

638 3005 776 3089 regi
844 3004 1261 3070 mandaverit.
1372 3004 1612 3068 Debuit
1672 3006 1875 3088 igitur
1933 3004 2239 3070 Nicolaus
2312 3006 2660 3088 prudenter
2721 3006 2950 3070 iisdem

639 3102 876 3187 regulis
938 3103 1270 3177 insistere,
1348 3102 1540 3184 idque
1608 3102 1804 3164 etiam
1869 3123 2058 3185 scopo
2127 3101 2359 3184 duplici
2434 3104 2568 3186 ejus
2638 3103 2949 3186 epistolae

640 3199 1082 3263 conveniebat.
1183 3198 1655 3263 Providendum
1707 3198 2002 3262 videlicet
2058 3205 2225 3273 erat,
2289 3204 2360 3262 ut
2422 3201 2742 3282 praesules
2793 3200 2950 3262 libe·

640 3301 943 3359 rarentur
1002 3294 1083 3358 ab
1146 3296 1413 3360 arbitrio
1474 3295 1645 3378 regis
1695 3298 1760 3358 et
1811 3295 2096 3378 judicum
2146 3297 2481 3371 laicorum,
2542 3296 2653 3378 qui
2714 3317 2819 3359 eos
2869 3295 2949 3358 ad

641 3392 991 3455 tribunalia
1034 3391 1384 3456 saecularia
1431 3390 1752 3470 citabant,
1808 3391 2205 3456 damnabant
2251 3396 2317 3455 et
2363 3392 2802 3475 deponebant,
2849 3396 2947 3456 ut-

643 3509 765 3572 que
810 3487 999 3551 simul
1048 3488 1360 3552 connexio
1416 3488 1852 3570 episcoporum
1904 3510 2040 3551 cum
2100 3489 2386 3572 legitimo
2443 3507 2664 3553 eorum
2718 3493 2948 3552 metro·

641 3585 961 3668 politano,
1018 3589 1084 3648 et
1127 3585 1437 3669 subjectio
1486 3605 1699 3647 eorum
1761 3584 1881 3647 sub
1925 3586 2065 3667 ipso
2112 3585 2628 3649 restituerentur.
2722 3585 2945 3649 Minus

643 3682 843 3766 igitur
910 3681 1251 3760 intererat,
1341 3704 1416 3746 ea
1480 3681 1809 3745 occasione
1887 3681 2222 3766 privilegia
2296 3679 2475 3746 Sedis
2538 3682 2947 3765 Apostolicae

644 3797 902 3863 urgere,
962 3800 1155 3861 quam
1215 3778 1494 3842 debitam
1538 3778 2038 3861 metropolitano
2099 3780 2522 3842 reverentiam
2581 3782 2645 3842 et
2700 3783 2947 3862 pertur-

645 3875 779 3939 bati
822 3874 1062 3957 ordinis
1110 3874 1485 3939 hierarchici
1532 3878 1895 3958 promptam
1940 3875 2450 3949 restitutionem,
2490 3897 2655 3958 quae
2700 3896 2776 3938 ea
2823 3876 2946 3952 via,

645 3993 837 4056 quam
903 3970 1206 4035 Pontifex
1267 3970 1620 4051 indicabat,
1686 3971 1954 4035 celerius
2016 3972 2295 4036 obtineri
2348 3975 2618 4055 poterat.
2725 3971 2948 4035 Caete-

643 4091 787 4131 rum
855 4090 1036 4132 suam
1104 4067 1550 4132 auctoritatem
1613 4065 1917 4132 Nicolaus
1987 4089 2098 4151 per
2167 4089 2234 4132 se
2303 4068 2613 4153 ejusmodi
2681 4069 2950 4152 epistola

643 4165 882 4248 scripta
944 4166 1198 4250 egregie
1263 4164 1619 4228 exercebat.
1711 4163 2050 4248 Quumque
2112 4165 2266 4228 satis
2338 4164 2764 4248 praevideret,
2830 4186 2948 4228 nec
