3270 5028
957 444 1166 500 Causae
1201 443 1567 513 principatum
1603 448 2017 512 praeparantes.
2559 446 2626 498 95

324 592 401 651 ut
451 609 554 651 eas
611 587 1073 653 submitterem
1120 588 1222 651 vel
1282 590 1358 650 ut
1409 585 1759 651 vindictam
1814 587 2171 662 sumerent,
2232 585 2627 669 irruperunt,

324 684 774 768 stragibusque
839 683 1126 749 barbaris
1189 702 1378 766 agros
1444 686 1510 745 et
1572 681 1868 747 civitates
1929 680 2273 764 replevere.
2287 678 2331 760 ¹)
2439 679 2629 745 Unde

321 779 540 844 hostili
619 781 892 865 quadam
969 780 1377 865 separatione
1450 779 1614 843 duae
1687 777 1985 843 nationes
2056 775 2301 842 divisae
2378 799 2627 842 reman-

322 881 576 952 serunt3
636 877 1022 943 Latinorum
1066 898 1218 941 vero
1264 898 1342 940 ex
1388 879 1574 960 parte
1619 875 1930 960 majorem
1984 874 2181 938 fuisse
2226 875 2625 939 aversionem

322 979 464 1036 tum
524 995 602 1038 ex
664 974 1060 1039 documentis
1118 972 1441 1037 historicis
1499 971 1856 1057 colligitur,
1915 974 2057 1035 tum
2117 993 2196 1035 ex
2252 994 2468 1036 rerum
2514 994 2631 1036 na·

320 1073 505 1145 tura,
559 1091 634 1135 eo
681 1071 848 1154 quod
902 1070 973 1134 hi
1021 1068 1478 1154 Longobardos
1535 1072 1610 1132 ut
1665 1069 1994 1132 invasores
2040 1067 2231 1133 duros
2288 1072 2355 1133 et
2400 1068 2629 1134 abhor-

321 1166 555 1231 rendos
615 1166 951 1232 haberent.
1059 1165 1145 1229 Et
1208 1163 1738 1249 quemadmodum
1802 1186 2048 1229 summa
2106 1169 2247 1229 erat
2303 1164 2624 1230 Romano·

320 1284 462 1325 rum
511 1263 802 1327 anxietas
849 1266 916 1327 et
959 1261 1350 1338 sollicitudo,
1403 1283 1487 1326 ne
1541 1261 1664 1343 ipsi
1709 1261 1897 1325 etiam
1954 1261 2075 1353 sub
2120 1260 2626 1326 dominationem

319 1357 495 1423 illius
541 1361 753 1444 gentis
802 1359 1033 1424 ferocis
1086 1359 1563 1443 redigerentur,
1620 1357 1715 1422 ita
1773 1357 2002 1441 negari
2057 1358 2287 1441 nequit
2323 1359 2430 1442 jus
2478 1357 2630 1440 ipsis

319 1454 538 1532 fuisse,
585 1460 660 1520 ut
703 1477 854 1520 suae
898 1455 1328 1521 incolumitati
1375 1458 1441 1519 et
1485 1453 2025 1537 independentiae
2070 1454 2506 1538 providerent,
2564 1457 2630 1517 et

320 1551 577 1635 quando
623 1550 1049 1636 Imperatores
1097 1551 1322 1617 Graeci
1377 1573 1493 1616 suo
1551 1550 1766 1615 officio
1816 1551 2115 1630 deerant,
2178 1552 2303 1617 alio
2351 1550 2624 1617 Romani

317 1670 385 1712 se
432 1651 778 1713 verterent.
1076 1638 1079 1641 “

500 1746 599 1808 18.
669 1744 1100 1829 Imperatores
1165 1744 1507 1809 orientales
1563 1745 2017 1826 gubernabant
2077 1745 2438 1828 provincias
2497 1743 2626 1809 Ita·
2686 1748 2911 1854 Εῆἓῖίθὲᾶθ

316 1841 442 1906 liae
504 1841 626 1905 sibi
691 1842 1042 1926 subjectas
1073 1863 1189 1925 per
1255 1838 1573 1925 Qrcfias
1634 1841 2175 1936 *qujfljtavennae
2236 1841 2624 1906 residebant.
2872 1843 2883 1854 ‘

318 1937 572 2002 Primus
642 1937 1058 2003 exarcharum
1126 1937 1253 2002 fuit
1319 1936 1682 2023 LonginuS,
1747 1934 1966 2023 quem'
2005 1961 2180 2003 anno
2238 1937 2366 2003 568
2423 1937 2622 2003 Justi-

315 2057 440 2099 nus
504 2033 588 2098 H.
658 2034 864 2113 misit,
932 2039 1008 2099 ut
1073 2038 1298 2100 contra
1363 2033 1824 2118 Longobardos
1892 2036 2088 2101 Italia
2155 2035 2625 2100 defenderetur.

313 2129 457 2195 Illis
521 2130 809 2195 exarchis
873 2153 987 2214 pro
1049 2130 1276 2197 Italiae
1340 2131 1669 2214 provincia
1735 2154 1981 2197 summa
2052 2139 2192 2197 erat
2256 2133 2622 2209 auctoritaS,

317 2232 456 2290 tum
521 2227 731 2311 quoad
790 2250 892 2292 res
952 2228 1166 2292 civiles
1224 2231 1366 2291 tum
1429 2227 1638 2312 quoad
1705 2251 1839 2292 rem
1904 2230 2272 2295 militarem.
2363 2229 2493 2313 Ipsi
2554 2230 2624 2293 in

315 2325 689 2407 Pentapoli,
743 2324 1018 2407 Romae,
1063 2323 1335 2407 Neapoli
1382 2325 1653 2408 aliisque
1697 2325 1767 2389 in
1827 2325 2195 2391 civitatibus
2247 2327 2630 2409 Imperatori

317 2421 621 2506 subjectis
685 2421 1136 2505 magistratum
1195 2443 1559 2504 supremum
1621 2422 1743 2485 sub
1797 2421 1991 2488 titulo
2043 2422 2228 2507 ducis
2280 2425 2627 2488 constitue·

317 2520 511 2596 bant,
563 2523 629 2583 et
673 2519 1068 2602 provinciam
1127 2523 1356 2583 contra
1412 2518 1630 2583 hostes
1680 2517 2148 2605 Longobardos·
2188 2521 2504 2586 custodire
2551 2542 2625 2585 ac

318 2614 659 2679 defendere
705 2615 795 2678 eis
842 2616 1246 2679 commissum
1292 2620 1448 2680 erat.
1529 2617 1846 2682 Poterant
1887 2618 1969 2682 ab
1998 2616 2397 2702 Imperatore
2441 2640 2624 2683 revo-

318 2714 467 2791 cari,
550 2712 731 2796 eique
799 2711 1149 2795 quotannis
1217 2711 1719 2777 determinatam
1784 2716 2091 2797 pecuniae
2161 2738 2474 2781 summam
2545 2738 2620 2781 ex

314 2807 544 2874 Italiae
591 2809 856 2873 tributis
904 2808 1283 2884 mittebant3
1341 2812 1668 2874 caeterum
1713 2809 2074 2877 absolutam
2119 2812 2252 2877 fere
2296 2813 2626 2878 habebant

316 2906 388 2969 in
429 2906 622 2971 Italia
665 2902 1194 2990 auctoritatem.²)

494 3062 535 3128 ¹)
578 3063 668 3116 Ita
712 3063 916 3116 Paulus
953 3062 1229 3116 Diaconus
1276 3064 1343 3117 de
1393 3064 1705 3119 Grimoaldo
1742 3062 1901 3133 rege',
1948 3062 2040 3129 qui
2090 3069 2153 3117 ut
2186 3062 2488 3118 vindictam
2538 3079 2623 3117 su-

314 3150 490 3197 meret
528 3143 593 3197 de
617 3142 878 3195 Romanis
915 3141 974 3196 in
1012 3142 1267 3198 ducatum
1303 3142 1470 3196 istum
1494 3141 1714 3211 irrupit,
1753 3148 1809 3196 et
1846 3142 2071 3197 sabbato
2109 3148 2297 3197 sancto
2338 3142 2621 3198 civitatem

312 3220 704 3289 Forlimpopoli
739 3220 1034 3275 destruxit:
1088 3220 1295 3288 „Super
1332 3221 1615 3276 civitatem
1657 3262 1670 3275 .
1710 3261 1723 3274 .
1762 3262 1775 3275 .
1822 3221 2104 3289 inopinate
2147 3222 2336 3288 irruit,
2384 3226 2621 3275 tantam-

314 3316 418 3367 que
444 3299 742 3354 occisorum
768 3304 1014 3369 stragem
1039 3299 1190 3366 fecit,
1227 3305 1290 3354 ut
1317 3301 1483 3356 etiam
1521 3300 1776 3355 diaconos
1802 3301 1951 3369 ipsos
1988 3300 2079 3367 qui
2105 3300 2402 3355 infantulos
2439 3302 2619 3370 bapti-

313 3379 516 3433 zabant
550 3378 609 3432 in
644 3378 763 3447 ipso
803 3394 958 3433 sacro
994 3378 1148 3435 fonte
1185 3380 1501 3448 perimeret.
1565 3380 1761 3447 Sicque
1798 3380 2039 3435 eamdem
2077 3380 2267 3435 urbem
2305 3381 2521 3449 deiecit,
2559 3387 2623 3436 ut

312 3474 484 3524 usque
529 3458 690 3513 hodie
734 3458 1051 3528 paucissimi
1095 3458 1154 3513 in
1199 3475 1264 3513 ea
1311 3463 1686 3513 commaneant
1731 3457 2122 3514 habitatores.“
2190 3459 2310 3515 Lib.
2336 3459 2402 3513 V.
2451 3477 2495 3515 c.
2534 3463 2619 3513 27.

491 3535 535 3604 2)
572 3537 725 3592 Utile
769 3537 880 3591 erit
917 3539 1052 3593 haec
1103 3539 1390 3593 advertere
1438 3554 1507 3592 ex
1544 3537 1823 3605 Gosselin,
1868 3537 2255 3594 Souverainete
2302 3540 2397 3593 des
2442 3540 2620 3608 Papes

309 3616 371 3669 L.
419 3616 462 3670 I.
512 3617 594 3669 ch.
648 3619 675 3669 1
725 3616 895 3685 (Edit.
942 3617 1111 3672 LouV.
1159 3624 1199 3672 t.
1249 3620 1296 3671 1.
1348 3634 1401 3685 p.
1448 3617 1574 3684 201)
1621 3617 1799 3684 note):
1851 3617 1998 3672 Pour
2045 3634 2105 3673 ce
2152 3618 2242 3685 qui
2288 3619 2520 3687 regarde
2566 3618 2621 3672 la

311 3694 720 3749 denomination
769 3704 827 3750 et
871 3696 927 3750 la
969 3695 1212 3765 position
1258 3695 1675 3765 geographique
1721 3697 1817 3751 des
1861 3696 2149 3763 provinces
2198 3698 2458 3751 soumises
2496 3700 2529 3751 a
2563 3697 2621 3751 la

304 3773 627 3842 juridiction
664 3776 733 3829 de
780 3775 1054 3843 l’exarque
1093 3776 1335 3840 d’Italie,
1381 3774 1423 3828 il
1471 3779 1557 3829 est
1600 3775 1896 3843 important
1945 3779 1978 3829 a
2025 3792 2369 3843 remarquer,
2417 3793 2518 3843 que
2566 3778 2618 3831 le

310 3858 426 3907 mot
482 3852 761 3919 emebat,
829 3855 1018 3922 depuis
1074 3854 1526 3909 l’etablissement
1579 3855 1651 3908 du
1716 3871 1972 3923 royaume
2029 3857 2124 3910 des
2169 3856 2493 3923 LombardS,
2558 3863 2615 3911 et

309 3932 554 3999 pendant
590 3937 744 3986 toute
781 3948 844 3986 sa
889 3934 1054 3988 duree
1092 3949 1151 3988 se
1197 3935 1369 4002 prend
1416 3949 1482 3988 en
1530 3932 1672 4002 deux
1719 3949 1844 4004 sens
1890 3934 2173 3989 differents
2219 3935 2353 3989 dans
2396 3936 2477 3991 les
2517 3953 2614 3990 an-

311 4010 460 4064 ciens
499 4018 734 4065 auteurs.
807 4011 960 4066 Dans
1006 4014 1058 4067 le
1095 4028 1220 4067 sens
1257 4012 1331 4086 le„
1357 4013 1482 4081 plus
1522 4014 1748 4081 etendu‚
1793 4014 1834 4067 il
1872 4015 2100 4083 desig-ne
2144 4021 2327 4070 tontes
2374 4015 2455 4070 les
2492 4032 2615 4084 pro-

309 4088 498 4144 vinces
546 4089 766 4146 d’Italie
812 4091 956 4144 alors
1004 4092 1266 4147 soumises
1313 4096 1346 4147 a
1389 4092 1445 4145 la
1492 4091 1827 4147 domination
1872 4094 2177 4162 imperiale,
2238 4095 2373 4149 c’est
2419 4099 2452 4148 a
2497 4094 2616 4149 dire

309 4168 762 4236 principalement
798 4170 854 4224 la
889 4170 1146 4237 Venetie,
1183 4187 1289 4225 une
1325 4171 1504 4239 partie
1543 4172 1638 4227 des
1678 4174 1827 4227 cotes
1867 4173 1931 4228 de
1968 4173 2025 4226 Ia
2058 4174 2311 4243 Ligurie,
2346 4174 2403 4228 la
2437 4174 2616 4242 partie
