3270 5028
928 407 1009 461 De
1044 406 1426 461 Decretalibus
1464 406 2044 461 Pseudo-IsidorianiS.
2535 408 2641 461 295

325 547 556 630 quoad·
606 548 1039 632 patriarcham
1084 546 1420 612 CPtanum
1480 552 1730 613 statuta
1791 552 1997 614 erant.
2089 548 2197 613 Ita
2256 570 2307 612 e.
2355 569 2414 632 g.
2477 546 2640 629 Syn—

324 643 433 708 odi
472 644 1006 710 Chalcedonensis
1063 667 1269 709 canon
1321 644 1431 709 IX.
1487 647 1751 728 statuit,
1808 652 1884 709 ut
1929 644 2199 710 clericus
2253 644 2350 708 vel
2407 643 2638 726 episco-

320 759 483 821 pus,
559 740 617 805 si
652 744 909 805 ·contra
975 739 1545 822 metropolitanum
1608 761 1872 807 causam
1942 740 2174 824 ayant,
2249 761 2389 805 eam
2453 761 2641 824 ayere

322 841 587 917 possent
642 837 739 902 vel
783 857 1000 902 coram
1052 836 1338 919 primate
1392 858 1506 902 seu
1563 838 1872 918 exarcho,
1939 837 2036 902 vel
2091 834 2307 903 coram
2355 837 2641 921 episcopo

325 932 549 1015 regiae
599 932 768 998 sedis
820 932 1143 999 CPtanae.
1235 933 1568 1017 Ejusmodi
1628 955 1838 1000 canon
1900 936 2195 1000 conditus
2256 937 2337 1001 ab
2401 937 2640 1020 episco-

328 1029 426 1113 pis
496 1032 914 1096 orientalibus
982 1032 1367 1117 respiciebat
1444 1031 1700 1116 quidem
1769 1055 1884 1117 per
1957 1055 2023 1096 se
2096 1032 2454 1110 Orientem,
2531 1031 2642 1096 sed

324 1128 632 1212 analogia
694 1126 968 1213 quadam
1029 1130 1177 1213 jure
1244 1150 1501 1193 censere
1577 1133 1882 1212 poterant
1950 1127 2228 1193 Romani
2300 1129 2641 1194 Pontifices

329 1226 719 1289 conveniens
779 1248 942 1304 esse,
1005 1230 1079 1289 ut
1134 1224 1304 1309 quod
1366 1226 1426 1289 vi
1481 1226 1819 1309 privilegio
1880 1226 2016 1290 sedi
2064 1224 2367 1290 CPtanae
2417 1247 2642 1290 conce-

319 1319 631 1398 debatur,
688 1322 806 1405 ipsi
849 1323 997 1406 jure
1043 1323 1383 1405 primatuS,
1441 1322 1592 1386 dum
1650 1326 2085 1406 opportunum
2131 1324 2336 1386 visum
2392 1322 2641 1399 fuisset,

323 1422 714 1481 exercerent.

506 1540 611 1603 87.
673 1538 777 1603 Ex
825 1540 945 1604 hac
1005 1541 1401 1622 expositione
1462 1540 1765 1605 historica
1826 1542 2178 1627 colligitur,
2242 1565 2317 1606 ea
2363 1563 2526 1625 quae
2571 1543 2640 1606 in

324 1635 723 1701 Collectione
793 1635 1337 1701 Pseudo-Isidori
1410 1637 1619 1721 quoad
1689 1638 1966 1721 synodos
2039 1643 2105 1702 et
2181 1639 2639 1722 appellationes

327 1734 779 1817 proferuntur,
836 1734 1006 1797 haud
1050 1756 1219 1798 nova
1265 1733 1489 1813 fuisse,
1547 1734 1660 1798 sed
1713 1739 1863 1798 ante
1911 1737 2046 1820 jam
2103 1737 2357 1818 prolata
2404 1739 2469 1798 et
2514 1734 2638 1797 fre·

323 1834 667 1913 quentata.
729 1866 812 1875 —
870 1830 1234 1894 Romanum
1292 1853 1441 1894 vero
1493 1830 1870 1896 Pontificem
1928 1830 2181 1896 nullius
2228 1829 2643 1896 auctoritatis

231 1949 240 1962 ‘-
325 1924 656 1991 humanae
686 1925 943 2009 judicio
988 1925 1343 2009 subjacere,
1402 1928 1639 1992 veritas
1685 1932 1801 2006 est,
1856 1950 2021 2012 quae
2076 1951 2152 1993 ex
2201 1929 2414 1993 divina
2459 1928 2643 1991 insti·
2662 1936 2974 2009 Sedequon

300 2024 581 2089 'tutione
629 2030 696 2089 et
740 2025 956 2089 indole
1001 2026 1310 2109 primatus
1357 2024 1717 2089 necessario
1775 2028 2083 2109 sequitur.
2184 2024 2322 2090 Nec
2365 2030 2523 2089 tunc
2569 2046 2644 2087 ea
2695 2000 2930 2051 Juchoatur.

319 2122 454 2185 vfuit
514 2123 789 2205 primum
850 2122 1116 2204 prolata.
1210 2120 1599 2186 Continetur
1660 2123 1897 2186 diserte
1958 2123 2025 2185 in
2081 2121 2318 2187 Gelasii
2366 2121 2415 2185 Ι.
2480 2144 2642 2186 com—

260 2262 264 2268 ·
321 2219 671 2283 monitorio
728 2218 808 2282 ad
866 2218 1176 2283 Faustum
1228 2220 1517 2301 legatum
1575 2219 1643 2282 in
1705 2241 1832 2302 quo
1895 2219 2071 2285 dicit:
2132 2218 2276 2301 Ipsi
2336 2222 2492 2284 sunt
2537 2237 2638 2282 ca-

319 2333 554 2392 nones,
629 2313 744 2395 qui
819 2312 1281 2396 appellationes
1353 2312 1552 2380 totius
1621 2313 1950 2380 Ecclesiae
2024 2315 2110 2380 ad
2184 2315 2304 2399 huj
2310 2336 2383 2380 us
2455 2313 2641 2379 Sedis
2709 2395 2714 2409 Ι

323 2429 603 2474 examen
648 2410 905 2476 voluere
951 2409 1211 2493 deferri.
1305 2409 1405 2474 Ab
1453 2410 1599 2492 ipsa
1644 2431 1793 2475 vero
1840 2432 2167 2494 nusquam
2204 2433 2482 2495 prorsus
2523 2432 2636 2493 ap-

319 2506 566 2590 pellari
606 2507 826 2573 debere
873 2512 1268 2589 sanxerunt,
1329 2529 1405 2574 ac
1448 2530 1574 2592 per
1630 2508 1745 2574 hoc
1803 2508 1987 2574 illam
2043 2510 2118 2575 de
2166 2516 2301 2576 tota
2346 2508 2640 2575 Ecclesia

311 2603 651 2687 judicare,
714 2605 926 2687 ipsam
972 2606 1059 2670 ad
1101 2605 1353 2671 nullius
1400 2626 1754 2671 commeare
1794 2607 2154 2690 judicium,
2218 2628 2332 2672 nec
2377 2607 2453 2670 de
2499 2607 2640 2690 ejus

330 2721 624 2782 unquam
667 2707 1140 2785 praeceperunt
1180 2702 1438 2785 judicio
1478 2703 1788 2786 judicare
1792 2753 2054 2769 .....
2102 2704 2230 2769 Isti
2286 2702 2400 2786 qui
2445 2702 2638 2783 sacri,

324 2797 446 2880 qui
500 2798 933 2879 ecclesiastici,
1008 2799 1123 2881 qui
1185 2799 1458 2882 leyitimi
1519 2800 1952 2881 celebrantur,
2023 2801 2248 2865 Sedem
2317 2799 2638 2882 Apostoli·

324 2915 472 2960 cam
518 2896 605 2960 ad
645 2895 979 2979 judicium
1023 2917 1251 2961 vocare
1294 2917 1428 2962 non
1473 2897 1829 2983 possunt.1)
1923 2899 2060 2963 Imo
2107 2901 2242 2983 jam
2292 2904 2487 2963 antea
2532 2898 2641 2961 Zo-

330 2995 527 3057 simus
577 2994 652 3059 R.
700 2994 770 3059 P.
824 2993 1048 3057 scribit
1104 2994 1182 3058 ad
1233 2994 1564 3058 Aurelium
1612 2993 2189 3080 Carthaginensem
2249 2996 2639 3078 episcopum:

329 3089 649 3169 Quamvis
694 3093 972 3171 patrum
1030 3087 1299 3153 traditio
1346 3089 1730 3171 apostolicae
1788 3089 1943 3155 Sedi
1992 3090 2447 3155 auctoritatem
2495 3093 2639 3153 tan-

328 3190 468 3250 tam
500 3186 823 3266 tribuerit,
873 3190 948 3250 ut
978 3185 1053 3250 de
1097 3185 1237 3267 ejus
1269 3184 1526 3268 judicio
1558 3186 1915 3269 disceptare
1953 3187 2178 3252 nullus
2212 3186 2496 3252 auderet.
2532 3236 2544 3248 .
2580 3233 2593 3249 .
2626 3235 2638 3248 .

331 3282 628 3364 Eamque
684 3282 976 3348 Romani
1021 3280 1361 3361 Pontificis
1416 3282 1574 3347 dicit
1626 3282 2112 3364 auctoritatem,
2170 3287 2245 3348 ut
2298 3282 2521 3347 nullus
2565 3281 2640 3345 de

324 3383 558 3444 nostra
612 3379 823 3462 possit
885 3383 1245 3444 retractare
1307 3377 1706 3459 sententia.²)
1813 3381 2179 3446 Bonifatius
2237 3380 2288 3445 Ι.
2351 3403 2502 3444 vero
2570 3379 2642 3442 in

332 3478 599 3559 epistola
651 3479 758 3540 13⁸
802 3477 880 3541 ad
907 3477 1185 3539 -Rufum
1230 3475 1871 3540 Thessalonicensem
1924 3479 2204 3562 legatum
2252 3498 2439 3541 suum
2485 3476 2642 3540 scri—

330 3574 458 3638 bit:
507 3572 620 3639 ,Ad
656 3573 975 3655 synodum
1025 3590 1189 3653 quae
1233 3569 1479 3635 dicitur
1526 3569 1751 3636 illicite
1798 3571 2246 3656 conyreyanda
2291 3619 2305 3635 .
2351 3622 2364 3634 .
2412 3620 2426 3634 .
2475 3568 2640 3635 talia

324 3668 577 3752 scripta
620 3669 1014 3749 direximus,
1068 3666 1303 3750 quibus
1348 3666 1644 3732 universi
1677 3669 1926 3751 fratres
1969 3668 2368 3751 intelliyant,
2419 3666 2640 3749 primo

325 3767 669 3832 convenire
714 3788 778 3832 se
826 3766 995 3831 citra
1022 3768 1206 3829 tuam
1253 3762 1711 3832 conscientiam
1748 3763 2014 3829 minime
2059 3764 2365 3841 debuisse,
2412 3762 2640 3828 deinde
2681 3830 2685 3835 ,

324 3863 405 3928 de
449 3868 669 3928 nostro
724 3884 856 3929 non
908 3882 1040 3927 esse
1079 3858 1341 3943 judicio
1398 3860 1907 3926 retractandum.
1964 3899 2038 3906 —-
2100 3863 2318 3946 Atque
2376 3861 2446 3925 in
2503 3861 2638 3944 epi-

513 4064 551 4129 1)
590 4063 773 4116 Labbe
809 4063 904 4116 IV.
947 4064 1099 4116 1169.

509 4141 553 4209 ²)
592 4142 895 4207 Constant„
931 4143 1033 4210 Ep.
1071 4141 1226 4195 Rom.
1264 4141 1426 4195 Pont.
1463 4157 1515 4208 p.
1554 4143 1674 4194 974.
