3270 5028
1052 424 1303 493 Gregorii
1339 426 1412 479 H.
1442 424 1510 481 R.
1547 425 1609 479 P.
1650 428 1828 492 gesta.
2557 429 2623 480 31

314 564 482 630 clero
520 564 976 648 perficiendi.¹)
1023 602 1098 611 —
1153 564 1280 631 Sed
1323 566 1483 632 haec
1528 566 1832 631 Pontifex
1878 567 2108 631 merito
2153 568 2413 644 statuit,
2476 567 2628 630 dum

312 663 684 729 distinctam
748 664 1084 746 potestatis
1136 663 1338 727 civilis
1400 667 1466 727 et
1525 663 1992 727 ecclesiasticae
2048 662 2348 728 describit
2405 662 2626 748 sphae-

310 781 447 823 ram
465 806 481 836 ,
536 781 717 843 quae
778 758 1065 842 pertinet
1134 757 1215 821 ad
1282 764 1525 824 statum
1589 759 1943 823 normalem
2010 759 2181 842 pacis
2248 763 2314 824 et
2374 760 2628 824 harmo-

310 855 479 919 niae.
525 884 529 887 ·
595 854 654 919 N
657 855 983 919 ullatenus
1043 854 1144 919 his
1210 855 1597 931 excluditur,
1663 854 1835 939 quod
1893 859 2155 939 propter
2214 856 2627 939 superiorita-
2703 914 2709 924 .

309 957 447 1016 tem
487 943 816 1016 Ecclesiae
861 952 1117 1017 ratione
1170 951 1326 1016 boni
1371 951 1726 1035 spiritualis
1785 951 2130 1035 aliquando
2178 953 2627 1016 auctoritatem

311 1070 492 1112 suam
557 1048 862 1113 Pontifex
932 1048 1245 1112 indirecte
1315 1048 1508 1112 etiam
1573 1048 1643 1111 in
1711 1069 1814 1112 res
1881 1048 2267 1131 temporales
2335 1070 2628 1114 exercere

310 1146 535 1228 possit.
609 1143 798 1208 Haud
845 1143 1181 1227 prudentis
1226 1144 1630 1208 oeconomiae
1677 1144 1923 1222 fuisset,
1970 1144 2024 1207 si
2056 1143 2232 1208 illam
2279 1145 2625 1228 superiori-

309 1246 515 1306 tatem
569 1245 1083 1325 potestatemque
1138 1262 1316 1305 suam
1368 1239 1674 1305 Pontifex
1728 1240 1799 1304 in
1855 1241 1987 1305 illis
2044 1241 2331 1324 epistolis
2388 1242 2626 1306 evexis-

309 1344 444 1416 set,
500 1360 698 1422 quum
752 1337 1105 1414 sufficeret,
1168 1340 1242 1400 ut
1288 1336 1751 1419 Imperatorem
1807 1337 1887 1401 ab
1941 1337 2343 1402 immixtione
2399 1338 2470 1401 in
2523 1359 2624 1401 res

312 1435 772 1499 ecclesiasticas
817 1434 1191 1499 deterreret.

492 1549 595 1612 34.
663 1546 791 1613 Sed
853 1548 1113 1632 gravius
1173 1546 1428 1612 videtur
1495 1568 1722 1611 revera
1785 1550 2239 1630 argumentum
2301 1545 2449 1610 inde
2514 1547 2625 1612 de-

309 1645 608 1722 ductum,
681 1644 851 1729 quod
922 1645 1264 1727 scriptores
1338 1644 1761 1708 occidentales
1835 1642 1933 1706 illi
2008 1643 2205 1707 aetati
2281 1643 2624 1725 proximio-

309 1763 443 1821 reS,
507 1764 640 1806 non
690 1743 896 1805 solum
944 1742 1141 1805 silent
1196 1740 1274 1803 de
1321 1739 1632 1824 ejusmodi
1690 1739 2050 1802 defectione
2096 1738 2322 1803 Italiae
2366 1744 2625 1804 auctore

314 1837 630 1922 Gregorio
676 1837 992 1902 Pontifice
1011 1886 1026 1915 ,
1080 1836 1190 1901 sed
1242 1837 1440 1919 ipsius
1497 1835 1833 1900 Pontificis
1888 1835 2173 1900 consiliis
2228 1840 2296 1900 et
2347 1836 2627 1900 influxui

311 1935 717 2010 adscribunt,
775 1933 943 2017 quod
989 1933 1171 2011 Itali,
1238 1954 1372 1996 non
1431 1931 1840 1997 obstantibus
1879 1929 2295 2016 Imperatoris
2342 1914 2654 2083 vexatio-1)

313 2032 538 2109 nibus,
602 2031 802 2114 ipsius
862 2051 1224 2113 supremam
1284 2028 1790 2093 dominationem
1850 2050 1984 2092 non
2043 2028 2416 2112 abjecerint.
2524 2028 2629 2094 Sic
2639 2088 2646 2121 f

312 2128 555 2194 Paulus
617 2127 969 2209 Diaconus‚
1038 2128 1263 2190 auctor
1326 2124 1621 2209 Gregorii
1686 2125 2083 2207 temporibus
2140 2147 2407 2209 suppar,
2476 2128 2811 2192 scri.1³au1us
2833 2130 2956 2172 1³³⁸*ss-

313 2226 413 2289 bit
468 2226 538 2289 in
593 2246 708 2289 sua
755 2224 1047 2288 Historia
1103 2222 1677 2306 Longobardorum
1737 2221 1812 2286 L.
1861 2220 1978 2286 VI.
2035 2243 2085 2285 c.
2136 2224 2251 2286 49:
2311 2221 2414 2286 Eo
2473 2226 2625 2286 tem-

305 2340 470 2404 pore
526 2339 647 2384 rex
709 2318 1175 2401 Luitprandus
1231 2317 1621 2383 Ravennam
1683 2315 1954 2396 obsedit,
2029 2314 2319 2383 Classem
2381 2318 2630 2385 invasit

316 2421 510 2498 atque
564 2415 905 2480 destruxit.
1006 2414 1189 2480 Pane
1235 2412 1574 2479 Patricius
1618 2412 1876 2479 Paulus
1928 2434 2009 2478 ex
2064 2414 2390 2480 Ravenna
2448 2415 2630 2481 misit

318 2513 434 2596 qui
494 2511 873 2593 Pontificem
933 2510 1400 2577 interimerent.
1519 2508 1648 2576 Sed
1710 2510 2166 2594 Lonqobardis
2226 2534 2355 2595 pro
2412 2513 2627 2596 defen-

316 2610 497 2676 sione
555 2608 894 2690 Pontifiois
960 2606 1481 2692 repuqnantibus
1531 2606 1902 2690 Spoletanis
1959 2608 2036 2674 in
2091 2608 2356 2675 Salario
2409 2615 2627 2693 ponte,

318 2712 380 2773 et
446 2728 527 2773 ex
579 2706 734 2771 aliis
785 2704 1095 2789 partibus
1145 2703 1599 2789 Lonqobardis
1662 2703 1888 2770 Pascis
1944 2704 2424 2787 resistentibus,
2484 2727 2627 2773 eon·
2696 2712 2700 2716 ’

316 2803 544 2870 silium
614 2802 1109 2869 Ravennatium
1171 2801 1564 2884 dissipatum
1631 2805 1742 2865 est.
1851 2802 1999 2866 Hac
2062 2806 2432 2886 tempestate
2495 2804 2629 2869 Leo

319 2900 692 2984 Imperator
754 2898 932 2982 apud
992 2897 1256 2963 CPolim
1315 2897 1708 2964 Sanctorum
1766 2897 2087 2982 imaqines
2140 2898 2466 3007 depositas
2526 2900 2628 2965 in-

319 2997 549 3063 cendit.
640 2995 942 3061 Romano
986 3015 1235 3077 quoque
1278 2992 1586 3074 Pontifici
1625 2993 1875 3060 similia
1917 2995 2158 3077 facere,
2221 2995 2281 3059 si
2322 2996 2629 3078 imperia-

322 3094 446 3159 lem
486 3092 776 3175 qratiam
822 3091 1053 3156 habere
1092 3090 1294 3171 vellet,
1340 3083 1719 3170 mandavit;
1762 3091 1871 3157 sed
1902 3091 2216 3174 Pontifex
2257 3091 2375 3157 hoo
2415 3092 2632 3175 facere

323 3189 719 3272 contempsit.
839 3186 1071 3257 Omnis
1144 3207 1391 3270 quoque
1458 3188 1819 3252 Ravennae
1885 3188 2207 3253 exercitus
2272 3187 2369 3253 vel
2434 3188 2632 3254 Vene-

323 3286 574 3352 tiarum
618 3285 859 3351 talibus
887 3283 1103 3367 jussis
1148 3304 1280 3349 uno
1324 3283 1544 3349 animo
1590 3283 2001 3364 restiterunt,
2051 3288 2112 3349 et
2156 3284 2291 3350 nisi
2336 3306 2440 3350 eos
2472 3307 2630 3368 pro-

321 3382 637 3449 hibuisset
676 3382 1008 3464 Pontifex,
1059 3380 1529 3463 Imperatorem
1574 3399 1771 3462 super
1812 3400 1878 3445 se
1924 3381 2309 3447 constituere
2349 3381 2633 3465 fuissent

322 3479 631 3565 aqyressi.
723 3479 875 3545 Rex
929 3498 1176 3561 quoque
1228 3476 1695 3560 Luitprandus
1751 3481 1968 3543 castra
2022 3477 2368 3559 Aemiliae,
2428 3478 2631 3544 Foro-

322 3577 603 3646 nianum
646 3580 707 3641 et
752 3576 1042 3641 Montem
1088 3573 1397 3654 Bellium,
1444 3574 1713 3639 Buxeta
1759 3578 1821 3638 et
1865 3574 2213 3655 Persiceta,
2259 3575 2634 3641 Bononiam

323 3678 384 3739 et
416 3672 827 3756 Pentapolim
862 3671 1361 3753 Auxiniumque
1406 3669 1668 3736 invasit.
1745 3670 1914 3736 Pari
1959 3692 2208 3754 quoque
2250 3672 2434 3737 modo
2480 3677 2635 3738 tunc

324 3776 384 3836 et
432 3770 737 3837 Sutrium
788 3768 1114 3852 pervasit,
1171 3767 1280 3833 sed
1322 3772 1475 3850 post
1522 3767 1772 3849 aliquot
1831 3767 1969 3833 dies
2019 3768 2262 3834 iterum
2310 3768 2635 3834 Romanis

324 3867 653 3933 redditum
697 3869 807 3930 est.

504 4070 546 4140 ¹)
585 4071 794 4140 Regias
823 4072 1145 4141 dignitateS‚
1183 4072 1216 4126 i.
1258 4087 1287 4126 e
1344 4088 1408 4127 ea
1444 4087 1668 4127 munera
1707 4078 1760 4126 et
1800 4070 1981 4125 officia
2008 4070 2307 4126 honorifica
2335 4087 2472 4139 quae
2509 4086 2632 4125 con-

325 4152 577 4206 feruntur
613 4168 647 4204 a
682 4167 832 4221 rege.
