3270 5028
938 440 1302 495 Pontificatus
1341 441 1596 510 Gregorii
1632 441 1729 494 IV.
1768 442 1833 495 R.
1871 443 1934 495 P.
2486 446 2593 498 205

278 581 511 665 gravit.
561 617 643 628 ——·
697 582 836 663 Quo
881 581 1212 665 defuncta,
1261 584 1478 666 inquit
1526 583 1965 668 Eginhardus,
2023 583 2382 673 63!in
2425 584 2592 666 (1V2)

267 675 613 759 presbyter
667 678 848 754 tituli
893 678 1106 744 sancti
1151 678 1370 743 Marci
1422 678 1684 760 electuS,
1742 680 1851 745 sed
1906 701 2040 746 ‘non
2084 680 2283 763 prius
2329 679 2590 746 ordina-

280 776 391 838 tus
435 777 546 854 est,
593 795 789 856 quam
837 775 1086 859 leonatus
1123 774 1557 856 Imperatoris
1581 776 1864 841 Romam
1912 776 2088 842 venit
2123 781 2185 841 et
2228 775 2591 842 electionem

267 869 507 953 populi
562 871 777 953 qualis
822 876 983 937 esset
1027 871 1449 937 examinavit.
1538 873 1745 950 Quum
1795 876 2047 959 legatus
2085 876 2194 938 ille
2241 881 2394 939 ante
2441 897 2588 939 con-

275 969 699 1034 secrationem
748 969 1044 1055 Gregorii
1084 969 1356 1034 Romam
1403 970 1794 1053 advenisset,
1842 993 1917 1034 ea
1962 972 2290 1036 occasione
2332 968 2587 1035 videtur
2649 982 2890 1036 Gregorius

277 1085 428 1127 usus
473 1086 609 1129 esse
655 1065 1034 1146 Lotharius,
1091 1067 1203 1150 qui
1254 1066 1558 1131 ardenter
1611 1067 1917 1131 studebat
1972 1068 2358 1152 amplificare
2404 1073 2586 1152 pote-
2645 1045 2899 1088 1v.R.1>.

276 1165 513 1224 statem
568 1162 992 1246 imperialem,
1051 1169 1128 1226 ut
1185 1163 1465 1227 examini
1521 1185 1637 1227 suo
1689 1163 2037 1248 subjiceret
2074 1163 2406 1229 Pontificis
2460 1166 2585 1229 ele-

232 1273 238 1278 ·
275 1256 577 1325 ctionem.
670 1259 1081 1324 Consecratio
1127 1263 1340 1323 autem
1396 1260 1726 1324 retardata
1781 1259 2013 1326 dicitur
2058 1283 2161 1339 e0,
2221 1263 2389 1346 quod
2430 1255 2644 1377 (ἦτε-χ

276 1353 492 1437 gorius
561 1354 671 1419 diu
740 1356 1075 1421 recusabat
1141 1357 1585 1439 pontificatum
1655 1377 1730 1419 ac
1798 1378 1935 1422 sese
2000 1357 2352 1423 abscondit.
2462 1357 2586 1423 Sed

270 1441 601 1531 'detectum
666 1453 726 1518 vi
783 1452 863 1516 ad
908 1451 1306 1517 Lateranum
1361 1452 1670 1517 deductus
1726 1457 1839 1518 est.
1902 1489 1979 1497 ——
2046 1453 2215 1517 Dum
2272 1477 2423 1520 vero
2470 1455 2589 1520 Ca-

276 1546 399 1610 roli
444 1546 532 1612 M.
580 1569 972 1614 successores
1017 1571 1199 1614 suam
1245 1549 1697 1613 auctoritatem
1755 1550 1965 1633 quoad
2013 1549 2378 1615 Romanum
2427 1551 2590 1616 Pon-

277 1645 516 1708 tificem
564 1648 630 1709 et
677 1645 1167 1710 ecclesiasticam
1215 1645 1523 1710 ditionem
1582 1667 1811 1730 urgere
1859 1652 1925 1710 et
1971 1647 2241 1712 dilatare
2289 1649 2585 1713 niteban-

275 1745 408 1816 tur,
487 1741 556 1805 in
625 1763 828 1826 regno
897 1741 1290 1806 Francorum
1365 1742 1445 1806 ob
1512 1741 1829 1806 intestina
1893 1743 2175 1809 familiae
2243 1746 2590 1828 imperialis

276 1836 536 1902 dissidia
582 1837 928 1922 Imperium
983 1860 1116 1902 non
1170 1859 1396 1920 parum
1452 1860 1828 1903 concussum
1876 1845 1991 1905 est.
2084 1840 2295 1906 Etiam
2344 1841 2588 1926 Grego-

274 1936 408 1999 rius
454 1932 566 1998 IV.
617 1932 1103 1999 difficultatibus
1152 1926 1316 2018 quae
1362 1934 1512 1998 inde
1567 1934 2005 2018 provenerunt
2058 1937 2422 2020 implicatus
2468 1942 2586 2015 est,

274 2126 545 2192 studuit.
637 2127 927 2192 Eventus
971 2128 1191 2210 paucis
1237 2128 1475 2191 referre
1513 2128 1792 2212 juvabit.

453 2225 559 2288 44.
638 2222 998 2288 Ludovicus
1066 2222 1253 2300 Pius,
1328 2225 1498 2307 patri
1564 2223 1793 2289 Carolo
1860 2227 2104 2308 pietate
2170 2249 2303 2291 non
2364 2228 2585 2311 impar,
2634 2245 2887 2317 pudovious

273 2321 385 2385 sed
440 2321 778 2404 prudentia
842 2320 1318 2386 et'constantia
1372 2321 1667 2398 inferior,
1727 2322 1795 2386 in
1855 2323 2131 2387 comitiis
2191 2320 2785 2409 Aquisgrani⁰³¹²⁸q¹¹⁰

277 2440 332 2482 a,
381 2417 508 2481 816
563 2417 798 2481 coactis
854 2417 1140 2482 ordinem
1197 2417 1610 2482 successionis
1666 2419 1925 2495 statuit,
1992 2420 2051 2482 vi
2110 2421 2293 2505 cujus
2341 2418 2588 2509 Mil&

179 2586 184 2588 ‚
275 2516 443 2578 rium
500 2513 703 2578 filium
741 2513 841 2578 ad
889 2512 1151 2599 Imperii
1207 2514 1595 2579 consortium
1655 2514 2035 2600 destinavit,
2091 2516 2325 2602 {ipino
2381 2520 2587 2604 Aqui-

276 2610 495 2675 taniae
532 2607 814 2694 'regnum
862 2612 1284 2690 confirmavit,
1330 2617 1396 2675 et
1440 2609 1770 2676 Ludovico
1800 2612 2145 2677 Bavariam
2192 2615 2383 2679 dedit.
2460 2616 2586 2680 De-

275 2696 505 2772 functa
550 2731 607 2772 a.
655 2708 782 2771 819
828 2707 1263 2792 Irmengarda,
1310 2729 1574 2771 uxorem
1623 2708 1810 2772 duxit
1836 2708 2170 2773 Juditham
2207 2710 2590 2795 Welphonis

277 2804 528 2869 comitis
598 2804 826 2882 filiam,
896 2826 974 2869 ex
1040 2826 1170 2888 qua
1231 2804 1511 2887 suscepit
1575 2803 1898 2896 Carolur-nss
1938 2805 2214 2900 Cal-vum
2265 2811 2347 2888 (a.
2414 2807 2590 2893 823).

148 2929 157 2948 x
277 2899 486 2976 Quum
531 2900 681 2964 huic
728 2906 980 2983 partem
1025 2902 1209 2985 regni
1263 2901 1548 2964 tribuere
1594 2883 1788 2966 {ellet
1836 2891 1908 2966 ac
1955 2904 2223 2967 nimium
2272 2906 2329 2969 ei
2374 2907 2590 2970 favere

279 2997 638 3075 videretur,
717 2998 834 3061 filii
900 2997 1135 3081 reliqui
1208 2997 1270 3060 id
1348 3018 1535 3079 aegre
1611 2998 1896 3063 ferentes
1970 3000 2264 3066 adversus
2339 3007 2589 3086 patrem

278 3092 673 3157 Ludovicum
730 3083 902 3158 bella
957 3101 1314 3159 moverunt.
1403 3094 1606 3158 Anno
1666 3096 1792 3176 830
1850 3095 2154 3180 Ρίρ-ἰρῐιψιρ-εξμ
2163 3103 2422 3181 patrem
2481 3121 2589 3182 op·
2685 3119 2715 3142 v

277 3190 541 3274 pressit,
596 3212 814 3254 verum
874 3190 1133 3254 comitia
1178 3191 1577 3274 Aquisgrani
1632 3214 1688 3255 a.
1736 3193 1858 3255 831
1922 3192 2145 3256 habita
2189 3198 2327 3257 tum
2377 3195 2590 3261 Ludo·

282 3287 419 3351 vico
479 3287 818 3369 pristinam
875 3287 1357 3364 auctoritatem,
1422 3294 1563 3351 tum
1611 3288 1916 3353 Judithae
1978 3290 2344 3355 libertatem
2405 3293 2592 3358 rest-i-

279 3387 566 3451 tuerunt.
611 3419 699 3427 —
746 3384 950 3460 Quum
1006 3405 1064 3448 a.
1115 3384 1242 3447 833
1289 3384 1649 3449 Ludovicus
1697 3384 1848 3449 Pius
1896 3387 2312 3469 Aquitaniam
2363 3388 2631 3520 pipino(

281 3480 362 3544 ob
408 3482 873 3545 contumaciam
922 3484 987 3544 et
1032 3503 1280 3545 morum
1332 3481 1745 3547 insolentiam
1799 3482 2162 3567 ademptam
2210 3484 2438 3556 Carolo
2483 3487 2589 3550 de-

279 3577 504 3657 disset,
563 3578 833 3641 rebelles
887 3577 1004 3643 filii
1061 3600 1276 3642 rursus
1336 3601 1514 3642 arma
1567 3583 1791 3643 contra
1846 3584 2092 3663 patrem
2151 3584 2590 3649 contulerunt.

198 3685 201 3686 ’
281 3674 464 3738 Tunc
511 3672 858 3758 Gregorius
891 3672 1004 3738 IV.
1050 3674 1212 3738 filios
1260 3676 1427 3759 patri
1473 3676 2001 3741 reconciliaturus
2048 3700 2393 3764 pacemque
2421 3703 2592 3745 com-

281 3771 632 3854 posituruS,
691 3793 831 3837 cum
875 3771 1186 3836 Lothario
1250 3794 1327 3836 ex
1384 3772 1575 3836 Italia
1633 3773 1705 3836 in
1754 3772 2030 3838 Galliam
2092 3776 2413 3858 profectus
2474 3783 2589 3843 est.

270 3868 321 3933 ὖ
326 3889 399 3932 us
457 3866 582 3931 sibi
646 3889 782 3932 esse
850 3873 917 3931 et
978 3868 1256 3933 officium
1319 3870 1550 3933 merito
1612 3869 2006 3935 existimavit
2065 3871 2441 3958 Gregorius,
2518 3879 2592 3939 ut

281 3966 352 4028 in
416 3965 723 4049 ejusmodi
783 3967 958 4029 lucta
1016 3966 1189 4029 inter
1239 3970 1487 4048 patrem
1549 3970 1614 4031 et
1675 3966 1864 4044 filios,
1930 3971 2069 4054 tum
2114 3969 2393 4053 Imperio
2449 3975 2589 4034 tum

283 4060 605 4126 Ecclesiae
650 4063 1023 4144 perniciosa,
1072 4062 1488 4127 mediatorem
1534 4067 1598 4127 et
1629 4061 2106 4129 conciliatorem
2135 4071 2375 4151 ageret.
2454 4067 2590 4133 Nec

284 4158 457 4222 enim
528 4159 980 4235 conveniebat,
1068 4162 1142 4222 ut
1213 4159 1628 4224 rebellionem
1699 4161 1976 4226 filiorum
2050 4168 2275 4229 contra
2340 4169 2587 4248 patrem
