3270 5028
651 437 755 487 316
996 434 1141 488 XVI.
1182 434 1390 489 Causae
1428 434 1671 488 celebres
1709 439 1765 488 et
1801 433 2117 487 Decretales
2152 432 2612 487 Pseudo-Isidori.

329 574 403 615 An
435 572 616 616 Hadria·

336 648 419 676 nus
454 637 612 676 orator.
834 579 975 641 113.
1052 575 1191 639 Hac
1265 597 1333 639 re
1408 576 1610 660 igitur
1680 576 2046 650 enucleata,
2116 574 2480 658 quaeritur,
2557 578 2773 637 utrum
2859 573 3021 662 qui‘

653 674 1009 738 orationem
1078 673 1257 736 illam
1321 672 1391 736 in
1458 672 1702 755 synodo
1766 671 2023 747 habuit,
2091 671 2285 734 fuerit
2348 670 2719 734 Hadrianus
2788 671 2989 734 Pon-

652 770 847 846 tifex,
908 791 992 832 an
1053 790 1203 832 vero
1265 768 1427 832 alius
1490 768 1750 852 quidam
1808 768 2156 850 episcopus
2250 765 2624 831 Orationem
2686 789 2819 831 non
2887 767 2993 829 ab

653 865 1016 946 Hadriano,
1091 864 1201 928 sed
1275 866 1356 929 ab
1432 866 1648 949 aliquo
1725 864 1850 928 alio
1925 863 2219 946 episcopo
2286 863 2574 942 habitam
2650 885 2811 941 esse,
2889 885 2985 927 ex

653 966 796 1027 tota
840 961 1056 1025 indole
1116 961 1430 1025 orationis
1482 961 1817 1043 variisque.
1854 959 2107 1024 indiciis
2166 965 2340 1024 certo
2398 960 2662 1024 eruitur.
2756 960 2984 1036 Quan-

653 1065 788 1122 tum
852 1079 930 1121 ex
985 1057 1104 1121 hoc
1161 1057 1542 1122 documento
1598 1057 1870 1140 aliisque
1935 1056 2105 1120 illius
2167 1058 2471 1140 temporis
2532 1058 2786 1141 scriptis
2844 1057 2986 1120 col-

650 1156 767 1239 ligi
827 1158 1071 1238 potest,
1139 1176 1240 1218 res
1298 1154 1394 1218 ita
1465 1175 1532 1218 se
1591 1153 1837 1217 habuit.
1956 1153 2321 1217 Hadrianus
2386 1176 2502 1235 pro
2564 1155 2781 1217 animo
2852 1174 2981 1216 suo

653 1251 935 1335 benigno
978 1272 1050 1314 ac
1096 1252 1525 1315 moderationi
1578 1250 1864 1327 addicto,
1923 1255 2236 1333 quantum
2296 1250 2434 1313 fieri
2494 1254 2778 1332 poterat,
2838 1249 2981 1312 sal-

653 1348 747 1412 vis
819 1358 1041 1412 tamen
1105 1347 1434 1430 principiis
1497 1368 1662 1430 quae
1724 1348 1862 1432 ejus
1916 1346 2360 1429 praedecessor
2419 1350 2675 1411 secutus
2729 1347 2979 1422 fuerat,

653 1445 792 1528 regi
860 1444 1126 1527 obsequi
1193 1443 1516 1508 studebat.
1637 1442 1805 1506 Hinc
1874 1444 2329 1518 retractionem
2406 1443 2745 1526 quamdam
2823 1464 2976 1507 cau-

654 1564 763 1605 sae
842 1539 1137 1604 Lotharii
1214 1547 1281 1602 et
1357 1540 1912 1603 condemnationis
1994 1538 2339 1626 Guntbarii
2417 1545 2483 1603 et
2559 1539 2907 1604 Zachariae
2928 1535 2980 1618 1)

655 1639 1017 1722 praesulum
1082 1641 1512 1717 concesserat,
1574 1658 1648 1700 ac
1704 1635 1945 1699 Romae
2003 1636 2283 1717 plurium
2351 1636 2787 1719 episcoporum
2833 1635 2977 1699 Ita-

656 1737 863 1815 lorum
939 1732 1256 1816 synodum
1330 1744 1856 1816 congregaverat,
1933 1734 2032 1796 cui
2107 1733 2219 1796 illa
2293 1734 2559 1817 negotia
2633 1727 2979 1798 tractanda

659 1839 723 1895 et
784 1830 1139 1893 dirimenda
1198 1828 1454 1893 detulit.
1557 1828 1704 1893 Jam
1750 1850 1897 1892 vero
1961 1835 2150 1892 erant
2193 1828 2435 1892 Romae
2492 1830 2666 1892 inter
2728 1830 2974 1911 episco-

658 1949 770 2010 pos
846 1931 910 1991 et
981 1947 1271 2009 proceres
1339 1926 1520 2007 cleri,
1595 1926 1704 2009 qui
1767 1925 1845 1989 de
1888 1925 2229 1989 “Hadriani
2295 1925 2732 1989 moderatione
2799 1926 2979 1989 solli-

659 2025 800 2100 citi,
861 2024 984 2087 etsi
1045 2022 1395 2101 immerit0‚
1460 2022 1806 2104 timebant,
1874 2045 1955 2086 ne
2016 2022 2316 2086 Pontifex
2379 2044 2417 2084 a
2478 2020 2727 2086 Nicolai
2790 2023 2975 2105 prin-

660 2121 839 2203 cipiis
899 2118 1280 2202 discederet,
1351 2140 1426 2182 ea
1500 2141 1664 2202 quae
1733 2139 1967 2203 magno
2036 2141 2178 2182 cum
2238 2120 2457 2203 vigore
2523 2120 2604 2181 ab
2671 2119 2782 2182 illo
2838 2118 2977 2183 dis-

660 2217 869 2300 posita
916 2219 1105 2279 erant
1161 2217 1343 2279 irrita
1390 2216 1710 2293 redderet,
1771 2225 1968 2299 atque
2010 2216 2104 2279 ita
2147 2219 2406 2279 sanctae
2451 2214 2629 2279 Sedis
2690 2216 2978 2279 auctori-

659 2318 860 2378 tatem
917 2313 1255 2376 minueret.
1350 2312 1448 2374 Ex
1504 2312 1677 2376 hisce
1736 2315 1988 2389 autem,
2056 2316 2370 2394 quantum
2429 2314 2744 2397 conjicere
2798 2312 2976 2389 licet,

660 2411 786 2474 fuit
830 2410 940 2472 ille
1004 2410 1362 2491 episcopuS,
1424 2409 1535 2491 qui
1598 2407 1678 2471 ad
1738 2408 2062 2492 praesules
2123 2408 2192 2471 in
2238 2409 2484 2490 synodo
2546 2413 2979 2491 congregatos

662 2506 1021 2572 orationem
1085 2504 1328 2568 habuit.
1430 2503 1630 2570 Totus
1696 2505 1758 2568 in
1823 2527 1897 2568 eo
1964 2508 2089 2581 est,
2154 2509 2225 2567 ut
2287 2506 2610 2583 ostendat,
2680 2503 2981 2569 Lotharii

662 2615 726 2668 et
793 2604 1050 2666 illorum
1126 2603 1558 2685 episcoporum
1629 2623 1885 2666 causam
1956 2603 2189 2666 malam
2261 2623 2423 2677 esse,
2502 2623 2764 2685 eamque
2834 2602 2981 2685 jam

661 2722 911 2764 summa
968 2700 1353 2763 auctoritate
1408 2699 1657 2763 Nicolai
1719 2698 2080 2775 PontificiS,
2145 2720 2259 2761 seu
2316 2693 2497 2763 Sedis
2548 2697 2980 2781 Apostolicae,

664 2819 800 2860 esse
856 2795 1231 2879 judicatam.
1347 2795 1681 2860 Praesules
1740 2795 1966 2878 synodi
2035 2817 2224 2877 porro
2293 2795 2652 2858 considerat
2719 2802 2795 2859 ut
2857 2795 2982 2858 ali-

662 2915 855 2976 quam
917 2893 1355 2975 episcoporum
1419 2894 2020 2976 congregationem,
2076 2913 2240 2974 quae
2295 2890 2481 2956 modo
2541 2892 2717 2955 illam
2780 2913 2983 2974 quae-

663 2992 938 3053 stionem
994 2991 1132 3072 jam
1192 3011 1441 3052 summa
1497 2991 1889 3054 auctoritate
1953 2989 2331 3071 diremptam
2396 2989 2608 3052 denuo
2669 2990 2978 3072 exagitet,

663 3097 729 3151 et
792 3107 1201 3170 nequaquam
1268 3087 1610 3150 convenire
1673 3091 1924 3164 censet,
1991 3091 2066 3149 ut
2130 3087 2210 3149 ab
2270 3085 2420 3168 ipsis
2484 3107 2651 3149 nova
2711 3089 2980 3149 senten-

664 3184 757 3246 tia
815 3182 1082 3247 feratur.
1175 3182 1277 3245 Ab
1320 3182 1459 3266 ipsa
1518 3181 1681 3246 Sede
1730 3182 2100 3265 Apostolica
2152 3183 2443 3266 quidem,
2506 3182 2562 3245 si
2608 3182 2796 3258 velit,
2827 3181 2981 3245 ,hac

665 3281 736 3342 in
782 3300 851 3341 re
899 3279 1101 3342 adhuc
1147 3277 1386 3361 aliquid
1431 3279 1632 3342 statui
1693 3299 1905 3360 posse,
1965 3278 2279 3355 admittit,
2338 3277 2634 3360 viamque
2688 3276 2810 3341 hoc
2863 3300 2981 3361 po-

666 3378 791 3440 sito
853 3375 1169 3458 suggerit,
1232 3381 1304 3437 ut
1364 3375 1635 3438 solemni
1697 3374 1966 3440 concilio
2026 3374 2315 3459 generali
2376 3376 2724 3439 convocato
2782 3396 2977 3438 novo-

666 3494 791 3554 que
838 3471 1132 3535 examine
1179 3471 1378 3548 fact0,
1442 3471 1591 3534 dein
1653 3470 1732 3533 ab
1790 3472 1926 3553 ipsa
1976 3469 2137 3534 Sede
2184 3469 2586 3553 Apostolica‚
2647 3470 2978 3534 definitiva

669 3566 998 3632 sententia
1073 3567 1336 3632 feratur.
1428 3566 1522 3630 Ut
1594 3589 1743 3631 vero
1819 3567 2077 3650 probet,
2154 3568 2383 3650 quanti
2457 3566 2825 3631 habendum
2895 3568 2981 3630 sit

670 3788 894 3840 quorum
931 3771 1071 3825 ultio
1108 3770 1248 3823 falso
1286 3768 1494 3836 injusta
1531 3766 1759 3829 dicitur,
1807 3766 1947 3832 proh
1988 3767 2142 3820 dolor
2178 3773 2309 3821 sunt
2343 3767 2630 3822 admissa.“
2698 3768 2764 3821 V.
2803 3769 2980 3824 Maas-

672 3867 769 3906 sen
806 3851 1231 3996 1⁹¹)coZIacli'giias
1268 3925 1596 3994 Anagninus
1635 3924 1920 3992 episcopus
1960 3941 1993 3977 a
2028 3923 2253 3979 Nicolao
2282 3924 2553 3980 Pontifice
2591 3943 2639 3980 a.
2678 3930 2782 3980 863
2819 3929 2981 3997 depo-

674 4010 814 4063 situs
854 4013 988 4075 erat,
1027 4024 1090 4062 eo
1129 4008 1271 4074 quod
1308 4023 1356 4059 a.
1395 4007 1495 4058 861
1535 4014 1599 4057 ut
1634 4003 1856 4072 legatus
1891 4003 2178 4058 Pontificis
2217 4005 2747 4072 Constantinopolim
2784 4007 2981 4062 missus

673 4087 882 4141 muneri
931 4103 1028 4141 suo
1079 4085 1314 4152 turpiter
1364 4083 1638 4148 defuerat,
1704 4097 2027 4148 causamque
2074 4083 2287 4151 Ignatii
2333 4083 2681 4150 patriarchae
2730 4086 2983 4153 prodenS,

677 4166 862 4220 Photii
897 4165 1180 4234 perfidiam
1216 4162 1678 4230 comprobaverat.
1717 4192 1783 4198 --
1823 4162 1942 4214 Hac
1978 4161 2044 4215 de
2082 4179 2140 4217 re
2179 4162 2405 4218 inferius
2444 4178 2683 4231 agemus.
