3270 5028
649 444 715 495 10
1476 443 1557 496 De
1595 442 1812 497 haeresi
1847 442 2320 496 Iconoclastarum.

648 585 1035 667 quieverint,
1093 585 1218 649 nisi
1275 589 1612 669 postquam
1664 583 2045 648 Pontificem
2105 584 2353 647 salvum
2409 586 2605 666 atque
2661 603 2951 647 securum

646 678 1062 759 cernerent.¹)

825 822 925 886 10.
988 820 1181 885 Brevi
1240 824 1386 904 post
1445 825 1527 899 (a.
1578 821 1732 900 695)
1796 818 2204 883 Justinianus
2253 818 2338 884 II.
2400 843 2437 884 a
2496 819 2774 884 Leontio
2836 819 2949 881 im·

648 918 820 1000 perio
882 917 1167 1001 dejectus
1230 939 1516 1000 nasoque
1567 916 1934 996 mutilatUS,
1991 916 2161 980 unde
2215 913 2676 979 Rhinotmetus
2736 915 2949 998 appel·

647 1014 817 1078 latus
887 1018 1010 1089 est,
1084 1015 1154 1076 in
1217 1013 1688 1078 Chersonesum
1757 1013 2080 1095 relegatus
2151 1012 2293 1076 fuit.
2402 1011 2713 1076 Leontius
2782 1033 2952 1074 anno

650 1111 776 1174 698
825 1113 890 1173 et
951 1111 1084 1192 ipse
1140 1110 1220 1173 ab
1268 1109 1608 1173 Absimaro
1656 1108 1914 1172 Tiberio
1972 1107 2256 1192 dejectus
2319 1110 2636 1192 relegatus
2697 1108 2823 1172 fuit
2883 1109 2952 1171 in

648 1205 1060 1270 Dalmatiam.
1167 1205 1293 1270 Sed
1358 1228 1528 1270 anno
1594 1205 1719 1268 705
1780 1203 2223 1283 Justinian11s,
2296 1207 2635 1270 Absimaro
2697 1204 2951 1269 Tiberio

557 1322 567 1337 ⁸
649 1303 878 1383 occiso,
945 1303 1279 1385 imperium
1344 1301 1764 1384 recuperavit.
1866 1301 2107 1365 Eodem
2164 1324 2336 1366 anno
2400 1300 2626 1366 Sedem
2680 1303 2951 1384 Aposto-

646 1401 834 1463 licam
899 1399 1185 1464 ascendit
1247 1397 1538 1462 Joannes
1600 1395 1776 1474 VII„
1849 1419 1991 1461 cum
2060 1420 2187 1481 quo
2250 1398 2660 1462 Justinianus
2721 1398 2952 1461 iterum

647 1496 723 1559 de
789 1496 1250 1579 approbatione
1312 1516 1632 1560 canonum
1697 1493 1924 1576 synodi
1975 1495 2322 1558 Trullanae
2383 1497 2535 1579 egit.
2624 1491 2820 1557 Rzico
2879 1496 2955 1561 ut

636 1590 969 1675 palatium
1015 1590 1350 1674 inqressus
1393 1593 1503 1667 est,
1552 1590 1705 1653 dicit
1752 1590 1948 1654 Liber
1993 1590 2391 1655 Pontificalis
2436 1592 2505 1654 in
2552 1590 2710 1654 Vita
2756 1590 2797 1654 J
2802 1612 2955 1654 oan-

647 1692 748 1753 nis
792 1687 970 1763 VII„
1049 1686 1516 1770 propriumque
1573 1685 1844 1768 adeptus
1896 1685 2270 1768 imperium,
2329 1685 2696 1768 Imperator
2755 1691 2957 1750 tomos

650 1806 807 1868 quos
870 1788 1063 1849 antea
1119 1783 1235 1849 sub
1304 1783 1534 1847 domno
1600 1781 1828 1864 Seryio
1887 1781 2271 1865 apostolicae
2330 1782 2674 1847 memoriae
2729 1782 2953 1848 Ponti-

646 1881 754 1962 fici
799 1880 1080 1945 Romam
1142 1879 1498 1958 diremerat,
1560 1878 1634 1944 in
1687 1878 1920 1961 quibus
1973 1877 2228 1943 diversa
2285 1879 2571 1962 capitula
2616 1880 2956 1944 Romanae

651 1976 945 2043 eeclesiae
1003 1976 1337 2041 contraria
1390 1977 1638 2059 scripta
1696 1976 1993 2058 inerant,
2042 1996 2164 2058 per
2217 1974 2377 2040 duos
2430 1976 2955 2058 metropolitanos

650 2074 971 2158 episcopos
1014 2072 1445 2151 demandavit,
1492 2072 1784 2155 diriyens
1818 2093 1944 2154 per
1986 2093 2089 2137 eos
2134 2076 2193 2136 et
2240 2071 2542 2150 Sacram,
2591 2093 2712 2155 per
2758 2093 2953 2154 quam

651 2170 1138 2236 denominatum
1183 2168 1559 2249 Pontificem
1608 2168 1982 2252 conjuravit
2025 2188 2100 2233 ae
2143 2168 2441 2234 hortatus
2488 2174 2606 2249 est,
2664 2173 2739 2234 ut
2784 2169 2952 2250 Apo-

651 2266 910 2332 stolicae
964 2265 1254 2331 ecclesiae
1314 2265 1658 2332 concilium
1729 2269 2171 2349 conyreqaret,
2234 2270 2292 2328 et
2328 2286 2637 2353 *quaeque
2700 2266 2759 2330 ei
2812 2265 2954 2331 visa

652 2367 856 2428 essent
913 2361 1260 2441 stabiliret,
1317 2367 1378 2427 et
1432 2383 1596 2444 quae
1652 2362 1927 2427 adversa
1980 2361 2308 2427 renuendo
2365 2363 2740 2427 excluderet.
2833 2361 2958 2444 Sed

651 2460 755 2526 hic
801 2459 1093 2525 humana
1133 2459 1504 2543 frayilitate
1548 2459 1838 2540 timiduS,
1885 2459 2000 2524 hos
2043 2479 2453 2542 nequaquam
2501 2465 2701 2525 tomos
2745 2479 2956 2525 emen-

651 2558 817 2623 dans
852 2578 977 2640 per
1021 2558 1399 2639 suprafatos
1445 2557 1887 2639 metropolitas
1932 2556 2177 2623 direxit
2222 2556 2308 2622 ad
2343 2557 2729 2641 principem.
2821 2558 2957 2634 Qua

651 2656 908 2741 quidem
956 2657 1025 2718 in
1087 2678 1154 2719 re
1216 2660 1432 2719 utrum
1476 2656 1760 2721 Joannes
1806 2659 1982 2720 metu
2045 2657 2271 2720 ductus
2336 2656 2571 2738 egerit,
2629 2678 2712 2718 an
2779 2677 2956 2720 oeco-

651 2753 869 2819 nomia
927 2752 1200 2835 quadam
1263 2753 1597 2835 prudenti,
1661 2754 1918 2816 difficile
1978 2756 2078 2815 est
2140 2751 2500 2835 dijudicare.
2595 2750 2760 2817 Sane
2809 2752 2960 2815 dum

649 2852 972 2934 integram
1027 2870 1345 2912 canonum
1406 2849 1844 2913 collectionem
1903 2850 2040 2932 jam
2106 2870 2142 2910 a
2201 2847 2730 2931 praecedentibus
2787 2848 2959 2913 Pon-

650 2947 928 3012 tificibus
993 2968 1123 3009 non
1196 2945 1535 3009 admissam
1603 2946 1744 3008 sine
1812 2966 2113 3026 responso
2174 2944 2796 3027 Constantinopolim
2865 2967 2959 3008 re·

650 3045 855 3120 misit,
918 3043 1075 3106 satis
1121 3041 1432 3117 ostendit,
1495 3042 1691 3105 etiam
1751 3041 1832 3103 ab
1886 3043 2023 3123 ipso
2079 3040 2224 3105 illos
2278 3062 2551 3105 canones
2611 3062 2747 3104 non
2794 3062 2959 3104 com-

652 3141 935 3225 probari;
999 3138 1281 3222 prudens
1341 3138 1511 3202 forte
1569 3137 1819 3202 censuit
1875 3158 2041 3212 esse,
2103 3138 2510 3202 selectionem
2572 3137 2960 3220 propositam

653 3237 820 3300 haud
868 3237 1233 3299 instituere.

831 3386 928 3446 ll.
982 3380 1323 3447 Sisinnius
1366 3381 1640 3446 Joannis
1678 3382 1830 3445 VII.
1880 3403 2206 3446 successor
2249 3383 2482 3466 viginti
2521 3387 2779 3446 tantum
2827 3382 2959 3445 die-

652 3482 771 3545 bus
829 3479 1149 3544 Ecclesiae
1208 3478 1517 3562 praefuit,
1577 3500 1695 3541 nec
1752 3479 2044 3562 quaestio
2103 3478 2180 3541 de
2236 3479 2588 3542 canonibus
2635 3478 2959 3542 Trullanis

653 3578 774 3643 sub
840 3577 980 3661 ipso
1051 3576 1298 3658 agitata
1370 3579 1484 3639 est.
1600 3573 1921 3638 Successit
1993 3574 2051 3638 ei
2121 3573 2200 3656 (a.
2265 3571 2417 3657 705)
2492 3571 2961 3638 Constantinus

658 3674 982 3738 Pontifex.
1094 3673 1290 3735 Anno
1360 3671 1483 3734 710
1553 3669 1968 3734 Justinianus
2036 3670 2197 3753 Imp.
2266 3671 2458 3734 missa
2526 3669 2720 3736 Sacra
2787 3670 2960 3735 Pon-

653 3771 893 3834 tificem
962 3768 1288 3832 accersivit
1368 3766 2026 3850 Constantinopolim,
2109 3767 2218 3830 ubi
2290 3789 2430 3830 eum
2499 3768 2748 3851 magnis
2818 3789 2960 3831 cum

653 3866 1004 3931 honoribus
1067 3864 1321 3946 recepit.
1422 3862 1581 3939 Quid
1639 3862 2105 3927 Constantinus
2158 3862 2336 3946 Papa
2397 3862 2958 3946 Constantinopoli

657 4169 724 4221 D·
838 4090 982 4221 EIV.
1022 4090 1274 4220 ΑΙηέεῖειε.
1303 4088 1567 4143 Biblioth.
1607 4089 1663 4141 in
1701 4088 1818 4140 vita
1847 4088 2051 4156 Sergii3
2091 4105 2174 4156 ap.
2205 4088 2465 4143 Wouters
2494 4089 2727 4142 Dissert.
2750 4088 2828 4157 ‚T.
2857 4088 2958 4140 III.

712 4185 802 4222 1ss.
920 4210 930 4220 .
971 4187 1020 4221 n.
1145 4210 1156 4222 .
