3270 5028
892 445 1208 501 Persecutio
1247 445 1597 501 Constantini
1637 445 1980 513 copronymi.
2525 447 2597 499 43

280 585 554 652 concilio
593 585 1158 652 Iconomachorum
1214 586 1565 663 haeresim,
1626 592 1693 650 et
1738 587 1927 650 fidem
1988 586 2408 671 processionis
2456 583 2597 669 Spi-

281 683 448 747 ritus
498 679 720 747 Sancti
766 707 804 748 a
850 683 1043 747 Patre
1085 681 1376 767 Filioque
1428 683 1889 748 confirmatam.

463 833 568 897 47.
633 831 871 896 Eodem
944 853 1150 914 paene
1213 834 1499 914 tempore
1556 834 1689 894 tres
1753 830 2154 914 patriarchae
2228 831 2591 907 orientales,
2634 847 2911 889 Patriarehae

286 928 548 1015 Cosmas
598 926 1105 1005 AlexandrinuS,
1162 926 1535 992 Theodorus
1580 925 2030 991 Antiochenus
2079 931 2143 991 et
2186 927 2350 991 alter
2394 925 2598 992 Theo·

282 1026 479 1089 dorus
544 1023 1201 1107 HierosolymitanuS,
1277 1045 1621 1107 eorumque
1696 1023 2139 1106 metropolitae
2204 1022 2599 1106 praeclaram

282 1121 432 1186 fidei
503 1142 655 1184 suae
725 1121 1182 1204 professionem
1252 1120 1328 1184 de
1394 1118 1778 1184 Sanctorum
1849 1141 1923 1183 ac
1985 1140 2306 1183 sacrarum
2376 1120 2602 1204 imagi-

283 1241 446 1284 num
516 1223 582 1281 et
645 1217 1060 1301 reliquiarum
1129 1219 1306 1282 cultu
1371 1216 1686 1281 miserunt
1753 1216 1832 1280 ad
1899 1215 2267 1281 Romanum
2335 1216 2601 1280 Pontifi-

284 1336 452 1391 cem,
513 1314 610 1379 uti
667 1317 921 1378 constat
977 1335 1054 1377 ex
1113 1314 1383 1398 epistola
1441 1313 1751 1397 synodica
1811 1336 1848 1376 a
1906 1311 2240 1376 Theodoro
2296 1311 2600 1376 Hieroso-

283 1411 601 1493 lymitano
677 1409 941 1494 scripta,
1020 1414 1086 1474 et
1160 1433 1197 1473 a
1269 1408 1497 1474 Cosma
1566 1409 2041 1490 Alexandrino,
2120 1430 2194 1472 ac
2266 1408 2603 1474 Theodoro

285 1506 698 1572 Antiocheno
745 1507 1089 1591 multisque
1140 1506 1569 1590 metropolitis
1620 1507 2023 1590 consignata.
2081 1540 2171 1548 —-
2232 1504 2427 1569 Anno
2477 1506 2600 1568 769

285 1601 656 1686 Stephanus
713 1601 830 1667 III.
890 1602 1221 1667 Romanus
1287 1601 1592 1667 Pontifex
1662 1602 2003 1668 concilium
2067 1601 2296 1665 habuit
2360 1599 2603 1665 Romae

284 1703 354 1765 in
411 1699 690 1764 Basilica
735 1699 1184 1764 Lateranensi.
1275 1700 1356 1764 In
1415 1720 1488 1763 eo
1546 1699 1821 1782 primum
1877 1697 2158 1762 discussa
2219 1702 2285 1760 et
2339 1698 2602 1762 rescissa

224 1850 233 1856 .
284 1802 443 1861 sunt
501 1800 645 1860 acta
690 1795 1101 1860 Constantini
1156 1797 1630 1880 pseudopapae,
1691 1795 1800 1878 qui
1860 1817 1897 1858 a
1955 1793 2284 1858 Desiderio
2341 1791 2605 1878 Longo-

2650 907 2899 950 orientales.

284 1893 631 1957 bardorum
702 1890 875 1977 rege
928 1892 1216 1956 intrusus
1292 1893 1536 1975 fuerat3
1627 1891 1778 1955 dein
1854 1913 2174 1956 sacrarum
2250 1890 2656 1974 imaginum'

284 1991 491 2054 honos
566 1989 891 2053 stabilitus
968 1993 1099 2066 est,
1184 1988 1616 2073 damnataque
1695 1988 1963 2053 CPtana
2037 1986 2602 2052 Iconomachorum

284 2085 832 2171 pseudosynodus,
890 2121 978 2130 —
1034 2084 1226 2150 Hisce
1272 2108 1422 2150 vero
1481 2087 1673 2150 annis
1725 2084 2230 2168 independentia
2283 2084 2603 2148 variarum

285 2182 626 2267 regionum
702 2181 931 2247 Italiae
995 2204 1341 2267 earumque
1420 2184 1742 2266 separatio
1818 2181 1899 2246 ab
1974 2181 2248 2265 Imperio
2315 2179 2601 2245 Orientis

288 2279 495 2362 magis
555 2279 887 2363 magisque
937 2279 1254 2362 completa
1317 2283 1431 2343 est.
1525 2278 1668 2343 Hac
1729 2279 1805 2343 de
1868 2300 1936 2342 re
1995 2277 2265 2342 inferius
2321 2298 2600 2361 agemus,

286 2375 368 2438 In
425 2373 694 2439 Oriente
752 2379 965 2439 autem
1022 2375 1261 2439 bellum
1316 2379 1541 2440 contra
1597 2375 1910 2459 imagines
1980 2375 2224 2438 ultimis
2284 2373 2603 2438 Constan-

287 2472 413 2537 tini
475 2471 858 2556 Copronymi
923 2471 1111 2536 annis
1171 2470 1470 2538 efferbuit
1530 2473 1614 2538 in.
1662 2472 2170 2556 persecutionem
2235 2471 2600 2556 generalem

288 2573 514 2634 contra
570 2569 943 2646 monachOS,
1008 2570 1115 2653 qui
1173 2571 1509 2654 praecipue
1565 2571 1809 2635 cultum
1870 2591 2191 2634 sacrarum
2248 2569 2603 2652 imaginum

288 2666 667 2730 tuebantur.
761 2665 1003 2729 Eorum
1059 2667 1434 2730 institutum
1492 2667 1753 2749 penitus
1809 2665 2128 2730 eradicare
2190 2664 2440 2728 studuit
2486 2664 2607 2727 Im·

288 2766 582 2845 perator,
631 2762 1022 2827 monasteria
1067 2762 1323 2845 aliaque
1370 2762 1542 2828 bona
1580 2763 1658 2826 iis
1706 2763 1970 2846 eripuit,
2022 2767 2088 2826 et
2133 2761 2203 2825 in
2249 2782 2405 2825 usus
2453 2760 2607 2825 alios

290 2881 363 2923 ac
420 2860 753 2942 praecipue
807 2859 1117 2940 militares
1173 2860 1512 2924 convertit.
1603 2857 1888 2935 Dixeris,
1950 2860 2192 2922 luctam
2237 2860 2462 2921 contra
2508 2878 2608 2919 sa-

290 2978 432 3021 cras
478 2956 790 3040 imagines
838 2955 1233 3020 occasionem
1292 2955 1490 3020 fuisse
1548 2955 1819 3020 factioni
1879 2954 2326 3019 schismaticae
2383 2958 2446 3015 et
2490 2952 2605 3015 ini·

292 3074 458 3135 quae
504 3052 748 3136 aliquot
796 3050 1169 3115 Praesulum
1219 3052 1620 3136 aliorumque
1667 3052 2002 3117 hominum
2050 3050 2486 3134 profanorum,
2534 3053 2609 3111 ut

292 3149 596 3213 unionem
656 3171 798 3213 oum
846 3148 1136 3212 Ecclesia
1183 3148 1475 3212 Romana
1531 3150 1792 3232 penitus
1851 3150 2258 3230 rumperent,
2319 3143 2608 3209 ordinem

291 3247 718 3309 monasticum
780 3243 1216 3322 destruerent,
1280 3249 1346 3308 et
1406 3268 1565 3330 quae
1627 3244 1707 3308 ad
1769 3245 2027 3328 pietatis
2091 3244 2402 3307 fervorem
2469 3264 2610 3325 spe·

293 3347 475 3407 ctant
518 3342 1027 3425 pessumdarent.

471 3482 575 3545 48.
647 3483 841 3543 Anno
915 3480 1037 3543 775
1116 3479 1583 3544 Constantinus
1631 3479 1712 3544 V.
1782 3478 2027 3543 infelici
2091 3481 2294 3543 morte
2364 3478 2607 3541 exstin-
2628 3502 2812 3545 Leow.
2833 3503 2943 3555 Imp.

295 3581 439 3642 ctus
514 3580 637 3653 est,
709 3576 897 3658 eique
964 3577 1270 3640 successit
1330 3574 1464 3638 Leo
1526 3573 1649 3639 IV.
1725 3577 1861 3660 ejus
1920 3575 2109 3641 filius.
2223 3573 2289 3637 Is
2354 3573 2609 3657 quidem

293 3674 484 3738 initio
548 3672 863 3737 abstinuit
924 3695 961 3736 a
1021 3665 1493 3756 persecutione
1504 3671 1841 3750 fidelium,
1913 3676 2108 3756 atque
2170 3671 2365 3735 etiam
2430 3670 2609 3734 favo·-

293 3792 428 3833 rem
489 3768 774 3833 ostendit
830 3769 1191 3843 monachis3
1250 3773 1540 3833 attamen
1602 3769 1805 3835 cultui
1859 3769 2218 3852 imaginum
2276 3766 2608 3850 oppositus

296 3872 436 3930 erat
484 3887 753 3949 eumque
800 3866 1052 3930 restitui
1099 3866 1331 3930 noluit.
1424 3868 1621 3931 Anno
1661 3887 1811 3930 vero
1863 3864 2017 3940 779,
2082 3886 2225 3929 cum
2271 3864 2339 3926 in
2387 3860 2611 3926 Irenes

294 3962 729 4045 Imperatricis
783 3962 1104 4046 pulvinari
1167 3963 1486 4045 imagines
1548 3963 1850 4027 inventae
1906 3965 2118 4025 essent
2181 3958 2607 4034 absconditae,

297 4059 603 4123 atrociter
657 4058 777 4124 hac
835 4058 913 4122 de
972 4080 1041 4122 re
1097 4081 1334 4142 poenas
1393 4060 1624 4142 exegit.
1722 4055 2153 4143 Inquisitione
2208 4056 2378 4119 enim
2440 4055 2613 4118 facta

295 4157 366 4220 in
432 4178 536 4220 eos
603 4155 714 4239 qui
779 4155 1092 4239 imagines
1156 4154 1782 4231 istas‘intulissent,
1854 4155 2070 4237 plures
2135 4152 2380 4217 nobiles
2444 4152 2612 4214 viros

2966 834 3006 995 t
