3270 5028
954 402 1036 456 De
1073 417 1239 455 causa
1276 401 1555 455 Hincmari
1592 401 1988 455 Laudunensis.
2522 406 2624 455 251

302 562 515 625 parvo
552 576 557 577 ff
565 542 931 625 pendamus
943 591 959 622 ,
1020 546 1092 606 ut
1149 542 1618 633 controversias
1674 547 1736 607 et
1780 542 2019 625 y‘uryia
2077 547 2211 607 tam
2269 541 2628 624 superioris

312 660 509 721 quam
557 639 752 704 ctiam
797 638 1139 722 inferioris
1185 638 1454 718 ordiniS,
1503 660 1667 721 quae
1700 638 1977 705 Nicaeni
2022 644 2082 703 et
2130 639 2366 704 caeteri
2412 660 2625 704 sacro-

312 758 466 801 rum
515 735 950 801 Consiliorum
998 756 1301 814 canones,
1359 741 1419 799 et
1464 735 1839 801 Innocentii
1898 741 2091 817 atque
2146 736 2428 801 aliorum
2475 755 2624 799 san-

311 837 452 897 ctae
497 833 837 898 Romanae
894 831 1078 897 Sedis
1124 831 1515 912 Pontificum
1575 833 1857 913 decreta,
1915 832 1989 898 in
2044 832 2310 915 synodis
2357 831 2627 914 provin-

311 929 588 994 cialibus
635 950 676 994 a
722 929 1238 1011 metropolitanis
1287 928 1713 1012 praecipiunt
1764 928 2140 1008 terminari,
2207 929 2292 995 ad
2344 933 2627 994 vestram

312 1047 635 1092 summam
681 1025 1134 1097 anctoritatem
1177 1025 1596 1108 fatiyandam
1643 1025 2033 1110 ducamus.1)
2124 1027 2295 1091 Dein
2351 1023 2423 1089 2⁰
2482 1048 2628 1092 con·

315 1126 524 1201 venit,
587 1124 662 1188 ad
719 1128 1037 1207 sanctam*
1068 1123 1296 1205 §edem
1347 1122 1805 1205 recurrendum
1864 1124 1936 1199 in
1997 1145 2065 1199 re
2103 1123 2348 1206 *dubim
2412 1123 2516 1186 vel
2576 1123 2629 1186 si

310 1223 643 1304 episcopus
692 1233 822 1286 non
872 1221 1312 1304 provocaverit
1358 1220 1438 1284 ad
1483 1222 1830 1285 electorum
1877 1221 2165 1305 judicum
2213 1220 2632 1294 sententiam,

309 1317 422 1381 sed
488 1319 907 1401 appellaverit
966 1341 1285 1382 summum
1330 1317 1742 1400 Pontificem,
1802 1321 1959 1382 tunc
2025 1317 2370 1382 secundum
2432 1317 2629 1399 se‘pti-

316 1437 486 1479 mum
539 1437 844 1480 canonem
905 1413 1346 1480 Sardicensem
1403 1415 1482 1479 ad
1544 1414 1877 1479 Pontificis
1941 1414 2427 1498 dispositionem
2485 1434 2630 1496 spe-

314 1516 522 1590 ctare,
591 1519 665 1575 ut
720 1517 1067 1577 renovetur
1127 1534 1414 1576 examen.
1505 1511 1780 1577 Videtur
1832 1516 2045 1576 autem
2095 1512 2395 1588 innuere,
2455 1510 2629 1574 Pon-

312 1609 553 1674 tificem
624 1631 759 1673 non
829 1608 1061 1673 debere
1126 1609 1398 1673 Romam
1468 1630 1731 1673 evocare
1801 1609 2169 1692 litigantes,
2242 1607 2354 1671 sed
2416 1607 2631 1690 potius
2681 1519 2703 1688 i

306 1706 556 1794 judices
603 1708 671 1769 in
729 1707 1058 1789 provincia
1103 1705 1455 1788 destinare,
1519 1707 1621 1769 vel
1673 1728 1706 1769 e
1755 1707 1959 1770 latere
2012 1727 2124 1770 suo
2172 1705 2450 1768 mittere.
2545 1702 2631 1765 Et

315 1803 524 1887 quoad
571 1802 959 1867 Rothadium
1008 1802 1469 1879 contendebat,
1530 1824 1673 1866 eum
1726 1803 1804 1867 ad
1856 1801 2078 1866 electos
2118 1801 2377 1884 judices
2422 1801 2631 1903 appel-

315 1901 506 1965 lasse.
514 1896 563 1979 2)
653 1898 927 1963 Demum
979 1897 1049 1962 3⁰
1094 1898 1198 1981 De
1210 1881 1763 1982 metropolitam,
1823 1900 1946 1976 ait,
1993 1918 2119 1980 per
2175 1917 2398 1962 sacras
2442 1898 2629 1978 reyn-

315 1996 417 2060 las
481 1992 854 2075 constituto,
927 1995 1041 2077 qni
1101 2017 1179 2059 ex
1244 1995 1522 2078 antiqua
1596 1950 2057 2061 consuetudine
2118 1994 2197 2059 ab
2262 1992 2628 2076 Apostolica

317 2092 478 2157 Secle
515 2091 798 2174 pallium
843 2092 1096 2175 accipit,
1143 2092 1313 2158 sicut
1360 2093 1492 2157 Leo
1541 2092 1626 2157 acl
1673 2092 2131 2170 Anastasium,
2188 2091 2358 2172 qnod
2402 2095 2462 2154 et
2508 2089 2625 2154 Ni-

315 2210 589 2254 caennm
641 2188 997 2254 Concilium
1061 2189 1315 2269 innuit,
1375 2193 1434 2254 et
1493 2189 1727 2254 caeteri
1786 2189 2126 2253 Romanae
2171 2187 2357 2252 Sedis
2404 2184 2627 2250 Ponti-

312 2286 462 2366 fices
516 2286 589 2351 in
651 2286 920 2350 decretis
973 2286 1112 2350 suis
1167 2306 1247 2350 ex
1302 2285 1508 2351 sacris
1570 2285 1925 2351 canonibus
1988 2288 2383 2363 monstrant,
2445 2282 2664 2355 Sedis¹

312 2384 530 2466 ipsius
586 2382 927 2464 Pontificis
980 2383 1176 2447 etiam
1232 2387 1382 2448 ante
1438 2381 1772 2466 judiciam
1828 2386 1920 2446 est
1974 2381 2294 2447 sententia
2341 2382 2668 2463 praesto-³

321 2479 591 2564 landa.3)
683 2479 755 2546 4Ο
808 2481 946 2546 Nos
1001 2479 1516 2563 metropolitani,
1575 2482 1816 2565 inquit,
1875 2478 2345 2558 controversias
2399 2497 2629 2543 carna-

316 2577 483 2668 liam
537 2578 610 2644 in
669 2578 935 2662 synodis
979 2578 1501 2660 provincialibus
1557 2576 1923 2642 laborantes
1979 2576 2384 2655 dirimimus,
2445 2579 2503 2638 et
2557 2574 2631 2637 de

314 2676 682 2757 majoribus
728 2697 802 2741 ae
845 2677 1170 2757 majorum
1216 2676 1432 2740 causis
1478 2674 1562 2739 acl
1608 2694 1879 2739 examen
1924 2694 2212 2738 summae
2244 2672 2430 2737 Sedis
2461 2671 2631 2736 Pon-

316 2772 514 2853 tifieis
545 2777 697 2856 post
727 2772 1061 2856 judicium
1105 2773 1352 2855 referre
1383 2771 1769 2850 curamu8.4)
1846 2770 1968 2836 Sed
2014 2772 2156 2834 illas
2197 2771 2633 2835 restrictiones

319 2869 626 2935 Nicolaus
681 2894 815 2935 non
871 2870 1159 2953 admisit,
1221 2871 1672 2935 auctoritatem
1721 2890 1871 2933 vero
1931 2890 2109 2931 suam
2169 2872 2434 2932 strenue
2494 2867 2633 2929 vin-

316 2968 573 3044 dicavit,
622 2968 723 3031 cui
775 2969 970 3032 etiam
1016 2967 1405 3030 Hincmarus
1453 2967 1661 3030 cessit.
1758 2964 1867 3035 An
1916 2986 2065 3027 vero
2122 2963 2191 3027 in
2239 2963 2339 3028 his
2385 2967 2632 3028 contro·

320 3065 545 3129 versiis
589 3064 1101 3128 Pseudo-Isidori
1150 3063 1518 3127 Decretales
1574 3063 1891 3126 influxum
1939 3060 2312 3140 habuerint,
2366 3059 2633 3123 inferius

320 3161 696 3225 videbimus,
2228 3197 2357 3272 0<⁰

2340 3246 2404 3274 Q-
2431 3241 2544 3269 <m
2975 3279 2988 3284 -

500 3293 605 3354 38.
662 3290 891 3354 Restat
950 3295 1024 3353 ut
1072 3310 1337 3398 agamus
1394 3288 1468 3398 cle
1523 3306 1723 3353 causa
1766 3282 2121 3356 Hincmari
2168 3283 2665 3388 Laudunensis
2679 3287 2937 3328 mnemarus

319 3387 628 3471 episcopi,
706 3409 783 3449 ex
856 3409 980 3470 qua
1062 3386 1378 3449 maximae
1406 3385 1821 3448 simultates
1895 3379 2186 3446 exortae
2199 3379 2396 3445 sunt
2461 3371 2635 3446 inter
2653 3347 2963 3391 ''andunfflm

321 3484 725 3548 Hadrianum
787 3483 1060 3566 Papam,
1123 3481 1418 3547 Carolum
1481 3481 1749 3545 Calvum
1808 3500 2024 3563 legem
2084 3483 2149 3542 et
2209 3478 2631 3542 Hincmarum

325 3582 753 3646 Rhemensem
822 3581 1087 3644 alterius
1144 3578 1480 3644 Hincmari
1543 3578 1947 3642 avunculum.
2011 3612 2099 3619 -—
2161 3576 2420 3640 Mortuo
2477 3575 2635 3640 Par·

319 3679 470 3742 dulo
509 3677 928 3742 Laudunensi
969 3677 1260 3760 episcopo
1294 3698 1514 3741 versus
1561 3697 1802 3739 annum
1839 3675 1987 3748 856,
2037 3672 2423 3737 Hincmarus
2470 3672 2636 3737 Rhe·

322 3776 561 3839 mensis
637 3774 1143 3856 archiepiscopus
1213 3773 1385 3838 hunc
1459 3773 1898 3856 episcopatum
1958 3770 2310 3834 Hincmaro
2371 3771 2637 3853 juniori,

319 3894 402 3936 ex
468 3893 683 3935 sorore
748 3870 998 3954 nepoti,
1063 3871 1229 3956 regis
1291 3871 1510 3934 favore
1579 3868 1965 3952 impetravit.
2084 3866 2206 3930 Sed
2274 3888 2446 3930 anno
2509 3867 2635 3930 868

506 4063 543 4130 ¹)
589 4007 655 4116 V.
692 4064 974 4117 Hincmari
1013 4078 1093 4130 ep.
1133 4062 1320 4129 XV113
1361 4061 1442 4116 ed.
1481 4061 1752 4114 Sirmondi
1787 4065 1827 4113 t.
1867 4060 1939 4112 ΙΙ.
1983 4060 2056 4125 (p.
2096 4058 2239 4124 244.)
2277 4076 2326 4126 p.
2366 4061 2486 4111 247.

507 4142 550 4208 2)
588 4141 811 4197 Ibidem.
1028 4140 1072 4207 ⁸)
1109 4141 1315 4196 Ibidem
1355 4158 1407 4208 p.
1442 4142 1561 4193 248.
1777 4138 1823 4205 ⁴)
1861 4138 2087 4192 Ibidem.
2186 4152 2190 4155 ’
2356 4173 2358 4177 ⁴
