3270 5028
830 486 1040 542 Causae
1077 485 1268 553 quibus
1307 485 1541 539 schisma
1574 492 1976 554 praeparatum.
2455 489 2560 542 323

233 627 729 713 ⁸quinquaginta
795 632 860 692 et
927 632 1072 693 octo
1140 626 1414 712 episcopi
1476 625 1689 693 sedem
1758 626 2088 692 OPtanam
2155 649 2559 711 occupavere.

246 723 434 788 Inter
508 746 668 808 quos
745 724 1009 788 fuerunt
1080 722 1268 787 multi
1342 724 1692 789 sanctitate
1760 727 1825 788 et
1887 724 2180 788 doctrina
2257 724 2561 810 insignes,

245 818 360 884 sed
424 843 560 885 non
620 821 834 904 pauci,
909 820 1203 886 videlicet
1259 820 1489 905 viginti
1558 826 1625 884 et
1684 807 1880 900 unuh,
1961 827 2034 886 ut
2097 822 2398 887 haeretici
2457 825 2561 887 vel

245 915 584 981 haeresum
619 917 900 982 fautores
945 917 1158 982 notati
1186 916 1632 983 inveniuntur.
1683 917 2045 1002 ,Quumque
2075 917 2251 983 sedes
2297 918 2560 983 CPtana

247 1013 548 1095 potentia
608 1017 675 1078 et
730 1013 983 1078 influxu
1038 1014 1109 1078 in
1168 1013 1301 1077 dies
1362 1018 1550 1078 aucta
1609 1012 1867 1092 fuisset,
1931 1014 2146 1078 multis
2195 1016 2389 1080 etiam
2434 1018 2562 1079 tur·

246 1108 350 1172 bis
426 1109 550 1173 fuit
615 1114 879 1186 vexata3
955 1113 1370 1175 recensentur
1438 1110 1607 1174 enim
1680 1111 2006 1194 praesules
2078 1112 2321 1194 pariter
2392 1112 2563 1176 ultra

246 1205 509 1290 viginti,
588 1206 695 1291 qui
771 1208 854 1270 ab
926 1205 1434 1289 Imperatoribus
1500 1205 1605 1268 vel
1677 1206 2017 1272 haereticis
2091 1208 2188 1272 vel
2263 1207 2562 1272 orthodo-

250 1302 349 1366 xis
417 1302 717 1387 depositi,
784 1325 857 1368 ac
921 1303 1160 1388 passim
1229 1303 1423 1366 etiam
1482 1302 1666 1366 valde
1732 1303 1998 1387 indigne
2060 1305 2323 1369 tractati
2390 1310 2564 1368 sunt.

251 1397 470 1482 Atque
549 1420 626 1463 ex
701 1399 796 1464 rei
871 1403 1108 1463 natura
1176 1397 1501 1482 colligitur
1564 1399 1851 1484 satisque
1922 1422 2001 1464 ex
2076 1401 2344 1466 historia
2410 1422 2563 1466 con-

250 1500 410 1573 stat,
491 1494 958 1579 Imperatorum
1037 1495 1398 1580 potentiam
1474 1494 1604 1559 sedi
1679 1495 1985 1561 CPtanae
2060 1518 2294 1581 magno
2370 1499 2563 1563 fuisse

250 1594 554 1676 periculo.
664 1592 877 1658 Facile
942 1594 1111 1657 enim
1170 1591 1526 1665 accidebat,
1596 1596 1671 1655 ut
1734 1595 2053 1675 praesules
2114 1594 2214 1659 vel
2280 1596 2562 1660 favorem

253 1692 590 1771 captantes
658 1689 1052 1774 imperialem
1128 1689 1198 1751 in
1264 1688 1567 1772 ignavam
1633 1689 2092 1775 redigerentur
2165 1693 2561 1768 servitutem,

210 1787 355 1849 ⁴vel
410 1808 448 1850 a
506 1786 852 1869 tyrannide
905 1785 1371 1869 Imperatorum
1433 1784 1970 1870 opprimerentur.
2023 1823 2112 1833 —
2171 1787 2372 1852 Porro
2427 1791 2560 1872 jam

251 1883 401 1946 inde
468 1907 505 1948 a
558 1882 955 1966 temporibus
1020 1881 1376 1946 Justiniani
1446 1881 1644 1946 robur
1710 1906 1786 1948 ac
1851 1885 2055 1948 virtus
2115 1885 2376 1949 interna
2435 1885 2564 1949 Im·

254 1980 411 2063 perii
487 1980 818 2068 orientalis
891 1979 1097 2064 magis
1172 1978 1505 2063 magisque
1579 1978 1987 2060 deficiebant,
2074 1980 2279 2065 iisque
2335 1981 2565 2060 „fucata

255 2075 570 2160 quaedam
643 2079 709 2140 et
780 2072 993 2140 inanis
1062 2097 1295 2159 pompa
1382 2080 1655 2138 externa
1726 2078 2047 2142 successit.
2169 2077 2389 2153 Quoad
2466 2100 2564 2143 res

257 2177 322 2237 et
385 2172 707 2238 doctrinas
774 2172 1235 2238 ecclesiasticas
1310 2173 1380 2237 in
1448 2167 1717 2237 Oriente
1791 2174 2120 2258 stagnatio
2195 2174 2398 2238 tristis
2466 2195 2566 2237 se-

255 2273 403 2333 cuta
459 2275 560 2334 est
583 2311 589 2316 -
615 2270 1005 2334 anteriorem
1052 2271 1496 2355 vigorem3‘et
1555 2270 1677 2333 sub
1722 2269 2136 2335 Iconoclastis
2190 2292 2307 2354 per,
2361 2271 2567 2334 multa

253 2365 564 2430 decennia
626 2365 913 2432 Ecclesia
983 2367 1097 2432 illa
1164 2389 1470 2432 concussa
1538 2369 1637 2430 est
1704 2365 1973 2431 dissidiis
2041 2367 2319 2432 internis
2384 2367 2566 2431 valde

257 2461 551 2527 funestis,

430 2561 491 2625 4.
569 2558 725 2624 Tres
793 2560 1265 2644 patriarchatus
1342 2559 1664 2640 Orientis,
1746 2560 2251 2637 AlexandrinuS,
2330 2558 2565 2623 Antio·
2598 2570 2733 2635 ,Unio
2763 2582 2858 2612 eum

256 2658 496 2723 chenus
571 2662 637 2722 et
700 2657 1362 2743 HierosolymitanuS,
1429 2658 1805 2744 jamdudum
1878 2657 1997 2721 sub
2063 2658 2224 2741 jugo
2300 2653 2562 2720 Sarace-
2584 2630 2896 2733 sedelssgosto·

257 2777 486 2821 norum
560 2755 936 2840 gemebant,
1012 2762 1078 2820 et
1147 2778 1246 2820 res
1307 2755 1819 2821 Christianorum
1887 2752 2123 2817 ibidem
2191 2753 2263 2816 in
2333 2751 2566 2816 misera

259 2856 443 2918 erant
515 2851 903 2916 conditione.
1021 2852 1120 2918 Eo
1197 2852 1456 2936 majoris
1532 2855 1672 2915 erat
1748 2849 2079 2924 momenti,
2159 2852 2233 2912 ut
2308 2848 2570 2913 ecclesia

259 2948 524 3014 CPtana
595 2946 920 3010 Ecclesiae
995 2948 1371 3012 occidentali
1457 2947 1865 3030 maximeque
1938 2943 2086 3009 Sedi
2164 2944 2569 3027 Apostolicae

259 3046 486 3109 intime
545 3064 681 3108 sese
733 3044 1069 3127 jungeret,
1131 3048 1325 3127 atque
1386 3065 1465 3107 ex
1524 3043 1644 3107 tali
1702 3042 1945 3106 unione
2003 3062 2202 3105 novas
2247 3038 2569 3104 deficienti

260 3142 430 3206 vitae
504 3139 862 3223 acquireret
937 3140 1134 3217 vireS,
1206 3144 1271 3203 et
1342 3142 1571 3204 contra
1643 3139 1976 3203 arbitrium
2053 3135 2394 3221 potestatis
2459 3136 2571 3199 im—

261 3237 516 3322 perialis
581 3239 647 3299 et
707 3235 965 3299 fraudes
1027 3235 1493 3300 haereticorum
1554 3236 1948 3320 adjutorium
2011 3235 2267 3299 firmum
2329 3255 2403 3298 ac
2463 3255 2570 3297 va-

260 3335 458 3400 lidum
526 3333 870 3398 obtineret.
982 3332 1244 3397 Etenim
1305 3331 1500 3397 Sedes
1560 3330 1934 3414 Apostolica
1988 3332 2126 3416 jam
2195 3330 2572 3415 frequenter

261 3428 681 3517 praecedente
748 3432 962 3493 aetate
1028 3431 1266 3494 sanctis
1337 3429 1736 3512 praesulibus
1805 3426 2121 3507 Orientis,
2200 3427 2297 3492 uti
2368 3425 2572 3491 Atha·

262 3529 440 3594 nasio
513 3530 578 3592 et
623 3526 822 3591 Petro
868 3524 1348 3605 Alexandrinis„
1425 3524 1913 3607 ChrysostomO,
1988 3523 2330 3603 FlavianO,
2411 3521 2575 3588 Ger-

263 3646 453 3689 mano
499 3623 808 3700 OPtanis,
868 3624 1136 3707 aliisque
1181 3644 1315 3688 non
1359 3622 1606 3707 pauciS,
1674 3643 1793 3685 sua
1839 3620 2133 3686 adfuerat
2178 3621 2574 3706 protectione

265 3727 330 3787 et
392 3721 601 3785 valida
657 3719 1054 3786 defensione.
1144 3718 1568 3804 Temporibus
1611 3717 2155 3783 Iconoclastarum
2221 3716 2408 3781 multi
2454 3717 2571 3781 viri

264 3819 546 3903 religiosi
613 3816 888 3882 Romam
963 3816 1421 3902 confugerant,
1497 3837 1614 3880 nec
1689 3814 1959 3880 deerant
2028 3814 2281 3879 saeculo
2349 3816 2575 3877 octavo

266 3920 330 3980 et
397 3936 573 3979 nono
645 3914 767 3978 viri
824 3913 1141 3997 insigne8‚
1216 3913 1313 3977 uti
1378 3911 1753 3978 Theodorus
1818 3909 2076 3976 Studita
2140 3913 2402 3995 ejusque
2478 3908 2574 3971 di-

265 4012 519 4095 scipuli,
580 4010 688 4095 qui
753 4012 1057 4096 majorem
1115 4010 1581 4075 connexionem
1653 4029 1794 4072 cum
1858 4007 2024 4072 Sede
2083 4005 2262 4071 Petri
2336 4005 2575 4070 consti-

266 4114 446 4173 tuere
517 4110 583 4172 et
655 4128 1032 4173 conservare
1102 4105 1585 4172 adnitebantur.
1708 4103 1833 4169 Sed
1909 4104 2269 4189 generatim
2350 4102 2577 4167 Orien-

266 4204 427 4268 tales
488 4203 749 4267 nonnisi
808 4205 879 4267 in
933 4201 1420 4268 difficultatibus
1484 4203 1710 4287 positi,
1769 4206 1962 4285 atque
2024 4200 2297 4285 urgente
2356 4219 2578 4263 neces·

2163 4301 2260 4355 21*
