3270 5028
671 425 777 476 372
1349 422 1531 480 XVII.
1568 424 1652 476 De
1689 422 1983 476 schismate
2018 422 2309 478 Photian‘o.

672 561 1010 629 habentem
1068 562 1350 629 debeatis
1404 567 1772 629 sustentare
1815 566 1875 627 et
1927 561 2276 643 honorare,
2338 583 2427 629 an
2471 584 2515 629 a
2558 564 2735 630 vobis
2768 566 3003 648 proji-

672 680 824 726 cere.
917 659 1056 740 Quo
1100 660 1586 744 respondemuS,
1644 658 1986 741 quoniam,
2047 659 2193 725 licet
2235 659 2367 743 ipsi
2411 661 2596 727 valde
2640 662 2998 745 reprehen-

671 756 888 822 sibiles
930 756 1085 836 sint,
1132 777 1243 821 vos
1289 761 1505 822 tamen
1550 756 1917 822 Dominum
1960 756 2217 822 imitari
2262 758 2574 839 convenit,
2629 760 2743 841 qui
2787 760 2998 825 solem

671 873 864 919 suum
876 902 895 933 ,
959 858 1037 919 ut
1091 853 1527 936 Evanqelium
1591 856 1888 933 testatur,
1951 852 2120 919 oriri
2177 854 2345 936 facit
2406 876 2604 938 super
2665 856 2862 921 bonos
2930 861 3002 921 et*

671 949 904 1029 moloc,
966 954 1026 1014 et
1075 949 1256 1032 pluit
1301 971 1497 1033 super
1544 950 1766 1032 justos
1811 954 1873 1014 et
1914 949 2214 1033 injustos,
2294 952 2602 1036 ,Dejicere
2640 974 2790 1018 vero
2837 974 2999 1019 eum

671 1066 715 1111 a
759 1045 936 1111 vobis
973 1045 1117 1111 ideo
1160 1066 1294 1111 non
1340 1045 1594 1125 debetis,
1645 1045 1955 1128 quoniam
1999 1068 2114 1112 ‘neo
2159 1048 2406 1113 Judam
2437 1049 2786 1129 Dominus,
2836 1071 2993 1115 cum

672 1146 831 1208 esset
875 1142 1158 1209 mendax
1193 1142 1569 1226 discipulae,
1616 1143 1694 1207 de
1738 1163 2009 1209 numero
2041 1143 2499 1227 Apostolorum
2544 1146 2785 1229 dejecit.
2878 1146 2995 1210 Ve-

670 1259 823 1305 rum
867 1239 944 1305 de
977 1239 1378 1323 presbyteris
1422 1240 1916 1322 qualescumque
1962 1240 2125 1317 siut,
2184 1241 2388 1321 vobis’,
2415 1238 2424 1246 ’
2449 1242 2565 1323 qui
2611 1242 2763 1309 laici
2806 1244 3003 1321 esti&

671 1357 785 1403 nec
815 1336 1266 1420 judicandum
1302 1342 1424 1417 est,
1479 1358 1594 1403 ‘nec
1652 1338 1727 1402 de
1779 1337 1919 1403 vita
1970 1336 2271 1420 ipsorum
2319 1339 2656 1422 quidpiam
2711 1339 2995 1405 investi·-

666 1434 978 1517 qandum,
1026 1434 1136 1499 sed
1178 1434 1617 1519 episcoporum
1650 1434 1907 1517 judicio
1953 1434 2272 1517 quidquid
2312 1441 2406 1502 est
2443 1457 2567 1519 per
2611 1437 2831 1503 omnia
2879 1458 2996 1502 re-

671 1532 1079 1610 senva‘ndum.
1143 1570 1231 1578 —
1297 1533 1962 1598 Animadvertendum
2029 1539 2158 1611 est,
2227 1536 2400 1619 quod
2455 1558 2534 1600 ex
2599 1536 3007 1619 quaestione

668 1629 1027 1714 colligitur,
1088 1629 1400 1714 Bulgaros
1453 1632 1590 1714 jam
1641 1630 1928 1708 scivisse,
1994 1632 2401 1714 presbyteros
2465 1632 2543 1697 ad
2594 1633 2991 1697 coelibatum

671 1726 880 1792 teneri
950 1726 1017 1789 in
1085 1726 1366 1801 Ecclesia
1432 1726 1667 1803 latina;
1742 1749 2066 1812 quumque
2136 1729 2272 1812 regi
2335 1729 2731 1812 propositum
2788 1734 3003 1802 esset,

673 1822 992 1887 Ecclesiae
1053 1824 1295 1888 latinae
1347 1823 1747 1907 disciplinam
1804 1828 1869 1887 et
1914 1826 2114 1888 ritum
2170 1826 2523 1909 suscipere,
2580 1823 2831 1890 Nicolai
2879 1847 2993 1889 re-

671 1940 973 2003 sponsum
1033 1942 1163 1985 non
1227 1920 1466 1985 directo
1528 1921 1810 1985 refertur
1868 1920 1947 1984 ad
2006 1921 2409 2003 presbyteros
2469 1921 2814 2001 orientales
2876 1944 2995 1986 ar-

671 2014 987 2100 guendOS,
1042 2016 1152 2081 sed
1198 2018 1498 2102 generale
1544 2023 1675 2097 est,
1731 2020 2016 2101 adeoque
2062 2019 2291 2082 merito
2338 2018 2722 2083 coelibatum
2766 2018 2994 2083 vindia-

672 2116 797 2189 cat,
847 2116 914 2177 et
952 2115 1344 2179 connubium
1391 2104 1911 2198 presbyterorum
1942 2114 2373 2197 reprehendit.
2450 2114 2716 2179 Summa
2760 2119 2991 2179 autem

671 2211 960 2294 responsi
998 2211 1069 2274 in
1116 2232 1192 2275 eo
1238 2215 1354 2289 est,
1402 2214 1477 2275 ut
1509 2215 1790 2289 moneat,
1827 2211 2071 2295 judicia
2116 2211 2194 2275 de
2234 2212 2625 2295 presbyteris
2669 2213 2997 2296 episcopis

672 2308 1015 2383 reservari,
1070 2329 1192 2372 nec
1250 2309 1443 2372 laicos
1490 2309 1629 2372 istis
1683 2310 1964 2393 negotiis
2022 2330 2091 2371 se
2150 2308 2499 2374 immiscere
2560 2308 2808 2373 debere.
2904 2308 2991 2376 Ic}

675 2408 854 2486 patet
899 2405 1094 2469 etiam
1140 2426 1219 2468 ex
1259 2427 1567 2489 responso
1612 2406 1909 2490 sequenti
1954 2401 2036 2489 (c.
2087 2406 2226 2484 71),
2282 2427 2409 2488 quo
2460 2406 2537 2470 de
2589 2406 2994 2488 presbyteris

673 2500 889 2585 agitur
934 2501 1258 2567 adulteris.
1351 2501 1601 2568 Statuit
1650 2503 1850 2581 enim,
1909 2501 2224 2588 Bulgaros
2281 2525 2464 2586 posse
2512 2503 2706 2568 etiam
2753 2525 2791 2565 a
2836 2502 2985 2566 tali-

672 2598 791 2662 bus
837 2603 1238 2664 sacramenta
1281 2600 1617 2683 suscipere,
1666 2600 1969 2684 quamdiu
2018 2622 2152 2664 non
2198 2601 2279 2663 ab
2313 2599 2606 2682 episcopo
2655 2598 2986 2682 reprobati

669 2695 820 2759 sint.
913 2697 1020 2761 Ita
1071 2695 1379 2760 Pontifex
1437 2717 1725 2781 congrua
1784 2696 2099 2779 principia
2156 2695 2235 2760 de
2292 2695 2628 2779 disciplina
2689 2694 2979 2760 ecclesia·

667 2791 829 2855 stica
874 2791 1184 2877 Bulgaros
1229 2792 1467 2858 edocet.
1558 2792 1742 2870 Quod
1787 2794 1844 2857 si
1891 2814 2040 2857 vero
2088 2793 2398 2857 indirecte
2453 2794 2525 2856 in
2567 2791 2988 2876 presbyteros

665 2892 969 2953 uxoratos
1026 2888 1413 2954 Graecorum
1470 2890 1881 2974 reprehensio
1933 2889 2131 2966 cadit,
2193 2889 2257 2952 id
2317 2911 2472 2955 sane
2527 2890 2686 2973 ipsis
2744 2887 2979 2953 Orien-

663 2982 898 3050 talibus
944 2987 1429 3051 adscribendum
1463 2991 1580 3064 est,
1625 2987 1738 3071 qui
1783 2990 1974 3051 tanta
2002 3008 2145 3050 cum
2191 2986 2564 3071 arrogantia
2594 2984 2981 3050 Latinorum.

667 3082 1070 3166 disciplinam
1119 3084 1553 3167 perstringere
1599 3084 1914 3147 solebant.

845 3180 947 3243 65.
997 3179 1336 3243 Caeterum
1372 3178 1836 3244 advertendum
1885 3183 2000 3257 est,
2050 3201 2124 3244 eo
2170 3186 2456 3263 tempore
2495 3180 2632 3263 jam
2668 3177 2981 3242 Photium

668 3278 932 3360 ejusque
979 3284 1226 3360 partem
1282 3277 1772 3359 perversitatem
1821 3299 2001 3341 suam
2055 3281 2278 3359 aperte
2326 3275 2798 3353 manifestasse,
2855 3296 2985 3340 nec

667 3371 931 3438 Nicolao
979 3375 1174 3438 fuisse
1220 3373 1603 3451 curandum,
1669 3378 1741 3437 ut
1795 3375 2173 3457 praesertim
2234 3395 2433 3457 quum
2493 3370 2574 3436 ad
2621 3372 2810 3435 aliam
2856 3392 2981 3435 na-

664 3469 907 3534 tionem
939 3470 1267 3544 scriberet,
1318 3467 1747 3533 Orientalium
1782 3470 2059 3534 vanitati
2102 3473 2168 3534 et
2198 3469 2606 3554 praejudiciis
2655 3473 2970 3552 parceret.

666 3602 753 3611 —-
803 3565 1172 3631 Generatim
1223 3588 1372 3630 vero
1417 3567 1487 3630 in
1525 3566 1838 3649 ejusmodi
1884 3567 2194 3646 homines,
2235 3568 2456 3650 quales
2501 3566 2766 3630 fuerunt
2797 3563 2976 3628 Pho-

664 3663 792 3727 tius
851 3667 917 3726 et
974 3665 1249 3727 asseclae
1304 3665 1472 3747 ejuS,
1532 3664 1806 3727 lenitate
1867 3664 2078 3747 potius
2136 3663 2455 3748 agendum
2515 3662 2716 3726 fuisse
2775 3683 2977 3744 quam-

665 3760 1071 3824 auctoritatis
1117 3759 1355 3844 vigore,
1402 3760 1566 3825 falsa
1611 3761 1828 3843 opinio
1875 3766 1992 3824 est.
2086 3759 2349 3824 Lenitas
2403 3760 2573 3822 enim
2621 3757 2980 3822 conducere

665 3861 897 3940 potest,
943 3860 1018 3920 ut
1061 3857 1203 3940 quis
1250 3858 1558 3939 placetur,
1605 3857 2072 3935 reconcilietur,
2122 3860 2188 3920 et
2234 3856 2520 3940 erigatur
2566 3877 2604 3917 a
2648 3855 2829 3937 lapsu
2860 3852 2976 3936 qui

662 3953 1038 4018 infirmitate
1085 3954 1293 4037 potius
1338 3975 1533 4036 quam
1579 3953 1829 4016 malitia
1859 3952 2155 4035 contigit.
2234 3951 2547 4016 Homines
2591 3954 2809 4015 autem
2857 3949 2971 4033 qui

666 4051 1009 4114 manifesta
1078 4051 1409 4134 impietate
1465 4053 1531 4114 et
1596 4050 1965 4114 ambitionis
2036 4049 2461 4132 perversitate
2529 4047 2794 4112 consilia
2854 4067 2973 4109 sua

665 4148 938 4231 pessima
969 4147 1502 4231 exsequebantur,
1552 4150 1748 4229 atque
1778 4147 1872 4210 ita
1910 4147 2048 4230 jam
2080 4167 2155 4208 eo
2203 4154 2648 4228 pervenerant,
2694 4148 2765 4207 ut
2811 4141 2970 4206 faci-
