3270 5028
898 431 1199 486 Concilium
1239 432 1644 485 oecumenicum
1683 439 1951 486 octavum.
2478 437 2582 487 403

264 575 440 638 viros
495 574 724 638 diversi
789 573 1144 651 idiomati8‚
1210 572 1464 655 Latini,
1525 572 1779 660 Graeci,
1835 572 2190 656 Bulgarici,
2257 597 2630 659 sermones⁴

266 671 516 734 misceri
562 676 841 754 possent.
938 669 1094 735 Post
1139 671 1360 734 solitas
1403 670 1861 745 salutationes,
1910 669 2338 754 Bulgarorum
2386 672 2581 754 legati

266 769 710 849 quaestionem
767 767 938 831 hisce
997 766 1203 830 verbis
1251 771 1752 849 proposuerunt:
1833 764 2040 846 Usque
2099 765 2284 829 hodie
2329 765 2586 848 payani

262 861 538 944 fuimus,
589 867 649 927 et
693 882 904 944 nuper
948 862 1033 925 ad
1057 860 1350 943 ,qratiam
1395 860 1907 925 christianitatis
1953 861 2372 942 accessimus,·
2417 862 2584 927 ideo-

267 979 389 1039 que
432 979 513 1023 ne
556 958 630 1023 in
677 958 896 1038 aliquo
942 978 1165 1022 errare
1210 957 1585 1036 videamur,
1635 958 1743 1021 cui
1789 957 2083 1022 ecclesiae
2129 959 2317 1023 subdi
2362 959 2585 1024 debea-

265 1076 440 1134 mus,
511 1076 553 1119 a
619 1054 796 1119 vobis
865 1054 979 1135 qui
1047 1054 1211 1119 vices
1282 1075 1685 1118 summorum
1744 1053 2289 1136 patriarcharum
2353 1056 2587 1138 yeritis

265 1172 452 1216 nosse
498 1152 960 1217 desideramus,
1008 1187 1092 1197 ——-
1141 1151 1373 1235 Legati
1423 1154 1697 1215 Romani
1748 1153 2216 1235 responderunt
2260 1155 2433 1236 ipsis,
2482 1176 2588 1218 eos

263 1273 334 1313 se
372 1253 508 1333 jam
556 1251 893 1314 tradidisse
943 1250 1246 1313 ecclesiae
1295 1248 1627 1313 Romanae
1676 1250 1946 1332 ejusque
1993 1250 2401 1332 presbyteros
2451 1272 2588 1313 sus-

268 1349 533 1429 cepisse:
590 1353 785 1430 atque
846 1347 940 1410 ita
996 1346 1449 1409 discussionem
1515 1344 1834 1408 declinare
1902 1346 2116 1410 conati
2180 1358 2351 1411 sunt.
2462 1345 2588 1410 Sed

269 1442 566 1527 Bulgari‚
616 1465 652 1505 a
702 1441 982 1506 CPtanis
1030 1463 1185 1504 sane
1233 1443 1552 1516 instructi,
1604 1441 2047 1523 quaestionem
2094 1440 2260 1523 facti
2308 1447 2372 1506 eb
2402 1441 2591 1524 juris

266 1540 766 1620 distinxerunt,
801 1545 866 1602 et
913 1539 1244 1602 dixerunt:
1309 1537 1371 1600 Α
1428 1541 1656 1600 sancta
1700 1536 2008 1600 Romana
2065 1537 2324 1602 ecclesia
2381 1559 2588 1603 sacer-

268 1635 443 1699 dotes
486 1655 603 1698 nos
639 1633 908 1716 petiisse
955 1638 1014 1697 et
1059 1633 1436 1715 suscepisse,
1495 1637 1555 1696 et
1599 1623 1912 1697 hactenus
1959 1633 2193 1698 habere
2237 1655 2382 1712 nos,
2445 1655 2589 1699 con-

264 1732 559 1811 fitemur,
616 1735 675 1793 et
721 1730 781 1794 ei
824 1731 900 1794 in
947 1729 1245 1794 omnibus
1295 1728 1545 1793 obedire
1591 1729 2031 1809 decernimus;
2087 1751 2311 1794 verum
2361 1736 2588 1795 utrum

269 1828 612 1893 Romanae
672 1846 760 1890 an
812 1826 1118 1891 CPtanae
1180 1825 1473 1890 ecclesiae
1536 1825 2004 1890 rationabilius
2069 1826 2178 1911 (al.
2238 1829 2586 1894 rationabi-

269 1926 447 2004 liter)
501 1921 691 1987 subdi
746 1923 1111 2000 debeamus,
1172 1943 1317 1987 cum
1362 1921 1465 1986 his
1510 1921 2057 2004 patriarcharum
2111 1922 2382 1988 vicariis
2439 1924 2586 2004 defi-

268 2019 476 2100 nite.¹)
539 2022 982 2084 Adverterunt
1013 2022 1300 2104 profecto
1348 2023 1520 2085 missi
1572 2021 1867 2095 Romani,
1915 2021 2160 2084 artibus
2207 2044 2274 2085 se
2320 2022 2587 2086 circum-

271 2128 496 2182 ventos
544 2117 988 2199 Omanorum,
1043 2140 1241 2201 quum
1288 2116 1579 2180 dubitare
1629 2107 1759 2180 no'n
1817 2124 2104 2200 possent,
2163 2119 2318 2200 quin
2369 2118 2585 2181 vicarii

269 2217 513 2278 sedium
571 2203 986 2277 orientalium
1044 2213 1422 2297 obsequium
1482 2220 1887 2295 praestarent
1934 2212 2312 2296 Imperatori
2375 2219 2439 2277 ei:
2485 2237 2588 2296 pa-

272 2312 590 2376 triarchae
639 2310 1311 2393 Constantinopoleos.

449 2410 551 2471 96.
600 2406 722 2470 Sed
769 2409 1184 2490 Apostolicae
1234 2404 1415 2470 Sedis
1457 2408 1607 2488 jura
1662 2406 1916 2490 egregie
1967 2406 2120 2470 tuiti
2165 2409 2321 2470 suni:
2367 2407 2583 2489 legati.
2611 2407 2921 2494 00¹¹tr<3V5r⁸³³

273 2506 590 2588 Imprimis
661 2510 1044 2568 recusarunt
1105 2525 1445 2588 agnoscere
1512 2525 1923 2586 congressum
1989 2503 2171 2567 illum
2236 2506 2311 2566 ut.
2376 2503 2584 2566 tribu·
2684 2483 2835 2512 annm.

271 2605 410 2677 nal,
467 2600 635 2684 quod
684 2601 994 2685 ejusmodi
1042 2602 1483 2685 quaestionem
1526 2602 1676 2683 jure
1726 2602 2022 2664 dirimere
2069 2605 2312 2683 posset,
2377 2605 2443 2663 et
2488 2623 2582 2663 so·
2612 2640 2627 2657 .

270 2699 569 2762 lemniter
636 2703 860 2761 contra
928 2698 1120 2760 talem
1194 2697 1536 2778 protestati
1604 2703 1757 2760 sunt
1832 2705 2155 2761 conatum.
2274 2694 2588 2759 Omnibus

265 2794 488 2876 liquet,
539 2795 842 2857 dixerunt
881 2795 1074 2875 juxssa
1119 2794 1450 2857 Anastasii
1491 2795 1906 2869 relationem,
1954 2813 2158 2873 neque
2201 2812 2336 2869 nos,
2385 2811 2588 2872 neque

271 2891 391 2955 loci
437 2894 795 2954 servatores
838 2888 1257 2952 orientalium
1306 2888 1554 2952 sedium
1588 2908 1786 2953 causa
1834 2888 2381 2953 vindicandarum
2430 2908 2585 2968 qua-

269 2986 574 3051 rumlibet
619 2984 981 3048 dioeceseon
1038 2984 1339 3048 veniendi
1391 2984 2016 3065 Constantinopolim
2079 2984 2394 3049 invitatos
2405 3033 2422 3063 ,
2481 2985 2588 3047 sed

273 3081 775 3147 controversiam
828 3102 955 3162 pro
1016 3102 1144 3160 qua
1194 3080 1592 3162 disponenda
1640 3085 1699 3143 et
1746 3080 2138 3161 definienda,
2205 3081 2300 3144 vel
2361 3102 2401 3145 a
2451 3081 2589 3161 piis

272 3176 790 3260 Imperatoribus
857 3177 1158 3261 expetiti,
1227 3177 1324 3240 vel
1389 3198 1428 3241 a
1495 3177 1909 3258 praesulibus
1972 3178 2216 3241 nostris
2279 3177 2589 3241 destinati

267 3296 528 3351 sumus„
599 3275 741 3338 Deo
807 3278 1069 3338 auctore
1142 3293 1297 3337 sane
1363 3273 1807 3352 dissolvimus,
1878 3277 1939 3336 et
1996 3274 2274 3356 propria
2341 3273 2589 3355 sinyuli

272 3370 739 3453 subscriptione
771 3369 1212 3452 siynavimus:
1258 3390 1453 3451 super
1498 3369 1767 3433 dioecesi
1806 3376 2021 3435 autem
2054 3370 2343 3451 Illyrici,
2391 3391 2585 3451 quam

273 3469 463 3533 Sedes
513 3467 882 3550 Apostolica
919 3467 1075 3549 jure
1120 3466 1367 3548 priSCO,
1417 3471 1477 3531 et
1522 3466 2141 3547 impraesentiarum
2184 3466 2308 3531 sibi
2355 3487 2397 3531 a
2436 3487 2586 3549 pos-

272 3549 627 3630 sessoribus
691 3564 831 3646 ejus
885 3563 1163 3640 redditO,
1230 3584 1406 3627 nunc
1466 3556 1684 3644 quieta
1741 3564 2097 3628 retentione
2148 3563 2463 3645 possidet,
2529 3569 2589 3627 et

273 3662 665 3745 reyulariter
731 3660 977 3744 utitur,
1051 3660 1268 3723 eadem
1327 3659 1728 3741 principalis
1797 3659 1989 3724 Sedes
2056 3681 2259 3740 neque
2320 3660 2588 3741 pulsata

273 3766 391 3838 est,
461 3779 665 3839 neque
731 3762 807 3821 ut
855 3777 980 3837 pro
1050 3777 1125 3820 ea
1193 3756 1477 3820 mitteret
1549 3757 1634 3821 ad
1694 3756 2145 3822 ‘altercandum
2209 3757 2340 3821 ullo
2406 3758 2588 3820 modo

260 3861 616 3937 provocata
634 3875 658 3934 ,·
721 3853 830 3917 sed
885 3873 1089 3933 neque
1151 3874 1268 3916 nos
1323 3874 1641 3935 personas
1706 3853 2163 3917 advocatorum
2214 3853 2311 3929 vel
2377 3874 2587 3917 asser-

271 3957 488 4018 torum
554 3954 693 4033 ejus
756 3951 1183 4028 assumimus,
1245 3971 1447 4030 neque
1512 3950 1669 4030 quid
1723 3950 1839 4013 illa
1902 3949 1960 4013 si
2021 3950 2266 4013 adesset
2325 3970 2585 4031 respon-

448 4159 490 4225 1)
541 4159 666 4212 Vita
703 4157 1006 4221 Hadriani,
1049 4175 1091 4210 c.
1131 4158 1323 4210 XLIX.

2275 4246 2375 4299 26*
