3270 5028
1040 391 1123 445 De
1156 390 1334 446 indole
1374 391 1552 445 cultus
1589 391 1906 461 imaginum.
2562 398 2631 449 65

314 530 703 614 inferiorem
763 533 873 617 qui
940 532 1282 598 exhibetur
1351 534 1588 598 sanctis
1654 533 1774 599 Dei
1840 535 2085 615 amicis3
2160 537 2335 618 prior
2396 535 2636 609 dicitur

318 629 532 694 cultus
588 620 857 709 latriae,
928 630 1239 714 posterior
1298 630 1508 695 cultus
1568 627 1804 719 duliae.
1864 667 1952 675 —
2021 631 2359 707 Praeterea
2420 632 2633 696 cultus

314 723 656 790 absolutus
702 733 830 803 est,
891 726 947 791 si
1003 725 1309 810 perfectio
1364 727 1901 809 supernaturalis,
1964 732 2223 811 propter
2274 750 2465 812 quam
2516 751 2630 793 ens

322 811 584 906 aliquod
638 823 902 899 colitur,
963 822 1085 905 ipsi
1142 830 1241 886 est
1298 822 1528 896 insita;
1583 822 1901 887 relativus
1953 845 2130 899 vero,
2192 825 2246 888 si
2303 846 2404 888 res
2465 846 2631 908 quae

314 919 552 989 colitur
617 943 750 984 non
812 920 1009 984 habet
1071 918 1194 983 sibi
1257 918 1518 985 insitam
1585 920 1898 1004 ejusmodi
1956 922 2451 1004 praestantiam,
2524 922 2633 986 sed

323 1016 757 1080 venerationis
823 1016 1148 1100 objectum
1216 1018 1314 1079 est
1381 1016 1568 1080 unice
1642 1022 1905 1101 propter
1969 1022 2359 1100 respectum,
2439 1040 2630 1104 quem

314 1112 477 1176 dicit
544 1112 627 1177 ad
697 1134 1037 1196 personam
1102 1111 1435 1175 colendam
1496 1113 1580 1177 ob
1645 1113 1909 1177 insitam
1975 1114 2101 1198 ipsi
2166 1115 2632 1181 excellentiam.

317 1208 554 1273 Cultus
614 1209 731 1273 Dei
791 1208 1133 1273 manifeste
1191 1211 1288 1271 est
1347 1208 1714 1286 absolutus,
1776 1210 1887 1275 sed
1951 1210 2143 1274 etiam
2206 1211 2413 1276 cultus
2472 1209 2631 1276 San·

315 1310 569 1370 ctorum
628 1327 821 1369 sensu
886 1304 1176 1388 exposito
1248 1303 1579 1370 absolutus
1639 1309 1764 1383 est,
1835 1328 2029 1389 quum
2099 1309 2494 1391 praestantia
2568 1313 2634 1372 et

315 1402 602 1486 dignitas
645 1400 1156 1484 supernaturalis
1212 1400 1304 1464 eis
1348 1422 1569 1465 revera
1613 1401 1813 1466 insita
1856 1402 1972 1478 sit,
2031 1405 2322 1486 quamvis
2373 1406 2633 1488 partici-

320 1504 473 1583 pata
518 1521 556 1562 a
602 1495 814 1576 Deo,¹)
907 1496 1135 1561 Cultus
1182 1518 1510 1560 sacrarum
1570 1498 1932 1580 imaginum
1987 1508 2086 1564 est
2145 1499 2406 1565 omnino
2461 1499 2600 1565 rela

315 1593 514 1660 tivus.
614 1594 781 1658 Tota
839 1592 1134 1658 videlicet
1187 1593 1354 1657 ratio
1411 1593 1853 1659 venerationis
1916 1598 1982 1660 et
2035 1596 2249 1660 cultus
2304 1618 2629 1661 sacrarum

320 1692 677 1775 imaginum
743 1697 840 1754 est
902 1689 1405 1773 repraesentatio
1468 1690 1736 1755 alterius
1804 1692 1873 1756 in
1933 1713 2002 1756 se
2065 1692 2343 1768 colendi,
2417 1700 2483 1757 et
2542 1695 2631 1758 sic

319 1788 653 1852 veneratio
698 1786 1089 1869 imaginibus
1134 1786 1424 1868 impensa
1454 1787 1732 1851 refertur
1777 1787 1857 1851 ad
1905 1789 2230 1874 objectum
2262 1811 2631 1873 repraesen-

311 1889 552 1951 tatum.

502 2016 603 2080 76.
657 2015 852 2081 Hisce
902 2015 1153 2100 positis,
1209 2014 1851 2079 animadvertendum
1898 2019 2025 2092 est,
2083 2015 2318 2099 triplici
2378 2017 2631 2084 ratione
2649 2029 2828 2083 Triplex
2852 2033 2963 2075 ratio

320 2115 428 2199 agi
488 2135 671 2198 posse
738 2114 815 2178 de
884 2113 1059 2177 licito
1126 2111 1484 2197 imaginum
1550 2112 1750 2176 cultu.
1857 2109 1979 2176 Vel
2039 2112 2213 2176 enim
2287 2109 2355 2175 1⁰
2415 2115 2629 2200 imago
2727 2093 2888 2136 ‘'mu‘'

311 2211 526 2274 solum
570 2232 692 2275 nos
740 2214 961 2274 monet
1010 2213 1076 2273 et
1127 2209 1196 2272 in
1252 2206 1689 2291 cognitionem
1746 2206 1922 2273 ducit
1971 2207 2328 2291 archetypi,
2382 2214 2449 2274 et
2495 2212 2631 2296 ejus

312 2306 651 2371 occasione
712 2328 785 2370 ac
842 2327 1050 2371 coram
1117 2327 1192 2370 ea
1247 2326 1624 2369 veneramur
1685 2304 2121 2387 archetypum.
2217 2305 2321 2369 Ita
2379 2308 2633 2390 proprie

319 2403 503 2467 nulla
547 2403 895 2481 venerati0,
940 2423 1027 2467 ne
1073 2403 1342 2466 relativa
1386 2400 1665 2485 quidem,
1711 2400 2000 2484 imagini,
2056 2400 2167 2465 sed
2213 2406 2468 2466 tantum
2518 2404 2629 2467 ab·

318 2501 537 2565 soluta
602 2500 948 2583 archetypo
1016 2498 1426 2583 impenditur.
1540 2495 1662 2562 Vel
1734 2495 1806 2559 2⁰
1865 2500 2085 2562 mente
2154 2498 2634 2566 consideramus

313 2596 561 2660 directe
619 2596 1038 2680 archetypum
1093 2597 1160 2660 in
1215 2595 1500 2679 imagine
1549 2594 1752 2657 veluti
1802 2595 2221 2674 relucentem,
2285 2600 2352 2659 et
2405 2597 2475 2660 in
2526 2620 2632 2661 ex·

322 2692 525 2756 ternis
572 2692 1154 2776 significationibus
1200 2691 1598 2755 reverentiae
1646 2690 2096 2755 substituimus
2142 2692 2491 2777 imaginem
2536 2716 2634 2758 re·

317 2795 847 2873 praesentantem
876 2789 998 2871 ipsi
1043 2788 1390 2871 archetypo
1433 2790 1935 2871 repraesentatO,
1978 2789 2079 2852 uti
2122 2788 2197 2852 fit
2228 2789 2299 2852 in
2346 2788 2634 2855 Ecclesia

320 2887 392 2949 in
446 2885 1038 2968 repraesentatione
1097 2883 1518 2968 quorumdam
1575 2885 2060 2967 mysteriorum,
2123 2906 2178 2948 e.
2234 2905 2297 2967 g.
2354 2887 2423 2949 in
2478 2887 2633 2951 ado-

319 2981 572 3045 ratione
619 2979 838 3045 Crucis
898 2981 998 3044 die
1055 2979 1456 3044 Parasceves.
1562 2978 1668 3043 Ita
1728 2980 1963 3045 colitur
2020 2980 2258 3045 directe
2322 2988 2390 3046 et
2450 2982 2626 3047 cultu

314 3078 621 3142 absoluto
678 3077 1088 3161 archetypus,
1151 3076 1497 3159 eodemque
1558 3080 1706 3139 actu
1767 3076 2064 3152 relative,
2127 3077 2233 3140 sed
2298 3099 2412 3160 per
2464 3078 2628 3142 acci-

312 3174 500 3249 dens,
546 3173 780 3238 colitur
819 3165 959 3256 i'psa
1006 3173 1220 3257 imago
1254 3173 1431 3236 velut
1461 3171 1794 3236 moraliter
1840 3174 2185 3256 conjuncta
2230 3195 2374 3237 cum
2408 3175 2629 3239 arche-

315 3275 507 3354 typ0,
574 3275 651 3333 ut
709 3290 993 3353 purpura
1052 3291 1198 3333 cum
1260 3290 1429 3352 rege.
1476 3305 1560 3314 -—
1628 3267 1919 3352 Denique
1983 3265 2055 3331 3⁰
2117 3273 2328 3353 potest
2388 3271 2629 3335 directe

316 3366 549 3450 respici
602 3366 742 3450 ipsa
797 3367 1037 3449 imag0,
1096 3388 1229 3429 non
1282 3386 1436 3429 sane
1482 3368 1555 3428 ut
1608 3365 1849 3449 aliquid
1904 3366 2297 3444 absolutum,
2361 3368 2629 3452 lignum,

314 3463 682 3539 metallum,
736 3483 894 3545 opus
950 3462 1137 3550 artiS,
1194 3462 1305 3526 sed
1350 3461 1709 3526 formaliter
1760 3470 1835 3524 ut
1878 3462 2092 3547 imago
2150 3468 2215 3527 et
2261 3486 2629 3548 repraesen-

314 3561 485 3624 tatio
544 3580 854 3643 personae
915 3558 1331 3642 archetypae,
1395 3556 1664 3639 Christi,
1725 3556 1800 3622 B.
1851 3558 2167 3643 Virginis,
2239 3561 2447 3625 sancti
2510 3561 2628 3625 ali-

311 3658 534 3741 cujm,
589 3659 782 3739 atque
826 3654 968 3720 ideo
1017 3658 1088 3718 ut
1133 3654 1374 3738 aliquid
1415 3676 1668 3719 sacrum
1723 3658 1790 3717 et
1835 3656 2252 3740 singulariter
2297 3657 2628 3740 pertinens

498 3879 541 3947 l)
576 3880 820 3935 Adverte
857 3887 1057 3947 tamen,
1096 3880 1371 3936 interdum
1409 3880 1517 3935 dici
1554 3882 1759 3935 cultum
1796 3881 2119 3936 Sanctorum
2154 3881 2459 3949 relativum,
2500 3899 2628 3950 qua-

313 3963 482 4013 tenus
520 3974 613 4013 eos
651 3958 876 4013 colimus
920 3964 1143 4028 propter
1188 3961 1329 4014 dona
1374 3959 1453 4015 eis
1492 3976 1525 4013 a
1561 3961 1678 4015 Deo
1729 3960 1933 4014 collata
1978 3970 2041 4015 ut
2088 3977 2276 4016 servos
2323 3968 2381 4016 et
2423 3962 2626 4016 amicos

319 4037 442 4105 Dei,
481 4038 721 4106 adeoque
760 4037 940 4092 cultus
978 4054 1166 4093 eorum
1202 4039 1495 4092 ultimatim
1531 4038 1589 4093 in
1626 4038 1802 4094 Deum
1837 4040 2092 4095 refertur.
2158 4039 2262 4096 Sed
2298 4056 2457 4102 sensu
2496 4041 2630 4096 stri-

311 4122 410 4172 cto
449 4132 636 4171 eorum
674 4116 853 4171 cultus
893 4122 979 4171 est
1014 4116 1316 4172 absolutus.

426 4212 688 4265 Jungmann,
715 4213 1071 4255 Dissertationes.
1126 4215 1251 4257 Tom.
1279 4214 1369 4256 111.
2280 4209 2313 4259 5
