3270 5028
1125 425 1208 479 De
1242 423 1594 478 institutione
1629 423 1869 491 Imperii.
2548 427 2652 478 183

345 569 546 652 nique
591 567 992 644 nominibus,
1052 567 1291 642 titulis,
1346 565 1698 630 honoribus
1745 565 2041 629 omnibus
2087 569 2377 630 veterum
2427 565 2651 631 Caesa-

342 690 484 732 rum
544 668 862 741 uteretur,
928 669 1123 747 atque
1185 685 1258 727 eo
1321 662 1581 726 nomine
1637 684 1857 727 omnes
1911 662 2123 746 Reges
2184 685 2258 726 ac
2304 664 2652 747 PrincipeS‚

345 769 484 828 tum
532 763 697 845 ipse,
753 766 890 824 tum
938 762 1075 843 ejus
1132 780 1525 823 successores
1572 780 1645 822 ac
1703 760 1941 842 posteri
1987 760 2340 838 anteirent,
2398 760 2653 824 etiamsi

345 859 690 944 aliquando
753 857 1190 940 contingeret,
1258 860 1331 933 ut
1398 858 1614 918 essent
1677 855 1785 918 alii
1850 855 2178 919 christiani
2245 855 2453 940 Reges
2515 858 2653 940 ipso

345 956 615 1020 Caesare
653 957 849 1039 longe
892 953 1348 1035 potentiore8.“
1370 948 1419 1033 ¹)

525 1085 625 1147 18.
673 1083 776 1146 Ad
822 1081 1082 1167 Imperii
1136 1083 1418 1147 indolem
1473 1088 1538 1147 et
1593 1083 2035 1147 translationis
2082 1085 2411 1148 notionem
2459 1087 2653 1150 etiam

343 1185 501 1248 haec
568 1181 845 1244 faciunt:
921 1179 1260 1259 „Dabatur
1324 1179 1677 1262 Imperium
1742 1180 2091 1262 virtutibus
2156 1179 2396 1260 Caroli,
2465 1181 2651 1246 daba-

343 1286 452 1345 tur
491 1277 736 1342 meritis
784 1279 923 1361 ejus
969 1299 1224 1341 necnon
1272 1278 1476 1360 patris
1524 1281 1589 1340 et
1638 1277 1772 1354 avi,
1830 1299 1994 1360 quae
2040 1279 2243 1342 multa
2304 1283 2371 1342 et
2414 1300 2653 1361 magna

343 1379 410 1441 in
480 1375 808 1439 ecclesiam
864 1373 1221 1438 Romanam
1293 1375 1670 1451 exstabant,
1744 1378 2179 1438 verumtamen
2250 1382 2654 1440 accesserunt

345 1473 539 1538 etiam
586 1476 775 1554 pacta
823 1521 836 1534 .
888 1519 902 1534 .
953 1521 966 1534 .
1013 1469 1090 1534 de
1128 1470 1412 1535 Ecclesia
1460 1472 1761 1534 universa
1807 1492 1879 1535 ac
1923 1471 2329 1554 potissimum
2377 1472 2454 1535 de
2501 1495 2651 1556 apo-

343 1571 567 1635 stolica
613 1566 774 1633 Sede
832 1573 1139 1651 perpetuo
1187 1567 1604 1632 defendenda.
1715 1567 1834 1631 Est
1887 1568 2059 1631 enim
2117 1567 2474 1652 Imperator
2528 1569 2653 1634 Ro-

345 1687 576 1732 manus
633 1667 730 1742 (ut
777 1666 929 1748 jura
990 1665 1227 1747 passim
1288 1666 1665 1749 loquuntur)
1723 1665 2015 1747 proprius
2063 1664 2381 1730 Ecclesiae
2433 1667 2650 1730 catho-

346 1765 505 1828 licae
583 1765 778 1845 atque
853 1762 1229 1845 praecipuus
1303 1762 1685 1825 AdvocatuS.
1809 1760 2010 1825 Porro
2088 1763 2460 1826 continetur
2534 1762 2654 1827 hoc

344 1865 604 1945 pactum
674 1862 812 1921 tum
891 1858 960 1921 in
1039 1880 1113 1921 eo
1190 1862 1623 1933 sacramento,
1706 1857 1874 1942 quod
1939 1857 2153 1941 Reges
2219 1856 2654 1922 Romanorum

343 1955 646 2022 Pontifici
713 1952 1009 2019 Romano
1080 1960 1408 2038 praestare
1477 1955 1689 2018 solent
1758 1976 1897 2018 cum
1978 1957 2056 2019 ad
2124 1976 2424 2019 coronam
2494 1956 2652 2020 acci-

345 2052 641 2138 piendam
689 2053 990 2116 veniunt:
1055 2057 1194 2116 tum
1256 2053 1453 2116 etiam
1493 2052 1631 2133 ipsa
1674 2073 1826 2115 voce
1880 2052 2326 2116 translationis
2369 2052 2651 2135 Imperii.

345 2151 587 2219 Idcirco
646 2149 815 2212 enim
874 2171 1008 2213 non
1068 2171 1307 2212 novum
1366 2148 1712 2230 Imperium
1772 2152 2080 2229 erectum,
2141 2149 2250 2212 sed
2313 2149 2654 2232 antiquum

270 2261 275 2265 ’
345 2247 735 2313 translatum
800 2244 878 2308 ad
945 2243 1301 2310 Germanos
1361 2245 1657 2323 dicimus,
1735 2250 1805 2310 ut
1868 2247 2282 2310 meminerint
2346 2244 2655 2310 Germani

347 2344 806 2427 ImperatoreS‚
884 2364 1017 2405 non
1081 2341 1268 2405 modo
1329 2343 1439 2425 jus
1502 2346 1567 2405 et
1635 2346 2022 2424 potestatem
2083 2343 2471 2424 imperandi,
2542 2341 2656 2406 sed

348 2442 541 2506 etiam
586 2462 803 2504 curam
847 2443 913 2503 et
949 2436 1447 2502 sollicitudinem
1495 2437 1817 2503 Ecclesiae
1863 2439 2175 2517 tuendae,
2216 2437 2654 2517 Constantini,

347 2538 717 2615 Theodosii,
780 2536 1120 2611 Marciani,
1201 2534 1475 2612 Justini,
1555 2535 1826 2614 Tiberii,
1898 2538 2296 2620 aliorumque
2368 2541 2654 2600 veterum

347 2658 419 2699 ac
464 2635 714 2717 piorum
763 2633 1109 2698 Caesarum
1155 2632 1233 2695 ad
1280 2653 1348 2695 se
1395 2633 1798 2710 translatam,
1856 2655 2021 2716 quae
2068 2634 2261 2696 etiam
2308 2654 2496 2697 causa
2542 2640 2656 2713 est,

348 2735 422 2795 ut
475 2730 822 2814 aliquando
868 2728 1146 2793 Romani
1196 2727 1539 2793 Pontifices
1594 2734 1802 2793 certos
1851 2729 2274 2813 Imperatores
2330 2733 2397 2793 et
2441 2729 2656 2794 Eccle-

347 2830 477 2892 siae
526 2826 972 2891 communione
1032 2830 1098 2889 et
1142 2825 1406 2909 Imperii
1455 2826 1773 2910 dignitate
1822 2828 2166 2909 privarint,
2224 2825 2393 2911 quod
2440 2827 2655 2891 videli-

347 2928 448 2986 cet
495 2923 796 2987 adversus
841 2922 1008 2986 inita
1055 2926 1121 2985 et
1171 2924 1393 3006 jurata
1440 2925 1627 3005 pacta
1681 2945 1813 2985 non
1866 2945 1934 2986 se
1979 2923 2075 2986 illi
2116 2923 2484 3000 advocatos,
2545 2921 2654 2985 sed

346 3019 568 3083 hostes
615 3019 944 3083 Ecclesiae
990 3016 1604 3101 praestitissent.“2)

528 3161 627 3224 19.
698 3158 797 3222 Ex
866 3159 1038 3224 hisce
1105 3161 1462 3239 colligitur,
1531 3157 1848 3241 quomodo
1917 3157 2348 3223 Bellarminus
2417 3160 2655 3244 aliique

347 3258 464 3321 viri
511 3257 801 3340 insignes
847 3257 1027 3320 illam
1074 3254 1569 3346 {rapslationem
1615 3254 1877 3336 Imperii
1923 3254 2334 3319 occidentalis
2384 3279 2422 3319 a
2456 3254 2657 3320 Grae-

348 3354 433 3417 cis
507 3354 586 3416 ad
671 3374 854 3437 reges
930 3351 1326 3417 Francorum
1408 3351 1842 3434 conceperint.
1972 3351 2367 3416 Existimant
2436 3354 2656 3418 videli-

347 3453 476 3528 cet,
551 3448 933 3531 Imperatori
1001 3448 1390 3514 Graecorum
1451 3447 1827 3531 competisse
1890 3448 1991 3512 sin
2056 3449 2270 3513 minus
2339 3450 2415 3514 de
2482 3450 2655 3514 facto

346 3548 573 3610 saltem
645 3544 721 3608 de
773 3544 935 3627 jure
997 3552 1150 3610 ante
1221 3545 1431 3611 Caroli
1491 3544 1579 3609 M.
1641 3546 2156 3621 coronationem,
2239 3544 2306 3609 1⁰
2373 3551 2449 3612 ut
2509 3549 2656 3631 jure

346 3632 1116 3730 imperialiffiperaret
1162 3649 1357 3727 atque
1404 3645 1661 3706 teneret
1706 3663 1812 3706 eas
1858 3642 2246 3727 provincias,
2304 3666 2465 3728 quae
2510 3666 2653 3727 par-

346 3742 477 3803 tem
545 3741 743 3803 totius
806 3739 1067 3822 Imperii
1132 3740 1408 3804 Romani
1478 3739 1976 3804 constituerant.
2085 3737 2159 3802 2⁰
2226 3740 2306 3804 Ei
2377 3742 2453 3804 de
2508 3742 2657 3823 jure

349 3838 757 3919 competisse,
827 3843 899 3901 ut
962 3836 1138 3931 solus
1210 3835 1564 3920 possideret
1629 3836 1806 3900 illam
1880 3837 2313 3919 majestatem,
2381 3838 2659 3923 dignita·

348 3937 480 3996 tem
530 3934 902 4012 sublimem,
961 3955 1370 4017 summosque
1417 3955 1524 3998 eos
1571 3933 1876 4017 honoreS‚
1930 3933 2157 4017 quibus
2204 3935 2273 3998 in
2318 3939 2460 3999 toto
2505 3935 2657 3999 orbe

529 4157 566 4224 1)
608 4158 747 4211 Ibid.
788 4174 831 4211 ο.
875 4161 954 4211 13.
1591 4156 1634 4223 2)
1672 4157 1810 4210 Ibid.
1851 4173 1895 4210 ο.
1936 4159 2018 4210 13.

2709 3175 2960 3219 Translatio

2748 3239 2905 3291 qualis,
