3270 5028
887 444 967 497 De
1004 442 1384 498 Decretalibus
1421 441 2003 497 Pseudo-IsidorianiS.
2498 445 2601 495 305

277 604 522 666 porum
568 581 951 665 difficillime
986 582 1469 665 permittebant.
1552 582 1684 647 His
1731 582 1830 648 ita
1875 581 2105 647 divina
2146 581 2407 664 favente
2447 603 2601 666 yra-

293 679 391 745 tia
434 678 845 761 praelibatis,
905 679 1303 745 ostendimus
1345 679 1599 745 nullam
1647 678 2088 763 differentiam
2133 698 2265 743 esse
2308 678 2484 744 inter
2528 699 2602 743 ea
2678 725 2683 730 ι

287 776 573 856 decreta,
638 795 801 858 quae
842 774 917 841 in
965 775 1189 841 Codice
1239 765 1559 841 canon'um
1612 774 1937 841 habentur
1993 774 2161 840 sedis
2221 775 2605 858 apostolicae

275 873 695 955 praesulum,
755 876 816 936 et
862 892 938 938 ea
984 893 1149 954 quae
1198 892 1366 955 prae
1409 871 1833 937 multitudine
1876 871 1991 937 vix
2020 892 2146 954 per
2189 870 2455 954 sinyula
2498 893 2605 936 vo-

294 968 618 1034 luminum
666 989 937 1051 corpora
983 968 1422 1052 reperiuntur.

471 1068 574 1132 99.
636 1066 933 1142 Quamvis
999 1069 1183 1151 plura
1248 1088 1326 1130 ex
1394 1066 1471 1131 iis
1537 1087 1703 1149 quae
1759 1065 2063 1131 Nicolaus
2126 1066 2282 1130 dicit
2344 1066 2420 1129 de
2478 1066 2606 1130 De-

283 1163 635 1227 cretalibus
680 1164 1029 1246 priscorum
1077 1162 1465 1228 Pontificum
1510 1165 1583 1228 in
1630 1162 1860 1228 Codice
1906 1184 2227 1230 canonum
2273 1184 2409 1227 non
2455 1185 2607 1227 con-

290 1260 522 1336 tentis,
584 1263 846 1343 possent
904 1281 1019 1343 per
1077 1282 1144 1324 se
1191 1261 1416 1324 referri
1479 1260 1560 1324 ad
1607 1258 1908 1343 epistolas
1966 1258 2209 1342 aliquas
2270 1259 2606 1343 genuinaS,

293 1356 390 1419 uti
452 1356 533 1420 ad
595 1355 754 1421 Julii
818 1357 1184 1439 epistolam,
1262 1357 1364 1421 vel
1424 1356 1504 1421 ad
1565 1355 1881 1441 quaedam
1940 1355 2181 1439 scripta
2245 1355 2608 1440 apocrypha

285 1454 423 1536 jam
470 1452 702 1517 dudum
748 1453 1039 1537 vulgata,
1088 1454 1187 1517 uti
1226 1458 1372 1517 acta
1417 1451 1712 1517 Silvestri
1758 1454 2023 1537 ejusque
2069 1452 2328 1535 synodi,
2386 1456 2607 1516 tamen

292 1547 606 1632 quaedam
670 1550 740 1612 in
802 1549 975 1613 hisce
1037 1555 1415 1627 occurrunt,
1478 1572 1642 1633 quae
1700 1571 1894 1613 sensu
1953 1549 2139 1613 obvio
2203 1553 2270 1613 et
2325 1550 2606 1613 naturali

228 1711 236 1720 ,
292 1645 638 1729 designant
714 1645 1081 1710 Decretales
1160 1647 1515 1729 priscorum
1591 1645 1981 1710 Pontificum
2070 1646 2139 1709 in
2212 1643 2606 1711 Collectione
2668 1669 2685 1688 ⁸

293 1739 519 1805 Isidori
565 1747 926 1807 contentaS.
1019 1742 1189 1806 Dum
1237 1743 1407 1806 enim
1455 1739 1760 1806 Nicolaus
1805 1741 1882 1805 de
1927 1741 2349 1806 Pontificibus
2395 1743 2603 1826 loqui-

285 1843 422 1914 tur,
468 1836 582 1919 qui
628 1835 1167 1903 crebrescentibus
1206 1836 1555 1920 yentilium
1587 1835 2151 1919 persecutionibus
2177 1837 2599 1920 scripserunt,

290 1936 395 1999 vel
453 1932 566 2015 qui
613 1954 730 1998 suo
784 1953 1012 1998 cruore
1059 1933 1416 1999 Ecclesiam
1471 1934 1890 2013 decorarunt,
1949 1934 2029 1997 ad
2072 1937 2269 1999 trium
2315 1936 2596 2020 priorum

287 2032 687 2096 saeculorum
717 2032 1064 2097 Pontifices
1109 2054 1456 2116 eorumque
1499 2032 1752 2097 litteras
1791 2030 2037 2097 alludit.
2088 2069 2170 2078 -
2215 2032 2394 2097 Idem
2441 2034 2601 2099 satis

2660 1737 2915 1780 Indicantur

2639 1807 2915 1849 Pseudo-De·

2684 1868 2881 1912 cretalee.

287 2129 444 2194 inde
490 2133 777 2211 apparet,
825 2130 994 2212 quod
1039 2129 1298 2193 refellat
1345 2151 1485 2193 eam
1528 2128 1978 2214 objectionem,
2030 2150 2221 2212 quam
2267 2129 2639 2214 praecipue*

243 2297 268 2314 θ
296 2225 683 2289 Hincmarus
717 2223 1101 2289 Rhemensis
1146 2225 1454 2289 afferebat
1493 2227 1828 2289 occasione
1862 2224 2296 2290 Decretalium
2327 2225 2609 2291 Pseudo-

294 2321 554 2398 Isidori,
616 2321 913 2386 videlicet
959 2323 1239 2386 valorem
1301 2322 1681 2387 canonicum
1739 2321 1975 2385 habere
2032 2343 2310 2387 canones
2369 2328 2437 2387 et
2486 2323 2610 2387 De-

288 2418 563 2484 cretales
623 2418 692 2483 in
754 2416 981 2482 Codice
1042 2422 1299 2500 recepto
1355 2421 1691 2495 contenta,
1757 2439 1891 2482 non
1939 2439 2088 2483 vero
2151 2419 2309 2483 alias
2373 2419 2611 2484 Decre-

294 2516 476 2581 tales.
567 2514 896 2593 Advertit,
952 2514 1018 2578 id
1064 2516 1189 2579 dici
1235 2539 1273 2580 a
1328 2514 1709 2599 quibusdam
1765 2516 1877 2599 qui
1920 2520 2142 2579 tamen
2197 2516 2321 2599 ipsi
2370 2516 2450 2580 ad
2494 2539 2611 2580 sua

293 2611 636 2697 privilegia
678 2611 921 2675 tuenda
968 2612 1044 2676 iis
1095 2611 1539 2677 Decretalibus
1587 2614 1894 2687 utuntur3
1952 2616 2019 2677 et
2059 2612 2221 2677 citat
2265 2613 2437 2678 inter
2482 2614 2611 2677 alia

293 2708 534 2774 Gelasii
586 2707 919 2773 Pontificis
968 2709 1187 2784 effata,
1244 2713 1319 2774 ut
1363 2708 1559 2772 etiam
1606 2708 2051 2774 Decretalibus
2109 2708 2282 2773 hisce
2329 2710 2609 2773 auctori-

289 2809 500 2869 tatem
542 2804 847 2870 vindicet.
936 2804 1114 2871 Haec
1161 2806 1400 2888 optime
1446 2806 1846 2870 conveniunt
1891 2827 2036 2870 cum
2080 2806 2331 2870 ratione
2377 2807 2611 2890 agendi

295 2901 628 2965 Hincmari
690 2900 1105 2980 RhemensiS,
1177 2903 1359 2985 cujus
1434 2902 1653 2986 aliqua
1709 2903 1947 2985 scripta
2020 2903 2090 2965 in
2149 2902 2354 2966 causis
2414 2902 2505 2966 W
2506 2904 2606 2967 ul-

290 2997 428 3062 fadi
496 3002 564 3061 et
631 2996 919 3062 Ebbonis
995 3002 1189 3080 atque
1263 2996 1566 3062 Rothadii
1637 3002 1809 3063 certe
1870 2997 2112 3062 Romae
2183 2996 2605 3064 habebantur.

295 3093 572 3158 Videtur
656 3098 872 3158 autem
946 3092 1333 3159 Hincmarus
1411 3096 1482 3159 in
1569 3094 1873 3178 opusculo
1951 3092 2071 3158 LV
2144 3095 2607 3178 Capitulorum,

293 3189 465 3274 quod
527 3211 698 3255 anno
764 3190 892 3253 870
954 3194 1206 3254 mortuo
1265 3193 1404 3276 jam
1466 3190 1738 3256 Nicolao
1799 3190 2101 3275 confecit,
2173 3191 2255 3256 ad
2316 3193 2431 3257 illa
2494 3193 2608 3258 Ni-

296 3288 456 3353 colai
532 3284 702 3351 dicta
778 3286 1090 3366 alludere,
1181 3309 1378 3371 quum
1454 3286 1935 3352 distinctionem
2010 3308 2194 3352 suam
2282 3311 2609 3373 exponens

290 3383 467 3463 (vide
513 3405 649 3467 sup.
695 3406 759 3447 n.
809 3382 951 3465 65),
1009 3384 1324 3467 explicare
1371 3386 1564 3449 etiam
1610 3383 1830 3449 studet
1876 3382 2114 3449 Gelasii
2159 3385 2382 3464 verba,
2447 3408 2610 3471 quae

297 3505 334 3546 a
410 3479 678 3546 Nicolao
751 3481 950 3545 allata
1014 3485 1218 3546 erant.
1337 3480 1554 3562 Unde,
1634 3503 1829 3565 quum
1905 3480 2297 3546 Hincmarus
2372 3483 2607 3547 ibidem

291 3583 468 3642 certe
529 3577 606 3641 de
667 3576 1112 3642 Decretalibus
1176 3578 1407 3642 Isidori
1462 3578 1798 3661 loquatur,
1863 3578 2166 3660 colligere
2225 3579 2402 3656 licet,
2467 3600 2609 3644 eum

297 3673 545 3739 Nicolai
613 3673 786 3738 dicta
848 3673 927 3738 de
991 3673 1162 3740 hisce
1227 3675 1676 3739 Decretalibus
1739 3675 2155 3740 intellexisse.
2270 3674 2610 3742 Caeterum

295 3793 418 3836 nec
494 3791 606 3853 per
691 3791 760 3833 se
829 3769 1084 3835 videtur
1159 3770 1516 3855 probabile,
1596 3769 1842 3835 Romae
1917 3769 2141 3836 Isidori
2222 3771 2610 3851 DecretaleS,

292 3889 498 3953 quum
555 3870 779 3932 tantus
842 3888 1060 3931 earum
1121 3889 1275 3933 usus
1333 3872 1499 3932 esset
1558 3868 1629 3931 in
1691 3865 1998 3944 Francia,
2058 3872 2125 3933 et
2186 3868 2361 3932 illius
2425 3869 2612 3953 regni

296 3963 573 4047 episcopi
616 3962 999 4047 multiplicia
1029 3967 1170 4028 tum
1214 3965 1529 4029 baberent
1572 3986 1721 4029 cum
1752 3963 2066 4029 Pontifice
2112 3966 2394 4049 negotia,
2440 3970 2612 4032 tam-

290 4061 405 4124 diu
472 4061 701 4143 ignota
769 4060 1107 4140 mansisse,
1185 4064 1259 4126 ut
1325 4059 1630 4126 Nicolaus
1701 4083 1808 4127 eas
1884 4082 2057 4125 anno
2128 4061 2255 4125 865
2323 4061 2608 4126 nondum

296 4158 574 4223 noverit.

401 4266 664 4318 Jungmann‚
697 4265 1053 4308 Dissertationes.
1105 4266 1230 4308 Tom.
1257 4266 1346 4323 III.
2225 4261 2295 4312 20
