3270 5028
669 434 738 486 60
1208 468 1211 469 ⁷
1401 429 1485 485 De
1521 428 1737 483 haeresi
1774 413 2258 493 Iconoclastarums

667 575 860 639 cretis
932 596 993 637 a*
1040 572 1348 637 Romanis
1417 571 1841 641 Pontificibus
1924 571 2237 633 emanatis
2314 590 2429 652 per
2465 630 2471 640 ,
2506 569 2625 634 hoc
2700 575 2971 652 tempuS‚

668 672 910 755 absque
966 668 1393 734 haesitatione
1457 675 1522 733 et
1582 667 1924 732 formidine
1963 665 2485 739 ineluctabiliter
2542 671 2608 730 et
2665 667 2975 729 irrevoca-

667 768 885 831 biliter
941 766 1340 850 acquiescere
1401 765 1782 848 potuissent.
1888 763 2325 847 Quascumque
2387 763 2675 837 detortas
2736 763 2977 835 evasio-7

668 886 783 928 nes
848 868 911 927 et
972 883 1240 926 arcanas
1302 861 1857 925 distinctiunculas
1914 859 2307 924 meditentur
2367 859 2742 941 adversarii,
2809 880 2972 922 nune

667 982 859 1043 quam
919 960 1199 1042 effugere
1255 962 1566 1040 poterunt
1613 981 1651 1021 a
1693 958 1756 1021 vi
1811 957 2038 1021 harum
2097 956 2759 1049 argumentationum,
2820 977 2977 1038 quas

669 1056 836 1139 apud
882 1055 1268 1120 orthodoxos
1315 1060 1379 1118 et
1423 1059 1715 1118 sensatos
1766 1053 1935 1117 viros
1983 1052 2320 1137 quamdam
2366 1051 2722 1116 evidentiae
2770 1051 2975 1116 lucem

668 1175 819 1236 prae
866 1174 931 1216 se
980 1153 1146 1216 ferre
1188 1173 1378 1214 nemo
1423 1150 1696 1214 inficiari
1743 1150 2044 1232 poterit.“
2145 1148 2212 1212 L.
2260 1172 2309 1214 c.

1763 1452 1884 1519 IV.

779 1581 918 1642 De
978 1575 1497 1642 eventibus
1537 1581 1769 1653 post
1825 1575 2384 1640 Concilium
2440 1592 2911 1640 oecume-·
2975 1587 2984 1665 J

1339 1673 1689 1736 uicum
1750 1673 2314 1750 septimum.
2975 1668 2978 1671 ’

846 1829 944 1891 71.
1019 1826 1168 1891 Post
1232 1826 1583 1892 Concilium
1649 1831 1976 1910 peractum
2049 1828 2243 1911 legati
2304 1827 2580 1892 Romani
2643 1827 2980 1892 Pontificis

668 1925 837 1990 Acta
897 1925 1166 1989 Concilii
1229 1924 1308 1993 ad
1371 1923 1769 1988 Hadrianum
1830 1923 2206 1988 detulerunt
2273 1945 2414 1989 cum
2475 1926 2707 1989 litteris
2769 1925 2979 2008 Impe-

668 2025 975 2087 ratorum.
1096 2021 1363 2104 Scripsit
1427 2021 1619 2084 etiam
1691 2019 1989 2084 Tarasius
2055 2021 2390 2103 epistolam
2455 2022 2532 2084 ad
2596 2021 2978 2086 Pontificem

668 2120 733 2183 in
797 2140 926 2202 qua
988 2118 1047 2181 ei
1107 2126 1359 2197 narrat,
1424 2117 1738 2200 quomodo
1802 2119 2017 2180 omnia
2080 2118 2425 2181 secundum
2489 2140 2563 2181 ea
2626 2140 2786 2201 quae
2848 2118 2981 2182 Ha·

670 2215 928 2281 drianus
985 2215 1053 2278 in
1112 2216 1246 2279 suis
1307 2214 1544 2278 litteris
1605 2213 2023 2295 praefinierat
2080 2215 2364 2296 perfecta
2423 2215 2584 2291 sint,
2648 2222 2712 2279 et
2768 2216 2979 2280 cultus

334 2319 543 2390 Tarasius
595 2319 650 2361 ad
669 2334 990 2376 sacrarum
1030 2295 1384 2396 imaginu‘m
1432 2311 1517 2373 sit
1563 2309 1929 2374 restitutus.
2038 2309 2260 2374 Vestra
2303 2331 2481 2392 erqo,
2530 2313 2779 2393 scribit,
2835 2311 2979 2393 fra-

352 2380 632 2422 Hadnanum‘
671 2412 859 2473 terna
919 2411 980 2472 et
1039 2427 1289 2472 summo
1340 2403 1679 2489 pontificio
1741 2405 2042 2473 decorata
2102 2407 2419 2472 sanctitas
2476 2459 2488 2472 .
2541 2457 2554 2473 .
2609 2456 2624 2472 .
2683 2407 2979 2490 spinosas

670 2504 901 2570 herbas
970 2525 1134 2587 quae
1191 2525 1368 2570 nunc
1429 2501 1992 2588 qerminaverunt,
2054 2503 2579 2585 fidelissimorum
2642 2510 2702 2569 et
2747 2505 2977 2589 pacili-

669 2623 892 2668 corum
952 2601 1437 2684 Imperatorum
1492 2598 1699 2664 verita
1708 2599 1758 2663 ti
1819 2602 2240 2678 concordans,
2315 2601 2573 2667 evellere
2632 2602 2984 2668 machaera

670 2698 946 2781 spiritus
988 2697 1352 2781 festinavit,
1399 2696 1664 2761 mittens
1709 2697 2059 2763 secundum
2092 2698 2401 2781 scriptam
2438 2698 2818 2781 petitionem
2863 2720 2981 2765 no-

667 2800 902 2875 stram,
952 2796 1037 2861 ad
1081 2795 1516 2861 universalem
1561 2792 1899 2874 Synodum
1951 2794 2322 2878 faciendam
2377 2795 2749 2876 aequivocos
2803 2796 2982 2861 viros

660 2891 989 2975 principis
1034 2892 1471 2974 apostolorum
1520 2888 1723 2955 Petri.
1771 2944 1784 2958 .
1834 2943 1847 2957 .
1895 2892 1989 2956 Et
2034 2913 2233 2974 quum
2288 2891 2622 2974 praelatae
2657 2892 2980 2975 primitus

667 2994 917 3054 vestrae
982 2989 1323 3072 fraternae
1393 2988 1765 3058 sanctitatis
1832 2990 2085 3055 litterae
2156 2989 2550 3072 leqerentur,
2619 2990 2977 3072 praestola-

670 3085 912 3151 bantur
980 3105 1196 3150 omnes
1271 3084 1732 3168 spiritualibus
1803 3086 2037 3152 eduliis
2114 3090 2438 3167 tanquam·
2501 3086 2576 3151 in
2650 3085 2984 3168 reqalibus.

669 3182 878 3247 coenis
929 3181 1253 3263 fruentes,
1311 3202 1477 3264 quae
1527 3182 1837 3250 Christus
1881 3204 2006 3266 per
2061 3182 2315 3247 litteras
2369 3186 2520 3247 tuas
2564 3182 2988 3265 epulantibus

666 3279 1107 3361 praeparabat
1120 3299 1145 3358 ,·
1200 3284 1258 3345 et
1303 3280 1473 3345 sicut
1519 3281 1749 3347 oculusv
1787 3284 1990 3345 totum
2044 3299 2275 3361 corpus
2330 3279 2416 3344 ad
2458 3279 2873 3345 rectitudinis
2918 3283 2988 3343 et

667 3374 966 3439 veritatis
1025 3376 1322 3440 semitam
1385 3378 1771 3443 ostendebas.
1879 3376 1989 3441 Sic
2045 3396 2194 3457 erqo
2256 3374 2525 3457 dirupta
2572 3375 2860 3441 membra
2902 3367 2977 3440 in

670 3491 879 3536 unum
926 3472 1419 3551 conveniebant,·
1471 3472 1564 3537 sic
1607 3495 1762 3540 vera
1814 3471 2241 3539 consonantia
2285 3471 2832 3551 confirmabatur;
2886 3471 2978 3536 sic

671 3568 985 3633 catholica
1034 3567 1326 3633 Ecclesia
1384 3569 1705 3635 unitatem
1763 3570 2125 3653 recipiebat.
2183 3618 2197 3634 .
2249 3619 2261 3633 .
2319 3567 2451 3633 His
2502 3568 2724 3651 itaque
2778 3568 2992 3652 qestis

662 3664 1166 3746 praedicabatur
1221 3686 1264 3731 a
1317 3666 1502 3731 nobis
1556 3667 1880 3747 omnibus,
1940 3666 2054 3748 qui
2117 3665 2506 3748 beneplacito
2564 3665 2785 3731 divino
2832 3686 2976 3729 con-

663 3761 922 3845 qreqati
996 3782 1283 3842 eramus,
1360 3766 1536 3829 recta
1611 3770 1672 3829 et
1746 3763 2335 3848 irreprehensibilis
2411 3762 2739 3845 confessi0.
2764 3761 2813 3847 l)
2889 3799 2973 3808 —

669 3859 876 3936 Quum
921 3860 1123 3944 igitur
1163 3862 1229 3924 in
1277 3863 1696 3945 proponenda
1752 3864 2046 3928 doctrina
2091 3861 2167 3925 de
2214 3863 2391 3925 cultu
2447 3881 2771 3924 sacrarum
2816 3860 2989 3923 ima--

760 4166 792 4216 6
848 4081 892 4147 ¹)
939 4084 1050 4137 Cfr.
1089 4085 1267 4151 Epist.
1309 4085 1521 4140 Tarasii
1574 4087 1642 4140 ad
1679 4084 1941 4139 Hadrian.
2014 4084 2145 4138 Coll.
2186 4085 2345 4139 Conc.
2395 4081 2634 4139 Labbaei
2680 4084 2816 4137 Tom
2851 4083 2976 4136 VII.

668 4180 720 4231 p.
795 4167 878 4216 23.
