3270 5028
851 229 876 246 φ

863 448 1113 500 Eventus
1152 452 1279 514 post
1319 446 1618 499 Concilium
1658 464 1770 502 oec.
1799 448 1955 501 VIII.
2134 515 2143 536 ἶ
2280 423 2293 436 ⁴
2465 449 2570 499 425

251 593 435 653 tatae
522 593 587 652 et
661 590 1116 672 interpolatae;
1203 610 1457 653 necnon
1534 590 1808 671 epistola
1884 588 2216 651 Michaelis
2288 587 2569 651 Alexan·

250 686 422 751 drini
489 685 888 769 patriarchae
949 685 1029 749 ad
1091 684 1381 748 eumdem
1440 686 1823 769 principem,
1897 707 2025 769 qua
2086 683 2331 767 Synodi
2399 688 2570 748 octa-

259 803 376 845 vae
425 786 651 845 contra
695 780 1000 845 Photium
1061 781 1318 844 habitae
1375 780 1713 846 abolitioni
1769 782 2263 864 suffragabatur.
2360 780 2568 845 Simili

258 878 511 942 ratione
576 878 770 941 etiam
830 878 1099 942 aliarum
1159 877 1404 941 sedium
1468 879 1871 961 patriarchae
1929 878 2181 941 litteras
2242 877 2569 953 dederant,

261 996 425 1057 quae
500 974 718 1038 Photii
793 975 1080 1039 encomia
1155 974 1608 1052 continebant,
1699 976 2058 1059 quibusque
2134 974 2570 1049 declarabant,

253 1070 567 1136 Photium
626 1071 1003 1155 semperin
1065 1072 1197 1134 suis
1260 1071 1540 1135 ecclesiis
1601 1074 1895 1156 agnitum
1952 1072 2167 1136 fuisse.
2258 1070 2355 1134 Ea
2407 1092 2570 1155 quae

260 1171 393 1231 tres
440 1168 914 1251 patriarchatus
967 1167 1343 1247 orientaleS,
1403 1189 1620 1232 eorum
1677 1168 2008 1251 delegatos
2065 1174 2131 1231 et
2189 1168 2574 1233 documenta

262 1265 332 1327 in
380 1266 624 1348 synodo
672 1266 837 1330 lecta
896 1268 1219 1348 spectant,
1282 1265 1439 1328 satis
1487 1266 1759 1329 obscura
1815 1269 2000 1343 sunt,
2058 1287 2140 1328 -ac
2196 1266 2381 1348 plura
2431 1286 2574 1329 sua·

260 1360 453 1436 dent,
501 1361 754 1425 litteras
800 1363 896 1425 uti
945 1366 1202 1424 exstant
1249 1383 1383 1424 esse
1431 1362 1790 1444 suppositas
1841 1363 1940 1425 vel
1988 1368 2332 1446 corruptas.
2429 1360 2574 1426 Col·

260 1458 487 1540 ligitur
561 1468 780 1522 tamen
849 1480 923 1521 ex
989 1457 1202 1534 Actis,
1269 1458 1347 1521 ab
1423 1458 1549 1521 illis
1621 1458 1875 1522 sedibus
1950 1459 2294 1542 reprobata
2370 1459 2576 1522 fuisse

257 1576 426 1637 quae
489 1577 662 1619 anno
724 1556 849 1618 869
913 1559 1138 1619 contra
1201 1554 1505 1618 Photium
1559 1555 1883 1631 fecerant,
1947 1557 2330 1639 culpamque
2395 1556 2577 1619 attri-

259 1650 484 1713 butam
531 1650 637 1728 iis,
696 1652 807 1734 qui
862 1657 1018 1714 tunc
1077 1672 1181 1714 eas
1228 1650 1407 1715 sedes
1463 1653 2060 1735 repraesentabant.
2163 1625 2283 1727 Qui
2340 1653 2407 1715 in
2456 1652 2576 1715 hoc

259 1747 532 1810 concilio
595 1747 808 1812 Photii
871 1748 1139 1811 aderant
1198 1747 1316 1812 sub
1380 1749 1641 1812 nomine
1698 1749 2245 1832 apocrisiariorum
2309 1750 2575 1831 patriar-

227 1841 563 1907 'chatuum
602 1845 1038 1924 orientalium,
1097 1845 1178 1908 ab
1223 1844 1353 1907 illis
1401 1844 1631 1908 diversi
1673 1851 1888 1909 erant·
1970 1846 2101 1910 Alii
2150 1846 2343 1909 etiam
2392 1849 2578 1908 erant

261 1939 334 2002 in
382 1940 529 2004 sede
579 1940 1019 2006 Alexandrina
1067 1947 1132 2005 et
1179 1942 1245 2005 in
1296 1942 1442 2005 sede
1490 1942 1904 2006 Antiochena
1947 1943 2370 2026 patriarchae,
2421 1941 2576 2005 Hie-

262 2037 765 2120 rosolymitanus
817 2043 1035 2103 tamen
1094 2037 1485 2102 Theodosius
1535 2040 1673 2122 jam
1727 2060 1898 2103 anno
1949 2040 2074 2102 869
2132 2039 2308 2101 illam
2361 2038 2574 2103 sedem

266 2133 550 2196 tenebat.

443 2230 589 2295 120.
667 2231 829 2295 Illae
899 2235 1112 2296 autem
1184 2230 1575 2314 palinodiae,
1656 2232 2177 2308 retractationeS,
2255 2231 2577 2295 contradi·
2626 2241 2890 2311 Patriqrcha·

261 2326 507 2389 ctiones
575 2332 641 2390 et
709 2328 1274 2412 tergiversationes
1339 2326 1820 2414 Orientalium„
1869 2328 1961 2392 uti
2030 2330 2097 2391 in
2166 2329 2358 2391 variis
2431 2350 2579 2410 syn·
2608 2305 2680 2343 *¹¹⁸
2709 2304 2894 2405 ‘fgffinta‘

265 2422 401 2485 odis
450 2422 1015 2506 Constantinopoli
1069 2446 1143 2488 ea
1202 2428 1417 2488 aetate
1473 2425 1710 2489 habitis
1766 2425 2220 2499 inveniuntur,
2280 2447 2356 2487 ex
2406 2424 2579 2487 tristi

267 2523 447 2583 statu
509 2520 763 2584 illorum
830 2522 1378 2604 patriarchatuum
1443 2523 1877 2606 explicantur,
1938 2523 2254 2607 simulque
2316 2524 2582 2586 miserae

267 2615 461 2699 hujus
518 2618 902 2682 conditionis
957 2622 1110 2682 sunt
1165 2623 1633 2701 argumentum.
1729 2618 1863 2683 Sub
1912 2620 2071 2703 jugo
2112 2619 2414 2682 videlicet
2468 2616 2584 2681 Sa—

267 2733 645 2776 racenorum
717 2715 886 2778 vitae
953 2737 1027 2778 ac
1103 2715 1476 2797 disciplinae
1549 2717 2014 2780 ecclesiasticae
2085 2716 2264 2798 vigor
2339 2713 2599 2777 defece—¹

268 2814 398 2883 rat,
478 2811 670 2875 variis
740 2813 810 2874 in
879 2811 1250 2896 regionibus
1318 2811 1623 2875 haeretici
1698 2811 2186 2895 monophysitae
2261 2810 2584 2893 praevale-

269 2907 458 2988 bant,
512 2907 727 2985 studia
771 2907 1129 2990 theologica
1185 2911 1379 2990 atque
1436 2908 1706 2971 scientia
1761 2930 1972 2971 rerum
2031 2907 2390 2970 divinarum
2454 2906 2586 2969 fere

266 3003 713 3084 conciderant,
787 3005 1279 3068 communicatio
1356 3026 1496 3067 cum
1574 3004 1853 3068 ecclesiis
1922 3004 2180 3087 Imperii
2251 3002 2585 3066 orientalis

269 3103 341 3163 et
414 3122 554 3163 cum
631 3102 908 3165 ecclesiis
978 3098 1339 3165 Occidentis
1414 3124 1557 3165 rara
1627 3108 1693 3165 et
1760 3102 2037 3167 difficilis
2107 3103 2277 3175 crat,
2351 3099 2444 3161 ita
2514 3101 2589 3161 ut

267 3201 511 3260 statum
589 3218 799 3260 rerum
873 3199 943 3260 in
1019 3196 1117 3260 his
1188 3196 1467 3261 ecclesiis
1541 3198 1907 3263 Orientales
1978 3198 2071 3261 illi
2142 3197 2250 3259 vix
2329 3217 2587 3279 perspe-

270 3298 446 3356 ctum
513 3294 749 3358 habere
803 3300 1084 3378 possent.
1197 3291 1422 3358 Clerici
1487 3299 1597 3380 qui
1663 3318 1739 3359 ex
1799 3295 2062 3359 Oriente
2124 3293 2587 3357 Constantino-

274 3391 467 3472 polim
519 3391 622 3453 vel
678 3392 947 3456 Romam
1011 3394 1385 3467 veniebant,
1454 3395 1554 3457 vel
1622 3393 1839 3475 aliquo
1900 3395 2185 3472 tempore
2247 3389 2327 3452 ad
2392 3407 2588 3471 nego·

273 3487 366 3549 tia
433 3489 769 3552 tractanda
835 3490 924 3553 ibi
994 3492 1445 3570 versabantur,
1522 3493 1959 3572 eleemosynas
2033 3487 2241 3550 aliave
2309 3482 2591 3549 subsidia

278 3585 712 3667 quaerebant,
789 3608 861 3650 ac
928 3588 1113 3669 proni
1178 3595 1364 3653 erant
1427 3590 1493 3651 in
1562 3609 1778 3651 eorum
1837 3584 2171 3668 obsequia,
2249 3607 2286 3646 a
2358 3583 2590 3666 quibus

276 3703 543 3745 munera
602 3683 1015 3766 accipiebant.
1110 3684 1232 3760 Qui
1294 3687 1363 3749 in
1423 3684 1684 3768 synodis
1746 3683 1888 3746 illos
1951 3680 2424 3764 patriarchatus
2491 3701 2591 3742 re-

277 3780 806 3860 praesentabant,
878 3782 1111 3863 passim
1178 3787 1366 3845 erant
1436 3780 1746 3865 ejusmodi
1815 3779 2054 3851 clerici,
2125 3779 2233 3861 qui
2302 3778 2440 3859 jam
2511 3776 2592 3838 ob

276 3874 434 3938 alios
479 3875 641 3939 fines
700 3877 997 3957 aderant,
1062 3878 1165 3940 vel
1224 3879 1277 3940 si
1333 3879 1443 3960 qui
1501 3876 1930 3940 mittebantur
1990 3875 2298 3958 delegati,
2365 3895 2590 3956 parum

279 3972 468 4054 periti
526 3977 715 4037 erant
770 3995 983 4037 rerum
1043 3975 1638 4048 ecclesiasticarum,
1696 3976 1761 4037 et
1820 3971 2210 4035 fluctuantes
2270 3971 2336 4033 in
2387 3970 2593 4034 varias

277 4068 689 4136 declinabant
766 4075 995 4153 partes
1112 4073 1196 4137 In
1265 4071 1383 4134 hac
1451 4069 1696 4153 synodo
1763 4069 2116 4145 Photiana,
2201 4065 2590 4151 apocrisiarii

282 4170 566 4236 Orientis
632 4170 740 4253 qui
815 4167 1166 4233 adfuerunt
1235 4190 1408 4233 anno
1480 4168 1606 4231 869
1673 4188 1746 4230 ac
1814 4187 1962 4230 vere
2035 4164 2312 4249 delegati
2387 4167 2592 4238 erant,
