3270 5028
1096 404 1356 472 Gregorii
1392 404 1464 457 II.
1504 403 1569 457 R.
1608 404 1669 458 P.
1709 412 1886 471 gesta.
2583 405 2651 455 33

335 548 603 629 ficerent
649 546 900 612 actibus
953 549 1012 609 et
1056 544 1130 609 in
1183 544 1309 625 fide
1362 543 1811 627 persisterent,
1868 542 2157 626 royabat.
2251 543 2377 609 Sed
2421 564 2502 608 ne
2548 543 2649 607 de-

336 643 644 708 sisterent
688 642 768 708 ab
815 662 1032 707 amore
1075 641 1173 706 vel
1226 640 1350 721 fide
1393 639 1686 706 Romani
1731 639 2007 723 Imperii
2052 640 2475 706 admonebat.'
2542 639 2652 705 Sic

336 744 721 806 cunctorum
768 738 960 804 corda
1005 736 1328 803 molliebat
1373 741 1435 802 et
1478 737 1725 802 dolores
1770 736 2109 802 continuos
2153 736 2516 821 mitiyabat.

518 839 623 904 36.
688 838 928 903 Narrat
991 837 1141 900 dein
1206 835 1623 910 Anastasius,
1694 835 2014 920 quomodo
2078 835 2299 900 eodem
2363 840 2649 919 tempore

338 932 709 998 Indictione
762 932 1106 998 undecima
1167 932 1580 1016 Longobardi
1644 931 1931 996 Sutrium
1994 932 2478 1016 occupaverint,
2540 930 2650 997 sed

338 1036 486 1115 post
543 1032 793 1115 aliquot
855 1051 1105 1094 menses
1165 1028 1458 1093 Romano
1506 1027 1812 1092 Pontifici
1872 1027 2270 1092 reddiderint
2330 1025 2416 1112 (a.
2470 1026 2650 1112 728),

336 1131 407 1191 et
474 1149 602 1211 qua
668 1128 946 1203 ratione,
978 1159 991 1167 κ
1024 1148 1219 1209 quum
1286 1122 1730 1208 Luitprandus
1798 1146 1910 1189 rex
1979 1128 2046 1189 et
2109 1124 2465 1208 Eutychius
2538 1147 2646 1190 ex·

336 1224 535 1289 archa
600 1222 871 1288 Romam
935 1223 1292 1304 venissent,
1365 1225 1505 1284 tum
1572 1220 2012 1304 Luitprandus
2078 1225 2221 1285 tum
2285 1210 2710 1349 Eutychius}

331 1319 426 1385 ad
479 1318 664 1402 pacis
724 1317 1129 1384 concordiam
1191 1317 1472 1401 suscepti
1530 1317 1685 1382 sint.
1778 1315 2020 1382 Romae
2080 1324 2378 1382 versante
2442 1317 2646 1401 Euty-

334 1418 484 1482 chio
559 1417 974 1481 rebellionem
1049 1415 1205 1479 fecit
1278 1415 1348 1478 in
1421 1414 1716 1497 partibus
1788 1413 2057 1478 Tusciae
2128 1414 2384 1498 quidam
2463 1414 2649 1480 'ribe-
2707 1418 2712 1435 ⁶

336 1515 475 1578 rius
532 1513 845 1578 PetasiuS.
951 1510 1333 1591 Eaearchus‚
1399 1510 1625 1575 scribit
1684 1510 2101 1592 Anastasius,
2164 1509 2318 1576 haec
2372 1511 2648 1578 audiens

333 1608 643 1674 turbatus
689 1613 808 1688 est,
857 1628 1043 1689 quem
1089 1605 1540 1673 sanctissimus
1585 1606 1776 1689 Papa
1814 1606 2218 1690 confortans,
2281 1613 2342 1673 et
2388 1628 2533 1674 cum
2577 1630 2645 1674 eo

325 1711 629 1788 proceres
658 1703 986 1770 Ecclesiae
1029 1703 1294 1768 mittens
1324 1706 1519 1785 atque
1563 1703 1902 1784 exercitus,
1938 1703 2223 1786 profecti
2265 1710 2437 1771 sunt.
2517 1703 2648 1785 Qui

334 1801 661 1867 venientes
706 1802 780 1867 in
825 1799 1321 1866 Mantuariensi
1365 1798 1651 1879 castello,
1712 1798 1947 1865 ibidem
1996 1800 2301 1867 Petasius
2343 1801 2645 1875 interem-

322 1903 490 2007 ptus
534 1902 644 1963 est.
738 1894 943 1980 Cujus
987 1895 1341 1961 abscissum
1395 1900 1590 1978 caput
1633 1848 2265 1980 Constantinopolim
2321 1898 2410 1963 ad
2454 1899 2645 1981 prin-

333 1995 538 2077 cipem
582 1994 853 2060 missum
900 1998 1020 2073 est,
1077 1997 1137 2058 et
1186 2013 1300 2057 nec
1353 1992 1447 2056 sic
1490 1992 1816 2058 Romanis
1863 1993 2124 2076 plenam
2177 1994 2469 2078 qratiam
2515 1995 2645 2060 lar-

324 2092 514 2175 yitus
577 2096 671 2156 est
733 2091 1117 2174 Imperator.
1187 2127 1271 2136 ·—
1343 2090 1458 2155 Isti
1523 2098 1790 2155 eventus
1851 2092 2184 2174 pertinent
2251 2093 2333 2157 ad
2405 2116 2644 2157 annum

340 2189 465 2253 728
530 2187 703 2273 (Ind.
752 2189 899 2267 XI.)
972 2193 1036 2253 et
1103 2212 1158 2254 a.
1228 2188 1354 2252 729
1410 2188 1640 2252 saltem
1706 2188 2061 2253 ineuntem.
2178 2188 2647 2255 Commemorat

332 2288 511 2351 enim
556 2286 790 2351 ibidem
820 2286 1227 2364 Anastasius,
1274 2307 1349 2350 eo
1394 2288 1702 2368 tempore,
1745 2283 2108 2350 Indictione
2157 2285 2308 2352 XII.
2356 2284 2440 2371 (a.
2493 2286 2644 2371 729)

332 2405 552 2449 mense
607 2382 647 2448 J
652 2385 918 2447 anuario
966 2386 1273 2447 cometem
1318 2382 1705 2465 apparuisse.
1808 2382 2005 2447 Patet
2047 2385 2279 2470 igitur,
2342 2405 2418 2449 eo
2480 2389 2641 2449 tem-

274 2470 282 2495 '
336 2502 490 2564 pore
546 2481 778 2547 saltem
837 2478 1217 2565 Gregorium
1269 2479 1639 2544 nullatenus
1695 2477 1895 2545 Italos
1956 2480 2037 2545 ab
2094 2480 2461 2547 obedientia
2519 2482 2645 2547 Im-

330 2577 649 2661 peratoris
702 2577 987 2641 solvisse.
1060 2612 1133 2622 —-
1204 2576 1441 2642 Scribit
1498 2576 1756 2660 quidem
1815 2577 2226 2656 AnastasiUS,
2289 2584 2435 2663 post
2489 2580 2647 2645 haec

335 2674 751 2757 Imperatoris
797 2673 1106 2737 malitiam
1154 2677 1218 2737 et
1261 2673 1595 2737 saevitiam
1641 2673 1848 2738 adhuc
1887 2675 2177 2740 crevisse.
2270 2676 2428 2741 Post
2471 2677 2642 2758 haec,

329 2770 460 2851 ait,
548 2767 789 2833 claruit
862 2768 1292 2851 Imperatoris
1366 2767 1654 2848 malitia,
1729 2789 1855 2851 pro
1926 2791 2056 2852 qua
2132 2773 2644 2856 persequebatur

335 2865 741 2946 Pontificem,
819 2889 891 2931 ac
959 2867 1111 2932 dein
1171 2866 1716 2932 vehementiorem
1784 2890 2069 2953 pugnam
2135 2875 2359 2936 contra
2433 2894 2642 2936 sacras

334 2964 650 3048 imagines
725 2962 1289 3047 Constantinopoli
1357 2964 1700 3028 excitatam
1774 2971 2252 3045 commemorat,
2337 2966 2641 3032 Germani

329 3059 736 3143 patriarchae
803 3060 1297 3143 depositionem,
1372 3064 1438 3122 et
1505 3059 1836 3125 Anastasii
1911 3061 2400 3130 ordinationem.
2516 3064 2643 3129 Sed

330 3177 499 3239 quae
560 3155 909 3240 Gregorius
972 3177 1047 3219 ea
1111 3156 1442 3220 occasione
1503 3156 1657 3222 fecit
1722 3155 1931 3222 denuo
1994 3159 2072 3222 iis
2134 3160 2341 3226 verbis
2404 3162 2640 3226 descri-

335 3252 464 3329 bit,
529 3256 602 3316 ut
645 3253 963 3335 separatio
1010 3253 1090 3315 ab
1150 3251 1431 3335 Imperio·
1480 3252 1853 3318 nullatenus
1911 3261 2469 3339 commemoretur,
2523 3280 2642 3324 nec

327 3350 798 3413 convenienter
864 3348 1159 3412 videatur
1230 3364 1416 3430 posse
1479 3350 1772 3433 supponi.
1890 3349 2019 3431 Qui
2093 3353 2294 3418 missa
2359 3353 2640 3422 Romam

326 3442 670 3526 synodica,
724 3445 976 3521 scribit,
1039 3464 1184 3509 cum
1247 3442 1368 3508 tali
1430 3443 1684 3508 haeresi
1747 3466 1893 3511 eum
1956 3447 2432 3536 (Anastasium)
2495 3474 2638 3518 con·

331 3539 712 3605 sentientem
763 3540 1103 3623 reperiret,
1174 3539 1279 3605 vir
1339 3544 1604 3606 sanctus
1669 3563 1802 3608 non
1859 3546 2109 3611 censuit
2160 3569 2306 3614 eum
2358 3548 2639 3659 fratrem

332 3641 450 3702 aut
525 3636 1032 3701 consacerdotem
1109 3636 1295 3702 solito
1369 3635 1614 3715 vocari,
1707 3639 1817 3704 sed
1889 3643 2224 3727 rescriptis
2297 3646 2637 3711 commoni·

326 3732 539 3814 toriis,
600 3731 737 3797 nisi
781 3733 868 3797 ad
929 3733 1309 3799 catholicam
1362 3738 1839 3818 converteretur
1898 3737 2113 3819 fidem,
2179 3742 2376 3808 etiam
2429 3748 2639 3809 extor-

331 3850 467 3893 rem
532 3849 573 3893 a
635 3828 1020 3896 sacerdotali
1087 3829 1299 3912 officio
1362 3850 1492 3894 esse
1553 3832 1909 3899 mandavit.
2022 3836 2418 3920 Imperatori
2486 3862 2637 3923 quo·

332 3946 453 4007 que
527 3924 810 3990 suadens
884 3926 1244 4006 salutaria,
1324 3930 1397 3991 ut
1467 3946 1509 3991 a
1585 3927 1708 3993 tali
1782 3932 2129 3998 execrabili
2200 3935 2467 4003 miseria
2530 3939 2638 4003 de-

326 4021 633 4100 clinaret,
687 4022 950 4106 scriptis
1003 4022 1408 4089 commonuit.
1463 4060 1551 4069 —
1608 4025 1688 4090 In
1734 4027 1867 4093 vita
1923 4052 2111 4112 porro
2153 4031 2451 4119 Gregorii
2496 4036 2638 4117 ΙΙΙ.,

328 4120 428 4185 uti
482 4120 549 4184 in
600 4120 947 4184 Anastasio
997 4120 1298 4197 habetur,
1364 4121 1561 4185 etiam
1620 4144 1754 4187 non
1808 4130 2122 4211 apparent
2177 4130 2451 4215 vestigia
2506 4135 2637 4216 ple-

383 4230 646 4284 Jungmann,
682 4233 1040 4275 Dissertatioues.
1093 4233 1214 4275 Tem.
1247 4233 1334 4275 111.
2394 4236 2427 4286 3
