3270 5028
692 470 763 520 22
1429 467 1512 521 De
1550 465 1766 521 haeresi
1803 465 2279 520 Iconoclastarum.

694 609 970 674 tanistas
1032 607 1494 690 (Manichaeos)
1563 609 1624 671 vi
1687 608 1768 671 ad
1831 607 2338 690 amplectendam
2404 607 2782 691 religionem
2846 604 3009 670 chri-

694 706 972 769 stianam
1037 726 1264 789 cogere
1322 709 1665 788 ‘aggressus
1734 709 1922 767 esset.
2034 701 2339 768 Fortasse
2409 704 2604 766 etiam
2673 703 3007 767 occasione

695 802 1193 885 persecutioniS,
1259 823 1450 885 quam
1496 799 1679 865 Jezid
1724 799 1931 863 Califa
1990 800 2063 864 in
2129 821 2340 864 sacras
2406 800 2723 883 imagines
2788 798 3009 879 movit,

693 899 765 962 in
823 897 1099 982 Imperio
1164 897 1467 963 orientali
1530 896 1826 980 quaestio
1888 896 1964 960 de
2028 896 2417 981 imaginibus
2477 896 2711 979 agitari
2775 895 3006 978 coepit,

696 998 764 1058 et
801 995 945 1059 falsi
998 995 1448 1104 spiritualismi
1492 997 1845 1057 sectatores
1894 992 2179 1058 Leonem
2225 994 2290 1057 in
2340 1014 2486 1057 suas
2534 996 2751 1074 partes
2796 996 3009 1055 traxe·

694 1094 869 1155 runt.
984 1090 1166 1155 Inter
1226 1091 1580 1175 imaginum
1657 1090 2054 1154 adversarios
2121 1087 2632 1152 vehementiores
2701 1087 2851 1152 inde
2925 1088 3008 1150 ab

696 1186 887 1251 initio
956 1188 1428 1251 controversiae
1490 1187 1732 1251 citatur
1788 1185 2259 1274 Constantinus
2322 1183 2385 1248 N
2388 1184 2627 1248 aeoliae
2686 1184 2755 1248 in
2814 1182 3008 1264 Phry·

696 1282 805 1367 gia
862 1283 1130 1348 salutari
1192 1284 1554 1367 episcopua,
1625 1282 1736 1366 qui
1801 1304 1839 1345 a
1900 1282 2033 1346 suis
2088 1282 2482 1346 dioecesanis
2540 1282 2872 1365 expulsus,
2935 1281 3008 1344 in

698 1378 1108 1462 Imperatoris
1167 1380 1382 1443 aulam
1447 1378 1732 1462 irrepsit,
1799 1399 2073 1462 eumque
2136 1379 2204 1441 in
2266 1399 2479 1443 sacras
2535 1377 2850 1461 imagines
2906 1377 3010 1440 in-

696 1475 980 1540 cendisse
1038 1475 1294 1539 dicitur.
1400 1475 1547 1540 Jam
1610 1497 1786 1539 anno
1848 1474 1975 1537 724
2037 1475 2140 1538 hic
2202 1476 2596 1539 sententiam
2658 1474 3010 1557 exquisivit

696 1595 734 1636 a
793 1572 1100 1637 tredecim
1153 1571 1595 1636 Bibliothecae
1658 1572 2038 1655 praepositis
2095 1570 2590 1654 professoribuS,
2652 1570 2729 1634 de
2783 1572 3013 1654 imagi-

696 1692 850 1733 num
909 1691 1027 1732 usu
1087 1673 1152 1733 et
1203 1669 1412 1746 cultu,
1475 1689 1709 1752 eosque
1768 1667 1848 1732 ad
1910 1689 2053 1732 suas
2109 1667 2359 1731 studuit
2422 1667 2756 1750 opiniones
2810 1667 3010 1731 falsas

696 1764 1041 1828 attrahere.
1145 1762 1269 1828 Sed
1340 1765 1434 1829 illi
1495 1766 1740 1828 cultum
1807 1764 2163 1847 imaginum
2227 1767 2304 1828 ut
2363 1764 2724 1848 legitimum
2791 1763 3012 1827 defen-

695 1861 952 1925 derunt.
1042 1860 1226 1926 Tunc
1264 1861 1505 1926 socium
1550 1860 1937 1972 Imperatori
1992 1883 2060 1924 se
2115 1862 2413 1971 praebuit
2458 1860 2575 1925 hac
2619 1861 2689 1924 in
2735 1881 2805 1924 re
2854 1861 3014 1924 auli-

697 1979 807 2021 cus
854 1957 1113 2041 quidam
1161 1956 1392 2037 SyruS,
1450 1959 1711 2022 nomine
1755 1956 1978 2035 Beser,
2026 1959 2136 2042 qui
2183 1979 2380 2041 quum
2428 1957 2773 2040 aliquando
2818 1958 3011 2021 fidem

696 2059 1088 2138 renegasset,
1134 2060 1200 2119 et
1231 2050 1634 2119 Muhamedis
1666 2038 2050 2119 sectatorem
2083 2076 2152 2118 se
2201 2059 2371 2118 esset
2401 2053 2741 2137 professus,
2788 2058 3013 2137 postea

695 2152 925 2215 saltem
971 2152 1372 2234 specietenus
1420 2151 1842 2216 christianam
1885 2151 2262 2235 religionem
2307 2150 2679 2234 resumpsit,
2743 2172 3011 2234 magno-

695 2269 822 2331 que
883 2247 1049 2332 apud
1096 2246 1384 2312 Leonem
1443 2247 1663 2311 favore
1718 2247 1954 2310 fruitus
2015 2252 2130 2311 est.
2233 2245 2503 2311 Praeter
2566 2245 2682 2312 hos
2730 2247 3011 2311 Thomas

697 2342 1181 2427 Claudiopoleos
1234 2348 1302 2409 et
1341 2344 1734 2409 Theodosius
1784 2342 2024 2426 Ephesi
2084 2343 2357 2451 episcopi
2421 2342 2801 2426 Imperatori
2865 2364 3011 2426 per-

696 2441 892 2504 versis
939 2441 1068 2504 suis
1115 2441 1402 2505 consiliis
1449 2441 1820 2504 adfuerunt.

871 2539 973 2601 25.
1031 2538 1181 2603 Jam
1227 2560 1389 2621 quae
1433 2539 1499 2602 in
1549 2537 1670 2602 hoc
1727 2537 1896 2601 bello
1953 2540 2177 2600 contra
2230 2559 2439 2602 sacras
2493 2536 2811 2621 imagines
2858 2556 3008 2599 eve-

611 2652 619 2660 ·
694 2635 936 2713 nerint,
982 2635 1264 2698 breviter
1309 2655 1696 2699 enarremus,
1781 2630 1928 2697 Leo'
1957 2631 2220 2697 lsaurus
2265 2634 2469 2717 igitur
2514 2636 2781 2719 ejusque
2825 2632 3008 2697 theo-

695 2730 826 2814 logi
901 2731 1091 2794 aulici
1153 2730 1467 2814 imprimis
1541 2730 1672 2794 nisi
1743 2734 1924 2806 sunt,
1993 2730 2062 2792 in
2141 2730 2331 2793 variis
2407 2730 2591 2815 regni
2667 2729 3009 2813 provinciis

695 2826 1017 2890 doctrinas
1071 2848 1221 2890 suas
1284 2827 1487 2891 cultui
1544 2826 1896 2910 imaginum
1958 2825 2243 2889 infensas
2304 2847 2603 2910 spargere
2659 2829 2725 2889 et
2781 2847 3006 2910 propa·

693 2944 866 3007 gare.
972 2922 1169 2987 Anno
1219 2924 1345 2987 726
1403 2944 1553 2986 vero
1604 2922 1962 3005 Imperator
2018 2921 2293 2987 edictum
2354 2923 2819 3007 promulgavit,
2882 2944 3007 3005 quo
3083 2927 3086 2932 ’

697 3042 909 3084 sacras
967 3020 1283 3104 imagines
1343 3020 1414 3083 in
1476 3018 1756 3083 ecclesiis
1814 3018 2094 3101 locisque
2155 3018 2428 3102 publicis
2489 3020 2771 3083 fidelium
2818 3040 3007 3082 vene-

694 3117 931 3180 rationi
1008 3118 1345 3226 expositas·
1405 3114 1645 3199 ubique
1718 3113 1904 3198 dejici
1972 3118 2037 3178 et
2112 3115 2313 3179 deleri
2380 3117 2592 3200 jussit.
2706 3115 3006 3179 Edictum

697 3213 865 3276 istud
947 3234 1255 3297 magnum
1325 3213 1395 3276 in
1466 3212 1628 3275 urbe
1701 3209 2266 3295 Constantinopoli
2350 3212 2700 3275 tumultum
2774 3212 3009 3275 excita·

699 3308 810 3372 vit.
911 3307 1301 3373 Praesertim
1361 3330 1558 3391 quum
1613 3306 2054 3398 percelebrem
2097 3306 2455 3374 Salvatoris
2512 3308 2796 3380 crucifixi
2851 3307 3010 3370 ima-

697 3403 944 3488 ginem,
1006 3426 1168 3488 quae
1215 3404 1293 3467 ad
1340 3425 1604 3468 aeneam
1674 3403 1898 3487 palatii
1954 3409 2209 3487 portam
2265 3406 2335 3468 in
2393 3404 2653 3468 sublimi
2706 3406 2844 3468 loco
2905 3424 3011 3487 po·

697 3500 819 3564 sita
865 3504 1007 3564 erat
1065 3505 1132 3564 et
1180 3500 1659 3583 Antiphonetes
1705 3500 2068 3576 dicebatur,
2123 3502 2260 3565 Leo
2316 3501 2644 3565 deturbari
2700 3501 3015 3585 jussisset,

698 3596 1041 3660 vehemens
1111 3618 1357 3661 commo
1415 3619 1452 3661 o
1494 3589 1700 3661 facta
1762 3602 1877 3660 est.
1994 3596 2035 3661 J
2039 3618 2268 3661 ovlnus
2341 3598 2525 3661 miles
2594 3596 3013 3662 destructioni

698 3696 953 3756 statuae
1013 3693 1308 3757 intentus
1326 3743 1342 3771 ,
1418 3694 1489 3758 in
1550 3699 1790 3758 terram
1838 3695 2009 3757 scala
2069 3695 2398 3759 subtracta
2455 3693 2771 3778 dejectus,
2846 3697 2912 3757 et
2974 3715 3012 3756 a

699 3789 1075 3854 mulieribus
1141 3791 1381 3853 occisus
1458 3793 1572 3854 est.
1694 3790 1753 3853 A
1824 3812 2011 3853 saevo
2084 3788 2482 3874 Imperatore
2550 3792 2631 3855 ob
2700 3789 3014 3874 ejusmodi

699 3884 943 3950 factum
989 3886 1237 3970 plureS,
1279 3886 1472 3950 etiam
1511 3885 1820 3964 feminae,
1877 3887 2271 3970 gravissimis
2316 3887 2538 3969 poenis
2585 3886 2796 3951 affecti
2837 3891 3013 3950 sunt.

705 4018 782 4027 —
845 3981 1084 4047 Leonis
1144 3983 1463 4065 impietati
1525 4004 1654 4065 qua
1719 3984 1932 4065 potuit
1991 3984 2356 4047 constantia
2417 3982 2679 4047 obstitit
2731 3981 2806 4077 S.
2852 3981 3016 4046 Ger-

700 4101 930 4143 manus
964 4078 1353 4174 patriarcha
1410 4077 1749 4156 CPtanus‚
1811 4100 2006 4142 senex
2070 4080 2433 4163 nonaginta
2485 4079 2618 4143 fere
2674 4100 3013 4148 annorum,

703 4176 1050 4258 omniaque
1110 4169 1435 4252 tentavit,
1432 4174 1605 4239 Ἶῐῐ
1626 4185 1783 4239 eum
1844 4197 1882 4239 a
1946 4176 2110 4239 male
2171 4176 2416 4259 coeptis
2486 4178 2831 4239 revocaret.
2933 4173 3014 4237 Ei
