3270 5028
892 434 973 488 De
1010 434 1390 495 Decretalibus
1429 433 2006 488 Pseudo-Isidorianis.
2499 438 2602 489 307

290 578 346 640 si
388 578 525 660 jam
573 576 747 653 fecit,
796 580 1144 659 antequam
1191 575 1251 639 ei
1296 580 1455 639 nota
1508 580 1679 640 esset
1725 574 2031 640 Collectio
2078 576 2325 650 Isidori,
2366 578 2600 641 mirum

292 695 427 737 non
491 677 616 751 est,
682 673 735 737 si
782 673 849 736 in
908 672 1029 736 hac
1088 672 1322 757 agendi
1371 672 1475 736 via
1536 671 1705 737 forte
1767 674 2178 737 confirmatus
2246 677 2374 752 est,
2435 678 2604 757 post-

293 791 491 852 quam
561 770 758 833 etiam
827 768 1070 833 Romae
1129 769 1572 838 ,innotuerunt
1640 768 2351 833 Pseudo-DecretaleS.
2464 770 2606 835 Hac

293 866 551 930 ratione
598 866 795 950 igitur
845 866 1099 930 admitti
1145 869 1395 948 potest,
1454 887 1559 929 eas
1608 870 1750 930 tum
1794 870 2082 957 tempore
2127 865 2409 945 Nicolai,
2466 872 2603 930 tum

293 966 513 1026 aetate
580 962 871 1045 proxime
933 963 1373 1046 subsequente
1442 962 1685 1045 aliquid
1747 963 2201 1040 contribuisse,
2262 968 2336 1027 ut
2408 964 2604 1047 magis

293 1057 707 1123 stabiliretur
753 1063 819 1122 et
866 1058 1363 1137 confirmaretur
1406 1058 1557 1122 talis
1602 1059 1974 1143 disciplinae
2022 1059 2266 1136 moduS,
2314 1082 2442 1143 quo
2481 1059 2606 1123 Ro-

295 1176 524 1218 manus
583 1154 888 1219 Pontifex
950 1156 1353 1239 frequentius
1410 1162 1476 1220 et
1538 1157 1768 1241 majori
1830 1156 2048 1240 vigore
2106 1160 2302 1240 atque
2356 1156 2604 1220 influxu

293 1252 363 1315 in
402 1252 659 1335 judiciis
705 1256 769 1315 et
817 1252 1020 1316 causis
1062 1252 1496 1335 episcoporum
1543 1257 1610 1316 et
1648 1252 2060 1317 conciliorum
2116 1252 2603 1334 provincialium

293 1348 739 1414 interveniret.

480 1486 623 1549 102.
700 1484 799 1549 Ne
870 1507 1017 1549 vero
1094 1483 1514 1567 difficultates
1578 1486 1908 1549 videamur
1975 1485 2283 1569 effugere,
2354 1492 2608 1569 oportet

295 1583 415 1647 hoc
484 1584 620 1646 loco
693 1581 1048 1665 expendere
1107 1587 1588 1667 argumentum,
1665 1605 1792 1667 quo
1859 1583 1935 1647 de
1997 1582 2271 1667 Regnon
2334 1583 2607 1666 probare

297 1685 566 1744 conatus
618 1684 748 1757 est,
815 1700 1036 1743 revera
1087 1702 1124 1742 a
1172 1677 1437 1743 Nicolao
1496 1680 1559 1743 vi
1607 1678 2021 1745 Collectionis
2070 1679 2607 1745 Pseudo—Isidori

298 1781 365 1840 et
420 1777 802 1840 auctoritate
859 1776 1112 1839 illarum
1162 1775 1621 1854 Decretalium,
1688 1777 2115 1841 omnimodam
2175 1776 2410 1841 factam
2475 1798 2609 1840 esse

290 1873 455 1957 juris
501 1874 927 1937 mutationem
973 1873 1184 1955 quoad
1233 1872 1473 1954 judicia
1523 1874 1984 1956 episcoporum.
2077 1873 2420 1956 Comparat
2464 1894 2609 1936 cum

300 1969 569 2052 epistola
610 1970 755 2050 illa,
817 1971 1056 2051 scripta
1112 1991 1149 2032 a
1195 1968 1460 2034 Nicolao
1524 1991 1580 2031 a.
1633 1970 1760 2032 865
1829 1970 1907 2033 ad
1969 1970 2292 2053 episcopos
2341 1967 2609 2043 Galliae,

300 2088 427 2149 qua
495 2066 801 2130 restituto
851 2064 1173 2130 Rothadio
1242 2067 1690 2131 auctoritatem
1761 2071 2022 2130 sanctae
2066 2064 2246 2130 Sedis
2314 2066 2379 2129 in
2442 2065 2609 2149 judi·

300 2162 521 2226 candis
569 2157 635 2226 et
694 2162 1088 2245 deponendis
1147 2162 1456 2246 episcopis
1514 2164 1772 2227 fortiter
1827 2167 2080 2241 tuetur,
2140 2164 2327 2227 aliam
2376 2164 2605 2246 episto-

301 2259 459 2337 lam,
494 2259 718 2343 'quam
775 2259 1084 2323 Pontifex
1136 2282 1186 2323 a.
1247 2260 1372 2322 862
1432 2260 1685 2342 scripsit
1750 2259 1829 2323 ad
1888 2258 2291 2323 Salomonem
2348 2257 2607 2321 Britan-

300 2357 448 2420 niae
501 2356 766 2421 minoris
830 2376 1071 2439 regem.
1181 2356 1508 2433 Advertit,
1575 2356 1796 2420 eadem
1857 2358 1983 2421 alia
2046 2356 2235 2439 plane
2298 2355 2611 2437 principia

301 2454 600 2536 proponi,
670 2457 735 2518 et
794 2455 1304 2540 metropolitanis
1361 2456 1566 2519 multo
1630 2455 1878 2538 majora
1932 2455 2081 2538 jura
2142 2452 2445 2528 attribui,
2512 2472 2605 2514 se·

302 2549 577 2613 cundum
643 2551 1046 2634 disciplinam
1110 2552 1465 2635 antiquam.
1559 2551 1770 2628 Quum
1834 2573 1985 2615 vero
2050 2572 2222 2615 anno
2279 2550 2408 2614 864
2462 2547 2607 2612 Col·
2664 2588 2668 2601 »

301 2647 1058 2714 lectioPseudo-Isidori
1114 2646 1193 2712 ad
1234 2648 1537 2712 notitiam
1583 2647 1834 2712 Nicolai
1891 2647 2313 2731 pervenisset,
2378 2652 2442 2709 et
2500 2666 2608 2708 ex-

302 2744 449 2808 inde
525 2746 789 2811 omnino
861 2747 1107 2811 diversa
1173 2745 1254 2809 ab
1325 2745 1461 2827 ipso
1536 2748 1942 2822 statuantur,
2009 2744 2158 2827 jure
2235 2741 2611 2805 concludere

304 2841 481 2921 licet,
548 2842 924 2907 Pontificem
978 2844 1040 2906 vi
1095 2843 1352 2905 illarum
1406 2841 1839 2904 Decretalium
1896 2839 2295 2922 disciplinam
2355 2839 2610 2920 penitus

304 2937 688 3002 immutasse.

483 3085 627 3149 103.
678 3085 768 3148 Ut
814 3107 975 3170 quae
1021 3085 1143 3148 huc
1190 3084 1521 3167 pertinent
1567 3082 2054 3163 intelligantur,
2106 3081 2323 3164 paucis
2371 3079 2612 3143 referre

307 3183 638 3257 convenit,
725 3204 1043 3265 quaenam
1121 3202 1194 3244 eo
1272 3184 1559 3262 tempore
1627 3177 1795 3260 apud
1871 3177 2172 3241 Britones
2247 3176 2610 3241 acciderint.

306 3277 545 3342 Versus
614 3301 859 3343 annum
910 3280 1035 3341 850
1101 3276 1495 3340 Nomenoius
1559 3276 1855 3358 princeps
1916 3273 2285 3354 Britonum,
2350 3294 2613 3338 excussa

308 3373 699 3441 Francorum
772 3375 1240 3449 dominatione,
1309 3373 1637 3455 proprium
1708 3371 1832 3435 sibi
1902 3391 2178 3453 regnum
2254 3370 2611 3444 constituit,

306 3478 499 3555 atque
558 3474 695 3555 ipse
752 3494 864 3536 rex
926 3477 1083 3536 tunc
1135 3469 1501 3544 Alethensi,
1571 3467 1932 3545 Briocensi,
2003 3467 2404 3548 Trecorensi,
2473 3487 2613 3529 cae-

305 3570 584 3652 terisque
645 3570 757 3652 qui
806 3570 874 3632 in
934 3570 1070 3652 ejus
1124 3566 1368 3630 ditione
1431 3570 1621 3628 erant
1681 3563 2021 3647 episcopiS,
2084 3564 2428 3627 Dolensem
2490 3562 2615 3644 epi-

306 3688 560 3750 scopum
624 3664 1104 3748 metropolitani
1166 3665 1312 3748 jure
1367 3662 1728 3746 proposuit.
1843 3660 2168 3725 Volebant
2239 3660 2410 3722 enim
2473 3657 2614 3720 Bri·

309 3770 523 3840 toneS,
600 3763 695 3826 uti
766 3784 1001 3826 novum
1065 3782 1337 3846 regnum
1405 3763 1811 3836 creaverant,
1885 3759 1979 3822 ita
2047 3762 2112 3821 et
2184 3777 2423 3820 novum
2493 3755 2615 3819 sibi

308 3861 875 3943 metropolitanum
923 3858 1265 3935 suscitare,
1321 3879 1519 3940 quum
1577 3876 1857 3939 eousque
1913 3855 2034 3918 sub
2073 3852 2436 3917 Turonensi
2484 3874 2617 3916 me-

308 3958 698 4041 tropolitano
759 3957 930 4020 illius
1001 3954 1284 4039 regionis
1353 3953 1631 4036 episcopi
1697 3952 1984 4016 fuissent.
2100 3951 2376 4014 Auctore
2438 3949 2617 4032 prin-

310 4055 442 4138 cipe
503 4054 704 4136 igitur
760 4052 1036 4116 schisma
1095 4052 1339 4114 factum
1399 4053 1497 4111 est
1554 4049 1811 4112 illorum
1876 4048 2311 4130 episcoporum
2380 4067 2418 4109 a
2463 4047 2617 4128 legi·

309 4153 465 4215 timo
535 4152 819 4234 ipsorum
887 4147 1417 4230 metropolitano,
1494 4149 1561 4208 et
1629 4146 1772 4208 lites
1834 4146 1963 4209 ista
2025 4144 2101 4207 de
2180 4164 2248 4207 re
2315 4143 2618 4207 diuturno

2299 4244 2395 4298 20*

2667 1496 2892 1538 Sententia

2672 1558 2882 1611 opposita.

2674 3096 2897 3137 Britonum

2717 3168 2858 3198 causa.
