3270 5028
389 601 556 644 Cedunt
568 602 672 673 ’epi-

459 675 598 717 scopi.

707 464 811 515 342
1382 459 1561 513 XVII.
1599 459 1685 514 De
1720 458 2015 513 schismate
2051 458 2338 514 Photiano.

879 602 982 666 30.
1051 600 1260 685 Major
1321 622 1469 684 pars
1531 601 1900 684 praesulum
1960 602 2199 685 ignavo
2258 599 2448 665 corde
2510 600 2578 663 in
2642 598 2869 663 Photii
2934 620 3028 661 or-

702 698 1097 764 dinationem
1170 702 1617 772 consenserat,
1693 695 1803 760 sed
1870 697 2065 761 etiam
2131 698 2229 784 illi
2305 696 2418 780 qui
2486 694 2745 780 Ignatio
2821 694 3030 758 fideli·

702 799 906 861 tatem
973 797 1341 871 servarant,
1410 792 1657 882 decepti
1722 798 1879 858 sunt
1941 817 1979 858 a
2044 793 2278 858 Photio
2297 840 2313 871 ,
2383 793 2494 877 qui
2557 792 2815 875 scriptis
2878 813 3027 874 pro-

704 891 914 969 misit,
977 910 1044 954 se
1087 888 1419 972 Ignatium
1466 889 1840 954 habiturum
1884 912 2027 955 esse
2084 896 2155 954 ut
2213 898 2496 973 patrem,
2557 893 2624 953 et
2667 887 3030 952 secundum

703 989 844 1071 ejus
913 986 1179 1050 consilia
1252 1008 1487 1051 munus
1557 1007 1744 1049 suum
1808 986 2427 1051 administraturum.
2545 984 2689 1049 Hac
2759 983 3029 1048 ratione

704 1084 1042 1149 videbatur
1109 1103 1177 1147 se
1244 1083 1546 1148 exhibere
1612 1087 1689 1145 ut
1755 1082 2000 1166 Ignatii
2072 1082 2510 1166 coadjutorem
2529 1129 2544 1157 ,
2619 1085 2687 1145 et
2754 1103 2795 1145 a
2875 1079 3033 1145 Gre-

701 1180 863 1265 gorii
929 1179 1242 1243 Asbestae
1303 1179 1692 1244 schismatici
1755 1180 2039 1244 amicitia
2101 1179 2414 1245 recedere.
2525 1177 2715 1243 Unde
2774 1177 3027 1242 factum

703 1283 829 1358 est,
886 1282 961 1341 ut
1009 1296 1232 1339 omnes
1284 1276 1475 1342 initio
1532 1276 2015 1359 acquiescerent
2057 1275 2276 1340 Photii
2340 1273 2810 1360 promotioni.¹)
2904 1272 3033 1337 Sed

703 1372 883 1438 brevi
921 1375 1123 1456 ·post,
1196 1394 1416 1436 mense
1485 1371 1834 1436 Februario
1893 1373 2050 1449 858,
2122 1372 2392 1438 Photius
2455 1372 2697 1436 larvam
2761 1371 3029 1455 abjecit,

703 1473 770 1535 et
843 1473 1183 1552 postquam
1246 1468 1698 1533 documentum
1768 1470 2078 1552 scriptum
2152 1469 2450 1554 promissi
2528 1470 2627 1532 sui
2702 1468 2856 1533 dolo
2931 1489 3030 1530 re-

703 1566 1061 1649 cuperavit,
1126 1564 1504 1643 declaravit,
1565 1587 1633 1630 se
1693 1587 1814 1630 nec
1871 1566 2205 1650 Ignatium
2272 1588 2391 1630 nec
2450 1566 2906 1649 metropolitas
2972 1565 3026 1627 ei

702 1662 1124 1727 adhaerentes
1191 1668 1266 1727 ut
1334 1663 1662 1746 episcopos
1734 1684 2111 1747 agnoscere,
2183 1662 2463 1747 indeque
2539 1663 2750 1746 coepit
2817 1661 3029 1745 Igna-

702 1761 867 1824 tium
929 1761 1190 1843 ejusque
1254 1763 1507 1844 partem
1568 1758 2011 1825 vehementius
2070 1761 2390 1843 persequi.
2494 1760 2679 1823 Tunc
2740 1758 3023 1842 episcopi

701 1855 963 1940 Ignatio
1029 1855 1279 1947 fideles,
1355 1857 1686 1940 perterriti
1753 1857 1871 1920 viri
1942 1856 2206 1921 audacia
2277 1856 2527 1934 dolosa,
2603 1856 2822 1921 animo
2890 1856 3025 1938 jam

703 1951 1024 2017 constanti
1102 1954 1462 2036 usurpatori
1547 1974 1615 2016 se
1692 1974 2014 2036 opponere
2092 1953 2306 2018 conati
2381 1957 2554 2017 sunt.
2678 1951 3024 2016 Convene-

704 2052 861 2112 runt
913 2049 1116 2131 igitur
1169 2070 1284 2131 per
1344 2048 1781 2133 quadraginta
1841 2048 1974 2113 dies
2036 2050 2107 2114 in
2169 2049 2435 2114 ecclesia
2501 2047 2564 2114 S.
2633 2048 2888 2124 Irenes,
2956 2068 3027 2109 ac

705 2149 1025 2228 postremo
1074 2144 1377 2210 Photium
1435 2145 1847 2210 declararunt
1905 2146 2262 2229 depositum
2325 2152 2390 2210 et
2451 2168 2593 2210 cum
2654 2146 2788 2209 suis
2854 2165 3024 2209 asse·

707 2241 820 2305 clis
889 2243 1528 2307 excommunicatum.
1640 2241 1965 2307 Videntur
2035 2247 2251 2307 autem
2311 2247 2451 2307 tum
2513 2243 2639 2325 ipsi
2701 2246 2844 2306 tum
2915 2238 3022 2303 alii

708 2338 1065 2422 presbyteri
1129 2343 1196 2402 et
1254 2339 1400 2403 laici
1463 2340 1943 2404 restitutionem
2008 2339 2247 2424 Ignatii
2317 2362 2357 2403 a
2417 2339 2731 2424 gubernio
2793 2341 3021 2421 postu-

705 2435 892 2499 lasse.
988 2433 1346 2517 Coeperu-nt
1398 2434 1737 2516 nonnulli,
1801 2435 2024 2500 scribit
2090 2436 2474 2500 Anastasius
2538 2437 2579 2500 l.
2639 2456 2691 2499 c.
2711 2484 2726 2511 ,
2783 2437 3023 2497 metro-

696 2530 1011 2614 politani,
1067 2530 1422 2611 antistites,
1484 2551 1560 2596 ac
1604 2532 1948 2614 inferioris
1993 2532 2364 2611 sacerdotii,
2420 2532 2518 2596 vel
2569 2530 2750 2611 laici,
2798 2529 3019 2614 ponti-

704 2628 848 2709 ficis
908 2628 1016 2693 sui
1069 2628 1407 2694 tormentis
1467 2629 1921 2712 compatientes
1979 2628 2512 2712 dejectionemque
2576 2627 2863 2693 dolentes
2925 2647 3020 2691 re-

708 2728 944 2790 ctorem
1015 2725 1141 2790 sibi
1193 2725 1542 2809 proprium
1611 2726 1796 2791 reddi
1863 2746 2249 2808 magnopere
2315 2724 2669 2790 clamitare.
2740 2760 2823 2771 --
2898 2723 3018 2789 Sed

710 2822 983 2891 Photius
1043 2824 1110 2888 in
1174 2824 1506 2908 impietate
1554 2847 1672 2889 sua
1720 2825 1859 2909 jam
1921 2824 2191 2888 ulterius
2247 2845 2646 2908 progressuS,
2700 2844 2775 2905 ac
2837 2843 3022 2886 usur·

706 2920 1034 3004 petionem
1082 2944 1264 2986 suam
1312 2920 1672 3003 vindicanS,
1716 2922 1785 2986 in
1833 2923 2098 2986 ecclesia
2142 2928 2513 2986 sanctorum
2563 2919 3017 3003 Apostolorum

708 3016 1120 3100 conyreqavit
1166 3016 1509 3082 concilium
1525 3066 1542 3097 ,
1601 3021 1663 3082 et
1710 3037 1848 3083 una
1904 3038 2047 3082 cum
2093 3015 2472 3097 sequacibus
2530 3015 2671 3080 suis
2715 3011 3021 3096 depositis

707 3117 768 3177 et
808 3113 1165 3193 damnatis,
1225 3114 1797 3179 eoecommunicatis
1850 3119 1910 3178 et
1955 3111 2533 3180 anathematizatis
2579 3115 2640 3176 et
2684 3110 2839 3177 aliis
2884 3108 3020 3176 sine

707 3209 979 3289 sedibuS,
1028 3215 1222 3292 atque
1266 3232 1410 3276 cum
1456 3211 1577 3292 his,
1624 3233 1664 3277 a
1712 3210 1947 3293 quibus
1991 3210 2090 3274 vel
2133 3209 2243 3275 ille
2280 3208 2741 3292 irreyulariter
2785 3211 2847 3272 et
2896 3205 3018 3272 illi-

709 3305 831 3370 cite
879 3311 1219 3389 provectus
1254 3308 1519 3390 fuerat,
1579 3308 1679 3373 vel
1735 3329 1893 3389 quos
1937 3308 2074 3389 ipse
2119 3310 2351 3371 temere
2411 3326 2486 3371 ac
2537 3305 2818 3370 indebite
2866 3324 3016 3387 pro-

708 3407 990 3483 vexerat,
1037 3408 1264 3470 contra
1296 3404 1638 3488 anatium
1669 3403 2127 3488 depositionem
2169 3404 2385 3484 facere
2433 3406 2493 3466 et
2536 3400 2889 3467 anathema
2921 3398 3016 3463 di-

891 3647 930 3711 1)
968 3648 1252 3716 Ignatius,
1301 3648 1546 3715 quamvis
1580 3654 1937 3718 recusaverat
1974 3646 2397 3710 abdicationem,
2435 3645 2654 3700 videtur
2689 3652 2871 3700 tamen
2912 3643 3039 3711 epi--

712 3726 891 3793 scopis
937 3727 1187 3782 fidelibus
1239 3727 1604 3793 concessisse,
1663 3734 1723 3780 ut
1772 3726 2071 3780 successori
2132 3742 2199 3780 ex
2247 3730 2404 3792 parte
2456 3724 2751 3778 amicorum
2804 3738 3014 3777 suorum

711 3805 887 3860 electo
944 3806 1240 3860 adhaerere
1293 3812 1535 3874 possent.
1622 3805 2007 3872 Metrophanes
2063 3803 2404 3872 Smyrnensis
2459 3803 2746 3871 episcopus
2803 3808 2858 3857 ct
2914 3802 3016 3854 dux

711 3885 1125 3953 Ignatianorum
1165 3884 1379 3950 scribit,
1428 3900 1548 3939 eum
1597 3884 2030 3949 commendasse,
2078 3887 2140 3936 ut
2187 3898 2472 3937 successor
2509 3898 2577 3935 ex
2614 3882 2684 3936 iis
2723 3882 3016 3951 eligeretur

711 3963 802 4030 qui
858 3978 977 4016 cum
1030 3963 1147 4029 ipso
1203 3964 1686 4029 communicarent,
1750 3970 1912 4029 atque
1968 3963 2049 4015 ita
2104 3977 2162 4015 se
2216 3967 2442 4029 putasse
2499 3960 2685 4027 initio,
2751 3977 2808 4016 se
2862 3972 3014 4028 posse

709 4039 965 4095 Photium
1031 4057 1343 4109 agnoscere.
1420 4042 1533 4095 'Hv
1580 4041 1679 4110 γὰρ
1744 4041 2045 4108 (Ιγνάτιος)
2098 4041 2379 4102 θεσπίσας,
2437 4039 2498 4091 ἐκ
2545 4047 2638 4107 τῆς
2689 4040 2744 4091 ἐν
2800 4041 3011 4106 Χριστῷ

710 4120 836 4173 καθ’
888 4121 1030 4189 ἡμᾶς
1079 4120 1362 4188 ἐκκλησίας
1411 4122 1759 4188 ψηφίσασθαι
1812 4120 2154 4187 πατριάρχην.
2242 4119 2343 4184 Ep.
2394 4118 2661 4186 Metroph.
2711 4136 2796 4188 ap.
2840 4115 3011 4172 Mansi
