3270 5028
612 393 713 446 106
1135 392 1284 447 XIV.
1323 395 1407 449 De
1444 393 1596 449 civili
1630 394 1696 447 R.
1735 393 2019 449 Pontificis
2053 393 2381 463 principatu.

608 532 774 615 phus
821 537 962 597 tum
1011 536 1421 600 exarchatum
1468 540 1608 600 tum
1659 535 1786 599 alia
1834 536 2161 600 territoria
2218 536 2463 600 mediae
2511 532 2742 601 Italiae
2790 536 2918 599 Im-

609 630 786 712 perio
832 631 1126 715 subjecta
1171 632 1358 696 annis
1407 633 1528 696 751
1579 637 1644 697 et
1693 632 1817 695 752
1881 632 2242 715 occupavit,
2300 639 2495 716 atque
2534 631 2920 696 dominatio-

609 747 759 806 nem
818 727 1234 808 Imperatoris
1297 727 1523 793 Graeci
1585 730 1657 792 in
1719 728 1849 792 illis
1907 728 2197 810 partibus
2261 729 2520 812 penitus
2580 728 2915 793 exstinxit.

611 821 771 886 Inde
832 824 913 887 ab
959 847 1133 890 anno
1183 825 1306 888 752
1367 825 1570 910 igitur
1622 823 1699 888 de
1755 823 1931 905 facto
1992 825 2358 890 omnimoda
2418 824 2920 909 independentia

612 919 888 984 Romani
961 921 1288 987 Pontificis
1363 943 1436 987 ac
1502 920 1943 987 Roman‘o'fffm
2019 923 2103 985 ab
2168 922 2563 1005 Imperatore
2637 920 2921 986 Orientis

570 1052 573 1057 -
610 1017 880 1081 exstitit.
984 1016 1174 1082 Unde
1230 1017 1425 1083 etiam
1481 1018 1882 1102 principatus
1937 1018 2139 1083 civilis
2192 1016 2632 1092 Romanorum
2693 1017 2918 1082 Ponti-

610 1113 797 1177 ficum
854 1113 936 1178 ab
992 1113 1113 1178 hoc
1167 1136 1340 1180 anno
1396 1115 1662 1180 omnino
1717 1115 2036 1198 perfectus
2091 1115 2376 1198 reputari
2433 1119 2674 1199 potest3
2742 1113 2920 1178 brevi

483 1184 549 1251 ⁷5
609 1213 755 1294 post
808 1210 1103 1274 firmatus
1168 1215 1233 1275 et
1292 1212 1639 1295 ampliatus
1702 1216 1817 1276 est.
1899 1247 1967 1256 —
2036 1214 2236 1275 Arma
2291 1235 2408 1277 sua
2467 1212 2613 1276 dein
2673 1210 2923 1276 Aistul-

609 1305 773 1389 phus
839 1307 1038 1371 vertit
1106 1308 1185 1372 ad
1260 1307 1761 1392 expugnandum
1829 1330 2089 1392 quoque
2158 1308 2462 1374 ducatum
2532 1308 2920 1373 Romanum.

283 1403 592 1506 Stelffassffl·
609 1401 975 1486 Stephanus
1021 1403 1102 1467 Π.
1154 1404 1491 1483 Pontifex,
1551 1401 1617 1469 S.
1668 1405 2009 1469 Zachariae
2067 1427 2416 1483 successor,
2478 1405 2802 1489 legatione
2848 1424 2921 1467 ac

414 1497 423 1506 ’
491 1495 501 1506 ’
610 1500 984 1564 muneribus
1030 1522 1249 1586 regem
1307 1503 1559 1585 placare
1606 1502 1919 1580 tentavit,
1987 1507 2183 1586 atque
2231 1502 2424 1566 etiam
2472 1500 2785 1578 obtinuit,
2846 1507 2922 1564 ut

611 1618 736 1680 pax
777 1596 846 1660 in
910 1597 1339 1682 quadraginta
1400 1621 1600 1663 annos
1664 1599 2173 1665 concluderetur.
2275 1597 2400 1664 Sed
2459 1620 2607 1662 mox
2666 1596 2922 1661 foedera

610 1698 803 1777 rupta
861 1698 1035 1759 sunt.
1127 1692 1485 1758 Protervus
1530 1692 2113 1777 Lonqobardorum
2167 1715 2313 1776 rex,
2372 1695 2594 1760 scribit
2640 1688 2924 1758 Anasta·
3006 1766 3011 1769 .

612 1790 763 1868 sius,
781 1788 833 1876 1)
897 1789 1160 1873 antiqui
1222 1789 1426 1856 hostis
1484 1789 1757 1856 invasus
1819 1791 2136 1872 versutia,
2202 1790 2349 1874 ipsa
2411 1790 2675 1874 foedera
2737 1786 2923 1872 pacis

604 1891 757 1970 post
804 1907 1015 1970 paene
1060 1892 1346 1969 quatuor
1390 1909 1637 1953 menses
1688 1887 1763 1952 in
1810 1888 2103 1972 perjurii
2145 1888 2438 1955 incidens
2484 1891 2743 1952 reatum
2787 1884 2922 1949 dis-

613 1983 815 2066 rupit.
908 1983 1163 2049 Multas
1200 1986 1352 2069 jam
1399 1985 1543 2067 fato
1595 1985 2004 2051 sanctissimo
2052 1984 2195 2050 viro
2249 1984 2347 2050 vel
2405 1988 2630 2050 cuncto
2680 1981 2921 2066 populo

613 2081 912 2146 Romano
971 2080 1275 2163 inyerens
1338 2081 1786 2163 contumeliae,
1859 2082 2086 2147 varias
2139 2081 2241 2147 illi
2304 2081 2522 2146 minas
2583 2078 2920 2162 diriyebat.

619 2176 900 2260 Cupiens
944 2177 1213 2261 quippe,.
1237 2179 1379 2244 Deo
1408 2178 1534 2243 sibi
1566 2178 1917 2259 contrarie,
1967 2184 2264 2244 cunctam
2297 2177 2467 2244 hanc
2509 2175 2924 2261 provinciam

613 2272 950 2355 invadere,
1010 2295 1349 2341 onerosum
1407 2274 1729 2341 tributum
1787 2275 1988 2359 hujus
2031 2275 2371 2342 Romanae
2430 2274 2614 2341 urbis
2662 2270 2921 2338 inhabi-

615 2370 909 2437 tantibus
949 2370 1250 2437 adhibere
1304 2371 1654 2438 nitebatur.
1729 2369 1865 2439 Per
1902 2372 2402 2454 unumquodque
2442 2370 2680 2436 scilicet
2725 2370 2925 2450 caput

614 2467 906 2553 sinqulos
950 2467 1107 2535 auri
1150 2469 1385 2535 solidos
1427 2489 1649 2535 annue
1692 2468 1942 2552 inferre
1986 2467 2303 2536 inhiabat.
2379 2468 2473 2534 Et
2517 2488 2674 2534 suae
2706 2463 2921 2550 juris·

615 2565 886 2632 dictioni
948 2566 1274 2632 civitatem
1328 2566 1498 2632 hanc
1543 2567 1914 2632 Romanam
1975 2565 2074 2631 vel
2126 2564 2530 2649 subjacentia
2587 2564 2647 2629 ei
2695 2566 2927 2628 contra

615 2663 884 2730 subdere
919 2663 1346 2748 indiqnanter
1389 2663 1731 2730 asserebat.
1823 2664 2034 2729 Variis
2077 2664 2511 2748 legationibus
2557 2661 2926 2744 Stephanus

615 2761 1035 2847 Aistulphum
1091 2763 1436 2827 demulcire
1481 2763 1759 2840 studuit,
1821 2761 1931 2826 sed
1987 2782 2128 2825 cum
2181 2764 2556 2844 contemptu
2615 2780 2689 2822 ao
2732 2757 2923 2822 minis

615 2880 730 2923 rex
776 2859 1024 2943 legatos
1069 2859 1336 2924 dimisit.

793 2956 899 3019 30.
966 2955 1269 3019 Pontifex
1324 2957 1525 3041 igitur
1584 2957 1652 3020 in
1709 2956 1807 3019 his
1871 2955 2184 3039 angustiis
2248 2954 2517 3036 posituS,
2576 2952 2658 3015 ab
2720 2950 2926 3034 Impe-

616 3058 828 3118 ratore
873 3054 1196 3117 instanter
1240 3053 1547 3117 auxilium
1584 3052 1955 3136 postulavit.
2041 3050 2222 3114 Tunc
2256 3049 2607 3132 praefatus
2651 3045 2924 3112 sanctis·

609 3147 822 3215 simus
861 3148 985 3231 vir,
1034 3151 1127 3214 ait
1172 3149 1576 3226 Anastasiu8‚
1626 3147 1850 3231 aynito
1887 3145 2166 3229 maliqni
2195 3145 2368 3229 reyis
2410 3143 2695 3226 consilio,
2744 3141 2925 3208 misit

615 3245 689 3312 in
746 3246 995 3329 reyiam
1051 3244 1276 3311 urbem
1327 3243 1950 3326 Constantinopolim
2012 3263 2163 3308 suos
2224 3241 2453 3307 missos
2506 3247 2568 3307 et
2620 3237 2922 3324 apostoli·

618 3362 720 3407 cos
765 3342 1001 3425 effatus
1067 3392 1080 3405 .
1127 3391 1141 3405 .
1189 3392 1202 3405 .
1251 3392 1264 3406 .
1311 3342 1659 3425 deprecans
1690 3339 2103 3423 Imperialem
2144 3338 2563 3418 clementiam,
2611 3344 2685 3403 ut
2716 3337 2925 3422 juxta

616 3438 788 3521 quod
833 3438 892 3503 ei
936 3438 1197 3521 saepius
1243 3438 1612 3521 scripserat,
1661 3458 1807 3503 cum
1848 3437 2137 3502 eoeercitu
2182 3436 2267 3502 ad
2311 3435 2588 3501 tuendas
2632 3434 2752 3499 has
2783 3432 2924 3498 Ita·-

619 3535 746 3600 liae
792 3539 1021 3618 partes
1075 3533 1281 3599 modis
1338 3534 1638 3599 omnibus
1694 3534 2053 3613 adveniret,
2115 3537 2177 3598 et
2232 3532 2308 3597 de
2359 3531 2740 3615 iniquitatis
2798 3527 2927 3611 filii

619 3630 939 3697 morsibus
1007 3630 1378 3695 Romanam
1441 3630 1609 3696 hanc
1673 3629 1895 3696 urbem
1957 3630 2056 3694 vel
2114 3633 2412 3696 cunctam
2477 3628 2718 3694 Italiae
2767 3646 2923 3710 pro-

617 3727 903 3793 vinciam
968 3726 1288 3792 liberaret.
1393 3727 1455 3791 N
1457 3729 1783 3792 ullatenus
1841 3728 2109 3811 proinde
2153 3726 2524 3811 Stephanus
2585 3727 2761 3791 nisus
2829 3728 2929 3788 est

620 3848 693 3891 eo
753 3826 1059 3890 deducere
1113 3846 1246 3909 res,
1315 3831 1388 3890 ut
1444 3825 1803 3909 Imperator
1863 3826 2216 3890 dominium
2285 3847 2471 3888 suum
2533 3823 2604 3887 in
2665 3821 2924 3885 Italiam

618 3924 873 4007 penitus
934 3922 1262 4006 perderet,
1335 3921 1464 3987 imo
1523 3928 1596 3987 ut
1663 3922 1823 3986 illud
1888 3925 2182 3986 tueretur
2242 3925 2437 4005 atque
2498 3921 2784 3984 firmaret
2843 3917 2926 3979 ab

798 4129 838 4195 ¹)
876 4130 1009 4184 Vita
1043 4130 1250 4185 Pontis.
1290 4131 1388 4186 sub
1425 4131 1698 4199 Stephano
1732 4130 1807 4182 H.
