3270 5028
706 467 809 516 388
1377 462 1555 515 XVII.
1593 462 1676 516 De
1716 463 2009 517 schismate
2046 462 2334 517 PhotianO.

706 602 1092 668 declaratur.
1188 603 1480 682 Quorum
1541 602 1807 684 quidam
1857 603 2142 693 libellum
2190 602 2594 685 proferentes
2647 602 2722 667 in
2785 604 3049 665 sancta

707 720 825 782 syn
834 699 948 764 odo
993 700 1393 780 resederunt,
1445 700 1748 783 proferre
1806 700 2090 765 nolentes
2145 703 2332 764 extra
2378 699 2694 782 synodum
2740 698 2814 764 in
2813 697 3047 780 ⁸qlorii

706 796 916 861 relicti
978 800 1162 876 sunt,
1241 796 1350 860 secl
1411 796 1635 861 dietim
1696 797 1952 879 fervore
2018 796 2227 861 saneti
2293 796 2586 879 Spiritus
2651 794 3040 878 temperati,

695 893 1063 976 praemissa
1134 893 1332 957 libelli
1402 892 1850 975 satisfactione
1921 893 2008 957 ad
2068 894 2388 957 unitatem
2451 897 2710 958 sanctae
2775 890 3039 979 synodi

708 990 948 1054 reversi
992 988 1222 1071 suntl)
1950 1053 1977 1097 l

435 1090 632 1194 Lgbgelilus
882 1088 985 1153 82.
1033 1089 1241 1165 Quum
1272 1088 1446 1152 inter
1490 1090 1832 1172 praecipua
1877 1087 2049 1151 facta
2082 1086 2351 1152 Concilii
2395 1086 2688 1152 habenda
2728 1088 2815 1151 sit
2862 1088 3035 1150 sub-

579 1184 587 1193 '
702 1186 961 1268 scriptio
1007 1186 1195 1269 hujus
1243 1184 1476 1261 libelli,
1535 1185 1673 1268 ejus
1718 1189 2006 1249 tenorem
2064 1183 2366 1247 convenit
2413 1185 2769 1248 accuratius
2817 1206 3033 1267 expo-

703 1305 872 1347 nere.
980 1281 1140 1346 Erat
1201 1281 1508 1364 professio
1569 1281 1718 1344 fidei
1780 1282 1858 1344 iis
1924 1281 2056 1344 fere
2111 1281 2317 1344 verbis
2379 1285 2711 1363 concepta,
2776 1281 3030 1366 quibus

702 1378 1041 1443 constabat
1084 1378 1391 1453 formula,
1448 1378 1630 1461 cujus
1686 1378 2222 1460 subscriptionem
2269 1375 2643 1441 Hormisdas
2688 1378 2872 1460 Papa
2923 1382 3033 1442 ocss

691 1451 956 1540 lcasione
1021 1475 1211 1557 sopiti
1277 1474 1637 1539 schismatis
1703 1474 2009 1537 Acaciani
2077 1474 2158 1537 ab
2221 1472 2526 1556 episcopis
2589 1473 3029 1538 orientalibus

701 1573 1159 1656 postulaverat.
1252 1561 1406 1635 I'nde
1454 1574 1551 1634 est
1609 1570 1779 1653 quod
1824 1571 2023 1655 legati
2081 1569 2337 1646 dicunt,
2392 1569 2467 1634 de
2514 1571 2762 1635 scriniis
2812 1571 3031 1634 eccle-

701 1670 829 1733 siae
879 1668 1205 1732 Romanae
1261 1667 1602 1732 formulam
1662 1690 1796 1731 esse
1852 1666 2270 1749 desumptam.
2361 1666 2438 1729 In
2497 1667 2828 1730 Anastasii
2870 1689 3027 1731 ver-

701 1767 879 1830 sione
911 1764 1221 1828 Actorum
1259 1763 1524 1828 Concilii
1554 1765 1810 1829 libellus
1853 1764 2060 1848 quoad
2106 1767 2354 1845 partem
2403 1764 2805 1846 praecipuam
2836 1764 3026 1829 hisce

701 1862 913 1926 verbis
961 1869 1301 1944 conceptus
1363 1866 1486 1924 est:
1551 1859 1788 1925 Prima
1843 1858 2022 1924 salus
2068 1856 2189 1938 est,
2256 1862 2466 1923 rectae
2517 1857 2671 1939 fidei
2715 1859 3026 1943 requlam

702 1956 1051 2022 custodire:
1110 1955 1337 2020 deinde
1382 1977 1423 2019 a
1465 1955 1834 2021 constitutis
1882 1955 2011 2020 Dei
2065 1960 2133 2019 et·
2170 1960 2435 2037 patrum
2480 1955 2860 2022 nullatenus
2907 1957 3024 2021 de-

699 2054 897 2119 viare.
1005 2053 1217 2118 Unum
1276 2053 1510 2136 quippe
1570 2052 1805 2117 horum
1851 2052 1936 2117 acl
1986 2051 2173 2131 fidem
2221 2052 2537 2135 pertinet,
2601 2054 2882 2118 alterum
2935 2056 3027 2119 acl

702 2172 860 2233 opus
911 2150 1145 2214 bonum
1205 2201 1217 2213 .
1266 2200 1278 2212 .
1329 2202 1341 2212 .
1390 2150 1481 2213 Et
1544 2150 1702 2230 quia
1759 2169 1889 2213 non
1951 2154 2160 2231 potest
2219 2149 2493 2215 Domini
2557 2148 2786 2216 Nostri
2851 2152 3025 2217 Jesu

706 2246 957 2312 Christi
1005 2246 1447 2328 praetermitti
1482 2245 1802 2311 sententia
1848 2245 2152 2311 dicentis:
2219 2246 2315 2311 Pu
2369 2267 2433 2311 es
2478 2247 2743 2327 Petrus,
2801 2254 2865 2313 et
2909 2270 3022 2314 su-

691 2365 815 2426 per
857 2344 1024 2408 hanc
1067 2347 1326 2426 petram
1374 2341 1720 2422 aedificabo
1777 2342 2100 2407 ecclesiam
2147 2362 2390 2423 meam;
2435 2343 2589 2408 haee
2630 2364 2794 2426 quae
2837 2344 3022 2409 dicta

700 2446 883 2520 sunt,
947 2460 1168 2505 rerum
1215 2439 1588 2522 probantur
1652 2439 2005 2523 effectibus,
2077 2439 2235 2521 quia
2290 2439 2364 2505 in
2420 2439 2579 2505 Sede
2638 2441 3019 2525 Apostolica

699 2537 1122 2602 immaculata
1178 2541 1269 2600 est
1327 2558 1574 2619 semper
1631 2536 1945 2602 catholiea
1993 2542 2322 2602 reservata
2367 2537 2621 2620 reliqio,
2677 2543 2735 2603 et
2783 2544 3019 2603 sancta

700 2634 1013 2699 celebrata
1060 2633 1372 2699 doctrina.
1467 2633 1566 2698 Ab
1626 2633 1827 2717 hujus
1872 2654 2019 2716 erqo
2074 2633 2198 2713 fide
2239 2637 2314 2698 'et
2366 2633 2665 2700 doctrina
2710 2634 3017 2718 separari

699 2731 965 2795 minime
1011 2731 1364 2813 cupientes,
1424 2734 1483 2794 et
1528 2735 1830 2812 patrum,
1890 2734 1950 2794 et
2001 2729 2351 2816 praecipue
2404 2736 2778 2797 sanctorum
2825 2731 3019 2796 Sedis

696 2827 1100 2909 Apostolieae
1129 2827 1538 2907 Praesulum,
1586 2833 1916 2910 sequentes
1960 2826 2033 2892 in
2080 2827 2376 2893 omnibus
2421 2828 2793 2909 constituta,
2840 2849 3013 2893 ana-

698 2923 1194 2989 thematizamus
1241 2945 1456 2989 omnes
1501 2924 1811 3004 haereseS,
1859 2924 2056 2989 simul
2104 2946 2246 2990 cum
2286 2924 2747 2991 Iconomachis.
2825 2926 3015 2990 Ana-

698 3020 1193 3086 tlzematieamus
1235 3022 1431 3086 etiam
1465 3021 1793 3101 Photium,
1844 3023 1958 3102 qui
2000 3075 2011 3086 .
2064 3077 2075 3088 .
2123 3076 2134 3087 .
2184 3075 2197 3087 .
2245 3023 2592 3110 superstite
2623 3022 2892 3107 anatio
2938 3021 3016 3087 in

702 3104 1037 3182 CPtanam
1095 3122 1186 3182 est
1236 3118 1637 3199 pervasorie,
1699 3118 1829 3182 imo
1888 3121 2261 3201 tyrannice,
2316 3126 2361 3186 a
2404 3119 2790 3203 quibusdam
2844 3119 3014 3185 schi-

696 3213 985 3279 smaticis
1013 3214 1128 3278 ‘vel
1185 3214 1760 3279 anathematizatis
1805 3219 1999 3297 atque
2051 3216 2360 3304 depositis
2384 3216 2764 3283 asistamus
2820 3217 3012 3282 eccle-

695 3310 877 3375 siam.
931 3349 1006 3357 —
1058 3311 1364 3394 Sequitur
1411 3313 1722 3395 professio
1765 3312 2168 3379 adhaesionis
2202 3314 2280 3380 ad
2312 3316 2589 3399 synodos
2639 3319 2703 3379 et
2747 3315 3015 3380 decreta

696 3407 946 3472 Nicolai
993 3410 1046 3472 I.
1097 3415 1162 3471 et
1209 3408 1520 3472 Hadriani
1571 3409 1688 3489 IL,
1746 3416 1811 3476 et
1856 3412 2188 3477 damnatio
2234 3411 2482 3488 Photii,
2547 3412 2838 3497 Gregorii
2888 3410 3008 3496 Sy·

695 3506 989 3569 racusani
1032 3527 1381 3588 eorumque
1428 3507 1814 3589 sequacium.
1895 3508 2169 3574 Deinde:
2219 3508 2431 3573 Porro
2475 3507 2552 3573 de
2589 3506 3007 3573 venerabilis-

695 3599 856 3663 simo
902 3600 1168 3682 anatio
1205 3600 1598 3683 patriarcha
1643 3607 1881 3682 nostra,
1929 3608 1990 3668 et
2034 3604 2110 3668 de
2156 3603 2245 3669 iis
2290 3604 2406 3687 qui
2451 3625 2529 3669 ex
2563 3609 2758 3688 parte
2802 3603 3010 3687 hujus

695 3701 866 3774 sunt,
916 3696 1084 3778 quod
1128 3697 1485 3762 auctoritas
1533 3699 1938 3780 Apostolieae
1986 3700 2172 3765 Sedis
2218 3706 2466 3767 vestrae
2510 3700 2815 3781 decrevit,
2867 3705 3007 3766 tota

693 3796 901 3857 mente
946 3793 1280 3875 sequimur
1332 3799 1393 3860 et
1437 3794 1743 3877 reliqiosa
1789 3796 2116 3862 devotione
2160 3819 2575 3879 veneramur,
2636 3803 2828 3880 atque
2877 3820 3004 3880 pro

693 3909 877 3953 nosse
923 3894 983 3953 et
1018 3911 1207 3972 posse
1252 3896 1473 3956 nostro
1508 3891 1630 3974 pia
1675 3892 2034 3959 intentione
2081 3914 2155 3959 ae
2209 3894 2501 3977 spiritali
2547 3895 2848 3976 conflictu
2892 3894 3003 3959 cle-

689 3985 1036 4068 sendimus.
1112 3987 1451 4067 Quoniam,
1500 3987 1670 4053 sicut
1706 3989 2180 4072 praediximus,
2229 3996 2558 4074 sequentes
2596 3991 2672 4057 in
2702 3990 3007 4057 omnibus

873 4193 915 4259 ¹)
953 4195 1086 4247 Vita
1123 4193 1389 4248 Hadriani
1429 4195 1502 4247 ΙΙ.
1543 4214 1585 4249 c.
1625 4197 1739 4251 XL.
