3270 5028
852 473 1099 525 Eventus
1137 477 1264 537 post
1302 470 1600 525 Concilium
1641 486 1749 525 occ.
1778 471 1930 524 VIII.
2448 473 2552 523 427

141 667 144 668 γ
232 614 439 696 aliqui
487 613 606 679 hac
661 616 725 679 in
780 636 849 678 re
912 614 1117 678 adhuc
1169 612 1621 677 discordarent.
1716 612 2127 695 Metrophani
2177 612 2555 695 Smyrnensi

232 711 715 792 metropolitae,
780 711 888 795 qui
945 732 1194 793 semper
1249 708 1312 773 S.
1369 708 1626 791 Ignatio
1686 709 2088 792 adhaeserat,
2152 714 2216 773 et
2277 731 2553 773 eommu-

233 805 503 870 nionem
570 806 778 871 Photii
842 807 1033 871 etiam
1098 826 1271 870 nunc
1336 809 1707 870 constanter
1769 806 2136 882 recusabat,
2202 806 2331 869 dies
2387 804 2556 870 dicta

235 906 374 978 est,
436 902 543 968 sed
598 904 870 985 frustra3
924 903 1254 967 sententia
1302 902 1378 965 de
1437 923 1511 966 eo
1566 903 1838 966 ferenda
1898 903 2045 966 dein
2096 902 2326 967 Photio
2384 923 2551 965 com-

234 1000 439 1064 missa
504 1007 619 1064 est.
736 1000 903 1064 Dein
968 1001 1195 1084 legatis
1259 999 1569 1065 Romanis
1633 1000 2174 1082 proponentibus,
2258 998 2314 1062 si
2377 998 2555 1062 Actis

236 1098 437 1161 fidere
501 1097 680 1173 licet,
750 1119 956 1161 canon
1024 1096 1318 1160 conditus
1377 1099 1504 1171 est,
1576 1118 1705 1178 quo
1759 1096 2106 1174 statuitur,
2179 1099 2253 1159 ut
2316 1092 2557 1159 Italiae

235 1192 546 1277 episcopi,
612 1192 827 1257 clerici
882 1192 978 1263 vel
1040 1191 1192 1256 laici
1246 1211 1286 1255 a
1342 1192 1600 1256 Joanne
1663 1191 1963 1256 Romano
2010 1192 2323 1272 Pontifice
2377 1191 2556 1273 depo-

236 1289 357 1354 siti
405 1290 505 1353 vel
559 1288 1123 1367 excommunicati,
1183 1288 1377 1353 etiam
1437 1309 1478 1352 a
1523 1287 1759 1354 Photio
1813 1309 1931 1371 pro
1978 1288 2283 1372 depositis
2337 1292 2399 1352 et
2452 1308 2556 1352 ex-

237 1386 735 1451 communicatis
781 1385 1177 1464 habeantur,
1236 1389 1297 1448 et
1349 1384 1635 1451 vicissim
1694 1385 1965 1469 depositi
2025 1385 2123 1449 vel
2179 1384 2553 1451 anathema-

239 1484 437 1549 tizati
498 1505 540 1548 a
608 1483 871 1563 Photi0,
951 1503 991 1547 a
1072 1482 1329 1547 Joanne
1408 1482 1722 1563 Pontifice
1797 1488 1856 1548 et
1923 1483 2229 1547 Romana
2298 1481 2557 1546 ecclesia

239 1581 529 1665 ejusdem
590 1601 837 1663 poenae
908 1579 1242 1663 judiciam
1318 1578 1609 1645 subeant.
1743 1581 1882 1657 Quo
1965 1602 2208 1644 canone
2284 1581 2555 1662 patriur-

223 1680 399 1754 ,chae
447 1679 745 1762 aequales
802 1679 1279 1761 significantur,
1342 1681 1409 1739 et
1463 1699 1576 1760 per
1634 1678 1961 1742 cuniculos
2017 1677 2398 1742 convellitur
2446 1678 2555 1759 jus

242 1777 747 1859 appellationum
817 1775 898 1838 ad
958 1774 1394 1857 Apostolicam
1463 1770 1693 1837 Sedem
1759 1778 1823 1837 et
1885 1774 2158 1838 Romani
2227 1772 2554 1837 Pontificis

241 1873 572 1956 primatus,
676 1870 1078 1935 Addiderunt
1123 1878 1370 1948 tamen,
1432 1874 1506 1935 ut
1554 1873 1954 1953 specietenus
2001 1874 2154 1951 jura
2200 1869 2382 1933 Sedis
2433 1871 2556 1933 Ro-

243 1992 474 2033 manae
520 1970 794 2032 revereri
841 1968 1239 2040 viderentur,
1295 1965 1662 2048 privileyiis
1718 1986 1882 2048 qnae
1928 1965 2375 2031 sanctissimae
2420 1965 2555 2029 sedi

243 2064 634 2130 conveniant
665 2063 959 2132 ecclesiae
987 2062 1327 2127 Romanae
1372 2066 1487 2127 aut
1533 2063 1746 2145 ipsias
1790 2062 2096 2143 antistiti,
2145 2063 2324 2128 nullo
2370 2063 2554 2127 modo

241 2160 638 2240 immutatis,
697 2161 830 2224 sive
876 2159 1058 2224 modo
1116 2158 1248 2222 sive
1305 2159 1378 2224 in
1416 2159 1834 2244 posteram-..Q
1894 2196 1980 2203 —
2045 2160 2268 2225 Canon
2326 2182 2554 2225 secun-

244 2260 365 2323 dus
422 2260 680 2333 statuit,
746 2261 822 2322 at
878 2256 935 2320 si
996 2255 1143 2337 qais
1201 2255 1558 2338 episcopus,
1622 2259 1741 2320 aat
1801 2255 1858 2319 si
1911 2254 2058 2337 qais
2112 2254 2285 2320 alius
2331 2255 2554 2337 ponti-

242 2354 418 2435 ficdli
486 2354 806 2437 diynitate
885 2353 969 2418 ad
1047 2352 1249 2417 vitam
1315 2352 1738 2416 monasticam
1806 2351 1956 2416 velit
2030 2351 2424 2431 descendere,
2496 2356 2555 2415 et

235 2450 677 2534 poenitentiae
736 2451 942 2516 locam
998 2448 1295 2532 implere,
1359 2448 1463 2513 hic
1517 2469 1651 2513 non
1703 2447 1826 2513 sibi
1872 2448 2165 2532 deinceps
2211 2448 2553 2533 pontifica-

244 2549 366 2612 lem
410 2547 689 2613 vindicet
745 2547 1143 2631 diynitatem.
1235 2548 1371 2623 Quo
1427 2569 1676 2611 canone
1732 2547 2031 2613 videntur
2087 2549 2400 2612 indirecte
2453 2569 2557 2611 vo-

245 2647 432 2710 luisse
485 2645 948 2728 reprehendere
993 2644 1348 2727 Ignatium,
1413 2645 1581 2728 quod
1639 2644 1709 2707 in
1768 2646 1974 2708 sedem
2035 2668 2214 2710 suam
2274 2644 2552 2708 redierit.

244 2780 331 2788 „..
391 2741 614 2807 Canon
680 2743 907 2806 tertius
971 2739 1382 2805 anathemate
1431 2740 1726 2822 percellit
1784 2741 2146 2805 saeculares
2204 2739 2551 2823 mayistra-

247 2845 381 2919 tas,
441 2838 556 2920 qai
607 2838 928 2920 episcopos
988 2837 1084 2901 vel
1137 2836 1277 2901 sine
1322 2856 1547 2916 caasa,
1611 2837 1707 2900 vel
1762 2837 1985 2918 aliqua
2037 2836 2303 2916 conficta
2357 2857 2554 2902 caasa

243 2937 317 3000 in
380 2954 697 3000 carcerem
762 2932 1174 3015 conjicerent,
1244 2936 1363 2997 aut
1420 2932 1789 2997 verberibus
1857 2931 2263 3015 afficer·ent.²)
2372 2934 2554 3000 Com-

247 3035 435 3117 pletis
495 3032 773 3116 negotiis
822 3029 1092 3094 Photius
1158 3052 1301 3092 cum
1358 3031 1715 3112 gratiarum
1757 3031 2009 3095 actione
2061 3031 2379 3113 synodum
2425 3036 2553 3094 ter-

205 3120 542 3203 'minavit‚
599 3127 1236 3209 subscripseruntque
1294 3138 1660 3207 praesentes
1709 3127 2010 3209 episcopi,
2068 3149 2140 3190 ac
2187 3128 2373 3210 primi
2418 3128 2553 3210 qui-

247 3226 388 3290 dem
436 3226 634 3310 legati
681 3222 865 3287 Sedis
921 3218 1326 3304 Romanae-⁰³)

424 3375 565 3439 123.
660 3373 755 3436 De
836 3371 1237 3454 processione
1314 3367 1591 3452 Spiritus
1676 3370 1895 3434 Sancti
1974 3372 2090 3436 hac
2173 3352 2242 3435 in
2312 3373 2552 3455 synodo
2589 3396 2797 3447 Quaestio
2818 3399 2868 3440 de

250 3477 453 3536 actum
523 3492 655 3536 non
725 3469 866 3546 fuit,
937 3489 1058 3531 nec
1126 3465 1345 3530 Photii
1418 3488 1527 3549 per
1595 3489 1662 3530 se
1728 3470 2001 3531 multum
2074 3470 2405 3545 intererat,
2480 3474 2553 3532 ut
2610 3460 2775 3513 Spiritu
2807 3459 2850 3502 S·

248 3569 313 3632 in
377 3567 521 3630 sede
585 3566 997 3631 confirmatus
1051 3562 1493 3646 quaestionem
1559 3564 1737 3630 illam
1797 3566 2091 3648 agitaret.
2182 3564 2392 3628 Homo
2455 3570 2551 3629 ta-

250 3685 391 3728 men
465 3666 759 3727 versutus
838 3661 953 3724 sibi
1035 3658 1366 3742 providere
1436 3660 1666 3736 voluit,
1741 3666 1815 3724 ut
1876 3663 1929 3724 si
1995 3660 2188 3726 Sedes
2263 3661 2553 3726 Romana

424 3888 461 3954 ¹)
499 3889 564 3940 V.
603 3887 869 3941 Harduin.
896 3887 962 3940 V.
1001 3887 1120 3938 319.
1337 3888 1380 3953 ²)
1418 3888 1483 3942 V.
1521 3886 1787 3940 Harduin.
1816 3887 1880 3940 V.
1920 3890 2040 3940 323.
2540 3840 2563 3885 i

420 3966 463 4034 ³)
501 3967 565 4020 V.
604 3966 867 4020 Harduin.
894 3966 960 4018 V.
1000 3968 1103 4018 326
1142 3982 1255 4034 sqq.
1296 3998 1363 4006 —
1402 3969 1604 4020 Eorum
1645 3966 1992 4034 subscriptio,
2042 3966 2122 4020 uti
2161 3982 2303 4018 nunc
2350 3969 2552 4029 exstat,

253 4052 331 4102 est
365 4047 527 4100 valde
564 4046 785 4113 diffusa,
824 4046 883 4099 in
921 4061 1090 4112 eaque
1130 4047 1329 4102 diserte
1368 4046 1614 4115 rejicitur
1652 4045 1951 4099 Concilium
1990 4045 2387 4100 oecumenicum
2424 4044 2553 4097 anni

253 4129 361 4178 869.
425 4126 528 4179 Sed
556 4125 688 4178 haec
726 4125 957 4178 formula
993 4125 1184 4178 merito
1223 4126 1454 4181 habetur
1491 4130 1553 4178 ut
1590 4123 1821 4177 conficta
1859 4132 1915 4178 et
1952 4125 2251 4192 supposita.
2308 4123 2372 4176 V.
2412 4122 2552 4176 Her-

252 4205 557 4273 genriither,
590 4204 839 4270 Photius,
882 4205 943 4257 T.
981 4204 1056 4256 II.
1092 4219 1178 4272 pp.
1220 4206 1325 4258 513
1362 4221 1475 4272 sqq.
