3270 5028
672 425 775 476 398
1112 500 1114 503 ⁴
1293 423 1294 430 ’
1347 421 1526 475 XVII.
1561 421 1646 475 De
1684 420 1979 474 schismate
2014 420 2302 474 Photiano.

361 562 631 635 ,1³1⁰P⁰¹¹³‚t¹}1
718 608 726 616 -
866 563 969 628 92.
1022 563 1101 628 In
1153 563 1411 647 Synodo
1459 564 1607 647 >ipsa
1658 562 1897 646 pluries
1950 563 2361 627 vehementer
2420 562 2843 647 magnificata
2908 564 3041 625 est

358 636 406 666 m
433 621 640 667 comma
673 652 955 745 dignitas
1002 665 1068 724 et
1112 660 1461 725 auctoritas
1505 660 1792 744 quinque
1838 658 2104 736 sedium,
2153 664 2221 723 et
2265 658 2679 743 pentarchiae
2726 657 3037 721 theoria

597 771 614 787 ·
674 779 818 822 cum
874 757 1144 840 quodam
1200 758 1372 821 fastu
1430 757 1744 837 exaltata,
1804 755 2094 840 quamvis
2150 760 2604 840 agnosceretur
2649 754 3035 819 Romanus

673 853 1006 937 primatus.
1068 852 1173 917 Ita
1206 852 1658 935 Metrophanes
1691 851 2103 934 Smyrnensis
2132 852 2412 916 celebrat
2444 855 2761 931 tanquam
2789 868 3024 930 quae·

672 947 822 1012 dam
878 947 1241 1015 luminaria
1302 967 1573 1030 mayna,
1639 945 1928 1016 videlicet
1981 946 2266 1029 quinque
2318 944 2813 1029 patriarchalia
2873 943 3022 1010 Ca-

659 1044 812 1128 pita
872 1044 948 1110 in
1007 1043 1556 1111 illuminationem
1618 1043 1821 1109 totius
1876 1047 2119 1124 terrae,
2190 1063 2314 1125 quo
2366 1042 2668 1125 praesint
2720 1041 2863 1107 diei
2939 1046 3021 1106 et

670 1140 871 1219 nocti,
930 1145 989 1206 et
1034 1145 1335 1224 separent
1386 1140 1561 1206 inter
1619 1140 1823 1206 lucem
1868 1144 1929 1205 et
1984 1140 2306 1221 tenebrae,
2360 1139 2433 1205 id
2472 1144 2597 1220 est,
2653 1139 2839 1205 inter
2891 1159 3021 1204 eos

672 1236 786 1319 qui
831 1242 1039 1321 ayunt
1084 1258 1278 1321 opera
1325 1237 1517 1317 lucis,
1575 1237 1690 1302 hoc
1739 1241 1833 1302 est
1876 1236 2138 1302 divinae
2167 1236 2504 1320 justitiae,
2547 1241 2607 1301 et
2653 1236 2835 1301 inter
2888 1255 3017 1301 eos

673 1333 788 1416 qui
832 1338 1041 1418 ayunt
1082 1355 1275 1417 opera
1322 1334 1765 1413 tenebrarum,
1812 1332 1885 1398 id
1927 1338 2020 1399 est
2062 1332 2511 1417 injustitiae.¹)
2603 1335 2779 1398 Elias
2826 1355 3009 1417 apo-

673 1433 993 1497 crisiarius
1062 1455 1173 1497 seu
1229 1434 1481 1517 legatus
1528 1432 1870 1497 Theodosii
1925 1433 2326 1516 patriarchae
2374 1432 3006 1516 Hierosolymitani:

673 1527 901 1592 Nostis
945 1548 1191 1608 omnes,
1256 1530 1499 1612 inquit,
1558 1526 1756 1592 amici
1805 1524 2090 1607 Christi,
2142 1527 2418 1610 fratres,
2481 1526 2638 1610 quia
2682 1526 3006 1610 Spiritus·

672 1628 937 1690 sanctus
992 1624 1109 1706 qui
1154 1625 1406 1690 locutus
1449 1628 1543 1689 est
1584 1623 1659 1689 in
1706 1623 2073 1706 prophetie,
2128 1624 2265 1706 ipse
2310 1628 2371 1689 et
2423 1623 2497 1690 in
2542 1623 2851 1707 apostolis
2898 1628 3006 1688 est

676 1719 923 1803 affatus
931 1769 950 1801 ,
1010 1724 1070 1785 et
1115 1719 1334 1786 omnia
1380 1740 1816 1802 quaecumque
1864 1725 2048 1803 qesta
2091 1725 2247 1787 sunt
2292 1741 2333 1786 a
2377 1720 2684 1803 patribus
2736 1719 3004 1785 nostris

674 1816 827 1882 olim
881 1822 942 1882 et
996 1816 1071 1883 in
1119 1817 1250 1900 leqe
1303 1816 1522 1899 posita
1576 1821 1760 1897 sunt,
1819 1821 1880 1883 et
1928 1816 2154 1900 qratia
2199 1815 2539 1899 spirituali
2586 1820 2731 1881 acta
2776 1816 2996 1884 consi-

672 1917 883 1991 stunt,
937 1918 998 1978 et
1038 1913 1179 1978 ideo
1214 1912 1703 1997 patriarchalia
1749 1912 1965 1997 capita
2009 1914 2084 1979 in
2130 1913 2371 1979 mundo
2414 1912 2642 1995 posuit
2686 1911 3002 1996 Spiritus

673 2014 965 2090 sanctus,
1022 2014 1098 2075 ut
1141 2010 1216 2075 in
1260 2009 1556 2076 Ecclesia
1596 2009 1729 2075 Dei
1763 2009 2173 2093 pullulantia
2217 2009 2528 2075 scandala
2572 2030 2696 2093 per
2749 2030 2827 2075 ea
2874 2030 2995 2074 ex·

676 2107 1127 2188 terminentur,
1177 2112 1238 2173 et
1272 2107 1551 2191 pacifica
1583 2107 1957 2173 constitutio
1983 2106 2059 2173 in
2102 2106 2249 2190 ipsa
2292 2106 2687 2172 interveniat
2732 2110 2793 2171 et
2839 2128 2996 2173 con·

676 2205 958 2271 cedatur.
1047 2204 1271 2288 Iqitur
1316 2226 1461 2270 cum
1510 2202 1894 2287 praesidens
1939 2209 2000 2269 et
2035 2204 2424 2287 praecedens
2468 2224 2663 2269 senex
2706 2203 3000 2270 senioris

678 2302 925 2368 Romae
969 2322 1380 2383 nequaquam
1408 2300 1721 2385 receperit
1751 2300 2084 2378 Photium,
2129 2320 2244 2366 nec
2287 2299 2484 2365 etiam
2519 2300 2807 2367 Orientis
2854 2304 2998 2366 tres

677 2397 926 2479 throni,
976 2450 990 2464 .
1039 2447 1053 2463 .
1101 2448 1117 2463 .
1177 2419 1310 2464 non
1366 2402 1509 2463 erat
1564 2418 1727 2481 opus
1784 2417 2008 2463 vocare
2062 2396 2251 2462 illum
2303 2397 2389 2462 ad
2433 2396 2993 2464 examinationem

676 2495 774 2561 vel
831 2492 1440 2581 rejudicationem.²)
1534 2495 1824 2561 Ulterius
1879 2518 2029 2562 vero
2085 2496 2488 2581 progreditur
2530 2495 2804 2563 Basilius
2851 2496 2990 2562 Im-

652 2597 964 2676 perator,
1022 2594 1130 2678 qui
1194 2595 1500 2679 supponit
1557 2594 1720 2658 illud
1773 2593 2188 2678 principium,
2249 2611 2290 2656 a
2334 2591 2574 2678 majori
2624 2596 2816 2675 parte
2860 2613 2991 2676 pa·

677 2810 947 2865 veraciter
982 2812 1348 2880 patriarchae.
1420 2812 1712 2867 Veraciter
1745 2812 1827 2865 illi
1866 2810 2101 2866 habendi
2139 2817 2268 2864 sunt
2299 2809 2672 2877 patriarchae,
2714 2809 2805 2877 qui
2838 2811 2993 2866 sedes

681 2888 992 2958 apostolicas
1025 2908 1123 2960 per
1169 2892 1540 2947 successiones
1585 2890 1901 2960 pontificum
1948 2888 2219 2955 obtinent,
2266 2888 2302 2943 i.
2341 2905 2385 2944 e.
2424 2888 2515 2957 qui
2560 2889 2674 2943 illis
2721 2898 2984 2957 praesunt

680 2966 952 3036 ecclesiis,
1014 2985 1148 3037 quas
1201 2971 1457 3039 Apostoli
1510 2970 1820 3025 instituisse
1873 2969 2196 3037 probantur,
2260 2968 2562 3022 Romanam
2615 2969 2872 3023 videlicet
2926 2976 2984 3024 et

678 3047 1105 3103 Alexandrinam
1152 3055 1209 3104 et
1246 3049 1714 3104 Antiochenam..
1805 3047 2109 3102 .OPtanus
2156 3052 2337 3102 autem
2385 3053 2442 3102 et
2486 3047 2524 3102 J
2526 3047 2983 3115 erosolymrtanus

677 3125 977 3194 antistites,
1012 3128 1147 3183 licet
1174 3127 1425 3182 dicantur
1459 3128 1822 3196 patriarchae,
1860 3143 1969 3181 non
1994 3132 2187 3181 tantae
2215 3131 2398 3181 tamen
2427 3125 2774 3180 auctoritatis
2814 3143 2985 3193 quan·

676 3211 770 3260 tae
808 3205 1113 3274 superiores
1152 3188 1414 3261 existunt.
1473 3207 1611 3260 Nam
1652 3207 1928 3261 CPtanam
1965 3205 2250 3261 ecclesiam
2288 3221 2389 3260 nec
2412 3205 2802 3272 Apostolorum
2840 3207 2980 3272 quis-

680 3300 839 3353 quam
874 3285 1148 3352 instituit,
1193 3302 1295 3341 nec
1330 3286 1573 3340 Nicaena
1610 3285 1883 3354 Synodus,
1928 3300 2066 3352 quae
2112 3285 2324 3338 cunctis
2362 3283 2582 3351 synodis
2629 3283 2892 3339 celebrior
2928 3292 2982 3339 et

677 3363 1041 3418 venerabilior
1078 3371 1180 3433 est,
1219 3366 1336 3434 ejus
1372 3365 1702 3419 mentionem
1739 3364 1974 3431 aliquam
2010 3362 2170 3430 fecit,
2211 3365 2308 3418 sed
2345 3363 2518 3418 solum
2557 3363 2685 3432 quia
2720 3363 2982 3418 Constan-

679 3440 942 3510 tinopolis
986 3460 1130 3498 nova
1164 3445 1354 3507 Roma¹
1388 3443 1536 3498 dicta
1581 3447 1689 3510 est,
1736 3443 1927 3498 favore
1971 3441 2277 3511 principum
2319 3441 2503 3510 potius
2551 3458 2710 3509 quam
2753 3442 2983 3510 ratione,

677 3521 993 3590 patriarcha
1029 3524 1149 3592 ejus
1184 3522 1435 3591 pontifex
1459 3521 1768 3599 appellatus
1808 3526 1908 3577 est.
1962 3521 2499 3589 Hierosolymitanus
2533 3525 2711 3575 autem
2750 3522 2984 3589 praesul,

677 3600 813 3654 licet
849 3606 909 3655 et
943 3602 1060 3669 ipse
1096 3601 1415 3670 patriarcha
1454 3602 1670 3655 dicatur
1706 3606 1763 3655 et
1801 3603 2093 3656 secundum
2131 3601 2410 3667 antiquam
2449 3601 2888 3655 consuetudinem
2924 3607 2978 3656 et

678 3680 976 3736 Nicaenam
1015 3683 1278 3750 synodum
1316 3681 1659 3736 honorandus
1695 3680 1786 3746 sit,
1825 3680 1980 3734 salva
2016 3685 2201 3735 tamen
2226 3678 2519 3748 metropoli
2554 3679 2773 3748 propria
2807 3680 2981 3750 digni·

679 3766 821 3815 tate:
867 3762 963 3814 sed
1006 3765 1064 3816 et
1107 3760 1165 3814 in
1213 3760 1402 3816 eadem
1448 3766 1641 3815 sancta
1686 3763 1741 3814 et
1790 3774 1992 3828 magna
2027 3758 2241 3827 Synodo
2279 3757 2423 3823 (Nic.
2462 3775 2506 3812 c.
2549 3760 2604 3824 7)
2650 3774 2979 3826 nequaquam

644 3837 648 3841 ’
679 3840 715 3895 J
719 3840 1191 3908 erosolymitanus,
1228 3841 1323 3894 sed
1357 3837 1550 3894 Aeliae
1588 3840 1874 3907 episcopus
1912 3837 2127 3892 dicitur.
2192 3836 2332 3892 Nam
2368 3853 2501 3891 vera
2525 3837 2830 3892 Jerusalem
2863 3844 2979 3892 tan-

677 3925 794 3974 tum
830 3920 889 3974 in
928 3919 1094 3974 coelis
1132 3925 1244 3984 est,
1290 3936 1427 3988 quae
1468 3922 1555 3974 est
1595 3925 1772 3973 mater
1805 3921 2014 3986 nostra3
2059 3916 2158 3971 illa
2196 3932 2324 3971 vero
2362 3917 2670 3972 Jerusalem
2704 3919 2978 3972 terrestris
3062 3928 3073 3939 ‘

680 4000 974 4054 secundum
1011 4001 1154 4067 quod
1188 4000 1453 4054 Dominus
1489 3997 1773 4066 praedixit
1809 3998 1944 4052 adeo
1978 3997 2227 4051 funditus
2274 3997 2342 4050 ab
2378 3995 2537 4050 Aelio
2575 3996 2816 4051 Adriano
2850 3997 2978 4064 Imp.

596 4124 600 4129 ,
678 4079 834 4135 Rom.
873 4081 1155 4134 destructa
1192 4083 1297 4146 est,
1336 4083 1397 4133 ut
1432 4078 1489 4131 in
1526 4093 1591 4132 ea
1618 4093 1718 4132 nec
1755 4075 1898 4146 lapis
1931 4091 2093 4144 super
2127 4075 2367 4143 lapidem
2404 4075 2480 4130 sit
2515 4076 2812 4132 derelictus
2850 4076 2977 4131 etc.“

859 4157 901 4227 ¹)
939 4160 1062 4214 Act.
1086 4159 1183 4213 VI.
1221 4158 1405 4212 Labbe
1429 4155 1583 4210 VIII.
1627 4157 1780 4210 1045.
1993 4153 2037 4224 ⁹)
2075 4155 2200 4209 Act.
2238 4153 2284 4208 Ι.
2322 4154 2508 4209 Labbe
2533 4154 2690 4210 VIII.
2728 4158 2846 4209 996.
