3270 5028
897 426 1200 481 Concilium
1237 426 1641 481 oecumenicum
1679 432 1947 480 octavum.
2492 429 2596 480 383

275 567 434 634 chia
493 568 637 651 fore
702 567 1089 633 mittendum
1162 565 1478 646 Orientis,
1545 572 1605 631 et
1665 587 1706 631 a
1766 566 1981 631 Roma
2032 565 2290 646 quidem
2318 635 2319 640 ,
2345 553 2632 632 decreta

277 664 792 749 dispensatoria,
851 668 911 728 et
966 662 1135 728 sicut
1191 668 1381 728 erant
1436 664 1782 746 culparum
1839 682 2314 745 causarumque
2363 663 2597 730 discre-

280 761 518 848 tiones,
577 760 677 825 ita
734 763 794 823 et
827 780 1194 841 poenarum
1251 759 1600 840 qualitates
1646 759 2198 843 judicandarum,
2250 780 2495 825 necnon
2541 765 2602 823 et

273 878 596 941 personas
657 856 791 921 vice
855 856 1203 939 fungentes
1265 856 1614 939 apostolica
1667 855 2168 938 postulandum,
2240 876 2282 921 a
2345 855 2600 921 thronis

277 959 504 1020 autem
550 952 977 1018 orientalibus
1021 973 1366 1018 consensus
1404 952 1841 1018 nihilominus
1897 955 1957 1016 et
2001 972 2322 1034 personas
2367 952 2597 1018 ducen-

279 1049 459 1115 dum.
469 1049 519 1136 1)
609 1047 872 1115 Directa
914 1053 1117 1135 igitur
1175 1055 1278 1114 est
1321 1052 1590 1115 Romam
1639 1052 1721 1113 ab
1768 1050 2165 1133 Imperatore
2212 1058 2278 1113 et
2324 1052 2801 1133 patriar-Legaf10
2842 1055 2928 1095 ΒΟ·

277 1148 406 1212 cha
452 1149 691 1233 legatio
738 1170 884 1212 cum
930 1147 1165 1211 litteris
1212 1146 1435 1211 Basilii
1484 1154 1550 1211 et
1592 1147 1869 1231 Ignatii,
1927 1150 2018 1224 et,
2078 1146 2245 1210 sicut
2292 1148 2601 1210 innuerat
2635 1126 2747 1155 mam
2774 1128 2917 1158 mssa’

288 1244 622 1324 NicolauS,
678 1244 966 1330 adjuncti
1013 1250 1169 1307 sunt
1228 1245 1423 1309 etiam
1472 1267 1552 1308 ex
1611 1247 1795 1327 parte
1842 1243 2061 1308 Photii
2109 1244 2226 1306 viri
2279 1243 2435 1320 du0,
2492 1244 2599 1327 qui

199 1361 212 1368 “
284 1344 427 1426 ejus
475 1363 731 1406 causam
779 1340 1022 1404 Romae
1078 1340 1423 1405 defendere
1480 1346 1766 1424 possent.
1857 1339 2037 1403 Missi
2067 1343 2277 1415 sunt,
2343 1340 2424 1404 ab
2471 1340 2600 1403 Im-

285 1442 583 1548 peratore
628 1437 906 1501 Basilius
948 1436 1219 1500 Pinacas
1266 1438 1664 1520 spatharius,
1708 1438 1790 1501 ab
1836 1436 2097 1519 Ignatio
2143 1436 2453 1501 Joannes
2479 1436 2599 1520 Sy-

284 1536 411 1600 laei
467 1535 536 1598 in
597 1533 959 1618 Pamphilia
1015 1535 1427 1617 metropolita
1488 1539 1552 1597 et
1609 1533 1847 1597 Petrus
1872 1489 2174 1598 oTroadiS
2235 1535 2599 1618 episcopus3

283 1654 368 1696 ex
416 1633 698 1696 factione
745 1635 960 1695 autem
1005 1630 1226 1694 Photii
1257 1630 1491 1695 Petrus
1537 1615 1949 1713 metropolita
1987 1629 2323 1700 Sardensis
2369 1633 2437 1694 et
2462 1630 2600 1695 Me-

287 1728 549 1794 thodius
606 1725 978 1792 monachus,
1073 1727 1197 1790 Sed
1245 1727 1472 1792 Petrus
1520 1725 1856 1791 Sardensis
1908 1727 2250 1811 naufragio
2305 1728 2476 1792 facto
2532 1728 2602 1792 in

287 1826 521 1890 itinere
569 1824 748 1901 obiit,
797 1823 1098 1906 solusque
1141 1845 1219 1886 ex
1265 1828 1449 1906 parte
1500 1822 1716 1886 Photii
1745 1822 2116 1886 Methodius
2150 1823 2421 1887 Romam
2467 1845 2603 1906 per-

289 1922 489 1997 venit,
537 1922 646 2004 qui
695 1919 913 1983 Photii
957 1941 1186 1983 causae
1232 1920 1493 2003 iniquae
1537 1919 1774 1983 ibidem
1820 1942 2042 2001 parum
2087 1917 2405 2003 profuit.²)
2474 1919 2601 1984 Ba-

283 2019 468 2106 silius
515 2016 876 2100 Imperator
930 2017 1167 2080 litteris
1212 2017 1344 2080 suis
1406 2017 1464 2082 d.
1512 2017 1569 2081 d.
1631 2018 1730 2080 ll.
1778 2014 2149 2079 Decembris
2196 2015 2323 2080 867
2373 2016 2600 2081 Ponti·

289 2116 423 2192 fici,
484 2136 675 2197 quem
736 2111 1074 2177 Nicolaum
1136 2113 1343 2177 adhuc
1402 2136 1542 2177 esse
1598 2113 2036 2196 supponebat,
2100 2113 2478 2187 nuntiabat,
2536 2137 2603 2179 se

281 2213 478 2294 juxta
539 2209 988 2292 praecedentia
1041 2210 1376 2275 Pontificis
1438 2209 1696 2275 decreta
1767 2210 2057 2293 deposito
2117 2210 2352 2276 Photio
2415 2212 2603 2276 resti-

284 2308 490 2370 tuisse
539 2306 897 2391 Ignatium,
958 2307 1207 2390 reliqua
1252 2329 1401 2372 vero
1447 2329 1611 2391 quae
1656 2307 1932 2371 maxime
1979 2308 2365 2391 spectabant
2417 2330 2602 2391 prae-

287 2405 467 2468 sules
524 2408 590 2467 et
654 2404 914 2468 clericos
978 2425 1056 2466 ex
1121 2408 1305 2486 parte
1352 2404 1572 2467 Photii
1639 2424 1986 2486 eorumque
2051 2404 2453 2485 punitionem
2502 2406 2601 2468 vel

288 2501 905 2577 reconciliationem,
967 2500 1172 2584 ipsum
1236 2502 1558 2566 censuisse
1613 2499 1945 2566 Pontificis
2002 2501 2410 2585 dispositioni
2471 2525 2603 2567 esse

287 2598 729 2681 relinquenda.
806 2597 1042 2682 Rogat,
1080 2603 1157 2662 ut
1203 2598 1624 2680 apocrisiariis
1672 2598 1878 2662 missis
1925 2619 2091 2681 quae
2137 2598 2431 2662 facienda
2474 2601 2606 2662 sint-

292 2696 572 2759 nuntiet.
653 2693 784 2773 Ita,
823 2694 1067 2770 scribit,
1106 2693 1310 2758 Pater
1353 2692 1728 2776 spiritualis
1774 2697 1835 2757 et
1879 2692 2201 2758 divinitus
2231 2693 2606 2762 honorande

285 2810 536 2855 summe
597 2789 937 2872 Pontifex,
1000 2791 1282 2855 accelera
1340 2811 1467 2873 pro
1525 2789 1819 2854 ecclesiae
1890 2793 2152 2854 nostrae
2218 2791 2606 2856 correctione

287 2890 353 2951 et
395 2887 696 2967 conflictu
741 2891 966 2951 contra
1024 2886 1430 2969 injustitiam
1486 2890 1680 2967 atque
1725 2886 1812 2949 acl
1854 2885 2153 2950 veritatis
2210 2886 2604 2970 satisfactio-

293 3003 466 3062 nem,
522 2982 799 3046 multam
845 2981 1029 3047 nobis
1084 2983 1441 3065 conqeriem
1501 2982 1815 3048 bonorum
1873 2981 2144 3060 donare,
2198 2982 2269 3048 id
2313 2988 2405 3047 est
2450 2984 2606 3049 uni-

291 3084 492 3145 tatem
535 3078 877 3155 mundam,
940 3097 1306 3161 compaqem
1359 3077 1773 3160 spiritualem
1832 3079 1911 3142 ab
1968 3078 2145 3144 omni
2204 3081 2607 3169 contentione

291 3182 356 3241 et
399 3175 742 3241 schismate
771 3175 1059 3255 liberam,
1106 3175 1463 3241 Ecclesiam
1509 3175 1579 3241 in
1618 3174 1895 3262 Christo·
1927 3196 2130 3241 unam
2176 3180 2238 3240 et
2279 3176 2440 3242 ovile
2485 3177 2607 3243 uni

292 3273 735 3338 obsecundans
782 3271 1070 3354 pastori,
1134 3272 1322 3355 cujus
1376 3278 1450 3337 tu
1495 3272 1798 3338 minister
1847 3292 1923 3336 ac
1967 3272 2337 3357 immolator
2384 3277 2605 3359 (θερα-

289 3372 522 3455 πεύτης
568 3372 676 3434 καὶ
718 3368 1096 3454 λειτοῦργος)
1146 3368 1374 3433 existis
1411 3367 1885 3449 verissim243.³)'

476 3526 514 3592 ¹)
552 3525 735 3578 Labbe
764 3524 919 3579 VIII.
958 3529 1076 3579 966.

469 3605 513 3671 ²)
571 3605 638 3657 In
696 3604 822 3660 Vita
877 3605 1166 3659 Hadriani
1222 3605 1448 3659 dicitur:
1502 3605 1641 3672 „Sed
1695 3605 1881 3659 divino
1929 3605 2140 3674 judicio
2190 3605 2606 3660 disertissimam

294 3690 507 3752 partem
553 3683 743 3738 Photii
791 3685 1022 3753 pelagus
1073 3684 1307 3750 sorbuit,
1363 3689 1422 3740 et
1458 3684 1917 3752 simplicissimam
1970 3691 2182 3752 partem
2219 3684 2441 3753 Ignatii
2490 3701 2607 3738 cum

295 3766 484 3833 legato
539 3763 808 3831 imperiali
863 3764 1074 3817 salvam
1128 3763 1388 3818 servavit.
1487 3764 1790 3829 Nullusque
1856 3780 1923 3818 ex
1977 3765 2239 3833 neophyti
2293 3770 2450 3832 parte
2502 3765 2609 3818 nisi

297 3843 675 3906 monachuluS,
730 3843 1043 3897 Methodius
1097 3844 1340 3909 nomine,
1397 3843 1543 3897 solus
1600 3842 1797 3896 evasit.
1884 3842 1986 3908 Qui
2040 3844 2382 3912 postmodum
2436 3860 2610 3910 neque

297 3920 558 3976 Photium
610 3938 708 3991 pro
764 3922 917 3990 cujus
972 3926 1130 3990 parte
1179 3927 1433 3988 venerat,
1491 3937 1664 3987 neque
1701 3922 1983 3988 Ignatium
2038 3929 2228 3977 contra
2274 3939 2456 3989 quem,
2515 3925 2610 3977 sed

296 4016 470 4068 neque
525 4001 855 4056 universalis
891 4001 1172 4054 Ecclesiae
1229 4003 1300 4055 ad
1355 4017 1515 4068 quam
1566 4005 1819 4064 venerat,
1869 4001 1998 4068 jura
2054 4001 2387 4069 suscipienS,
2442 4002 2608 4057 tertio

299 4086 627 4144 conventuS,
674 4081 844 4135 tertio
881 4079 1139 4147 perfidiae
1177 4081 1487 4147 denotatuS‚
1527 4079 1695 4133 semel
1732 4080 2249 4185 anathematizatus
2290 4079 2605 4135 abscessitf‘

294 4158 356 4212 C.
394 4160 595 4213 XXIV.
931 4157 973 4223 ³)
1011 4158 1194 4212 Labbe
1222 4160 1378 4214 VIII
1422 4162 1572 4213 1007.
