3270 5028
937 444 1170 499 Photius
1207 443 1744 512 pseudopatriarcha.
2500 449 2602 501 371
2700 505 2707 506 ff

289 585 456 648 tium
502 584 859 651 defendunt
905 589 971 650 et
1016 590 1344 663 excusant,
1394 585 1733 650 Nicolaum
1781 591 2083 670 arguunt,
2139 586 2313 670 quod
2355 587 2493 672 ipse
2543 593 2641 660 et¹

291 680 674 750 missionarii
724 684 808 747 ab
853 706 929 747 eo
975 686 1044 746 in
1080 681 1452 767 Bulgariam
1501 683 1700 762 missi,
1746 682 2101 746 ambitione
2147 683 2250 747 vel
2296 663 2641 788 violential

289 799 408 841 sua
460 782 951 861 provocaverint
1007 779 1313 844 Photium
1375 778 1453 842 ad
1512 778 1901 861 encyclicam
1959 780 2136 843 illam
2194 781 2607 865 promulgan-

288 873 458 938 dam.
553 874 678 939 Sed
735 878 999 942 omnino
1057 877 1366 960 injustam
1429 898 1565 940 esse
1623 875 1790 939 hanc
1853 876 2326 941 accusationem
2385 877 2609 961 liquet,

291 972 345 1034 si
392 994 602 1035 rerum
650 973 956 1058 adjuncta
1011 972 1518 1057 perpenduntur.
1612 972 2039 1056 Bulgarorum
2094 995 2369 1058 regnum
2413 975 2609 1038 situm
2690 991 2775 1080 Ἲς

294 1074 434 1131 erat
480 1070 549 1133 in
585 1069 855 1151 Illyrico,
903 1070 1071 1154 quod
1101 1069 1179 1133 de
1218 1072 1364 1153 jure
1410 1064 1745 1152 spectabat
1775 1067 1854 1132 ad
1892 1070 2400 1152 patriarchatum
2448 1070 2619 1134 occi·x
2688 1109 2714 1210 N

291 1165 616 1229 dentalem
647 1165 928 1231 Romani
961 1166 1314 1230 PontificiS.
1385 1164 1700 1256 Vidimus,
1742 1187 1780 1229 a
1827 1165 2046 1230 Leone
2088 1166 2307 1231 Isauro
2339 1165 2421 1247 (a.
2458 1164 2611 1248 730)
2714 1105 2775 1226 tf

294 1261 536 1345 Illyrici
600 1264 961 1346 provincias
1028 1263 1347 1328 violenter
1412 1262 1665 1345 juribus
1728 1262 2267 1345 patriarchalibus
2332 1259 2610 1328 Romani

297 1359 627 1423 Pontificis
686 1360 1074 1435 subtractas,
1138 1364 1206 1422 et
1261 1356 1668 1441 patriarchae
1716 1356 1982 1423 CPtano
2039 1358 2324 1423 addictas
2391 1359 2610 1423 fuisse.

292 1453 419 1526 Sed
482 1455 747 1536 Bulgari
814 1455 1053 1539 pagani
1102 1456 1239 1539 jam
1305 1478 1361 1517 a.
1411 1455 1538 1518 678
1600 1455 1723 1518 sub
1786 1453 2219 1519 Constantino
2276 1455 2612 1540 Pogonato

294 1574 568 1637 regnum
614 1574 803 1616 suum
832 1551 1265 1616 fundaverant
1306 1552 1373 1615 in
1419 1554 1603 1635 parte
1634 1551 1910 1633 Illyrici;
1959 1551 2245 1636 adeoque
2275 1553 2388 1616 illa
2435 1555 2613 1637 regio

291 1670 544 1732 semper
589 1646 670 1712 ad
712 1648 1221 1732 patriarchatum
1257 1648 1621 1713 Romanum
1655 1648 2082 1732 pertinuerat,
2131 1649 2332 1713 donec
2361 1649 2610 1713 irruen-

295 1746 468 1809 tibus
499 1744 799 1830 Bulgaris
844 1747 1112 1829 paganis
1158 1745 1386 1830 religio
1419 1743 1772 1809 christiana
1818 1744 2054 1809 ibidem
2100 1747 2419 1810 exstincta
2470 1746 2614 1810 fuit.
2668 1745 2899 1797 Bulgfflffl

297 1841 494 1906 Vides
546 1842 848 1925 proinde,
908 1841 1234 1906 Romanos
1280 1841 1658 1919 Pontifices,
1725 1841 1821 1904 uti
1880 1862 2128 1907 summo
2185 1844 2335 1926 jure
2398 1846 2612 1907 totum
2695 1821 2717 1849 r
2877 1841 2889 1853 ⁶

299 1937 631 2021 Illyricum
678 1939 834 2022 ipsis
876 1942 1167 2022 ereptum
1204 1939 1325 2002 sibi
1356 1937 1794 2013 vindicabant,
1841 1938 1936 2001 ita
1982 1960 2020 2001 a
2066 1939 2318 2003 fortiori
2364 1940 2437 2003 in
2467 1938 2618 2001 Bul·

296 2037 516 2120 gariae
560 2056 829 2119 regnum
877 2035 957 2100 ad
1004 2036 1189 2099 fidem
1251 2056 1632 2100 conversum
1689 2056 1875 2098 suum
1933 2035 2250 2099 influxum
2298 2042 2367 2100 et
2414 2036 2617 2126 juris·

297 2132 644 2196 dictionem
669 2132 1161 2214 patriarchalem
1186 2132 1473 2215 potuisse
1500 2134 1566 2195 et
1595 2131 1891 2195 debuisse
1918 2132 2285 2197 extendere.
2346 2132 2615 2208 Quando

296 2232 519 2292 autem
567 2227 837 2313 Bogoris
884 2230 1019 2312 ipse
1064 2252 1103 2292 a
1134 2227 1401 2293 Nicolao
1446 2227 1657 2310 petiit,
1705 2230 1781 2290 ut
1826 2249 1927 2291 res
1974 2229 2432 2295 ecclesiasticas
2454 2228 2614 2300 ,Bul-

295 2344 602 2408 garorum
647 2346 1095 2389 conversorum
1144 2324 1533 2406 disponeret,
1582 2323 1946 2389 sollicitudo
1994 2326 2406 2390 ecclesiarum
2450 2347 2616 2409 quae

292 2420 571 2485 Nicolao
615 2422 1060 2497 incumbebat,
1117 2423 1192 2484 ut
1235 2421 1331 2484 illi
1378 2419 1865 2497 obsecundaret,
1918 2423 2181 2486 omnino
2226 2423 2615 2506 requirebat,

301 2520 623 2604 simulque
671 2541 747 2584 ea
793 2521 1127 2584 occasione
1171 2519 1364 2602 plane
1408 2518 1719 2583 utendum
1764 2522 1933 2596 erat,
1983 2524 2057 2584 ut
2094 2519 2456 2602 jurisdictio
2504 2543 2616 2603 pa-

301 2615 661 2681 triarchalis
707 2617 776 2679 in
825 2616 952 2680 illis
999 2615 1292 2698 partibus
1341 2616 1816 2682 restitueretur.
1906 2616 2143 2693 Quodsi
2189 2617 2615 2680 missionariis

297 2714 722 2778 orientalibus
783 2713 1124 2777 molestum
1174 2714 1342 2789 erat,
1402 2734 1440 2775 a
1488 2711 1738 2796 Bogore
1797 2714 1929 2777 tale
1988 2713 2324 2776 consilium
2382 2713 2615 2795 suscipi

300 2815 367 2875 et
414 2833 450 2873 a
486 2809 753 2874 Nicolao
802 2810 1125 2892 episcopos
1171 2815 1237 2872 et
1281 2810 1691 2891 presbyteros
1740 2809 1976 2873 latinos
2021 2809 2216 2885 mitti,
2263 2809 2433 2893 ipsos
2465 2831 2616 2874 vero

303 2930 380 2972 ex
437 2908 806 2991 regionibus
868 2907 1015 2970 istis
1079 2928 1117 2969 a
1178 2926 1330 2989 rege
1393 2904 1662 2968 dimitti:
1727 2906 1970 2969 motiva
2035 2905 2289 2988 quidem
2356 2906 2619 2989 politica

300 3003 471 3087 regis
516 3002 847 3085 displicere
887 3005 1222 3084 (poterant,
1288 3000 1621 3065 Pontificis
1668 3022 1819 3065 vero
1862 3006 2007 3066 acta
2049 3002 2433 3086 reprehendi
2482 3025 2617 3067 non

203 3154 206 3157 ,
304 3103 621 3183 poterant.
714 3098 1053 3162 Caeterum
1108 3098 1394 3181 ipsorum
1442 3096 1872 3162 Orientalium
1932 3101 2119 3182 culpa
2179 3120 2416 3183 magna
2459 3106 2614 3164 erat.

302 3196 571 3262 Etenim
619 3217 816 3279 quum
848 3193 1155 3258 Nicolaus
1196 3198 1414 3259 nosset
1463 3216 1678 3259 eorum
1714 3195 2000 3259 animum
2041 3195 2119 3260 ad
2157 3195 2432 3260 schisma
2476 3218 2618 3280 pro-

303 3314 572 3376 pensum
621 3296 688 3356 et
721 3291 972 3355 Latinis
1004 3291 1320 3370 hostilem,
1361 3312 1690 3375 quumque
1728 3293 1947 3374 justae
1978 3291 2276 3356 adessent
2320 3295 2618 3376 querelae

301 3389 412 3452 de.
441 3389 829 3472 presbyteris
881 3388 1130 3473 graecis
1187 3388 1255 3451 in
1305 3386 1647 3470 Bulgaria,
1707 3386 2007 3452 Pontifex
2063 3391 2417 3453 necessario
2477 3412 2617 3473 pro·

304 3486 516 3549 videre
563 3485 838 3549 debebat
890 3485 1082 3549 rebus
1139 3483 1582 3548 ecclesiasticis
1641 3488 1705 3548 et
1752 3485 2067 3568 religiosis
2120 3486 2189 3549 in
2238 3487 2349 3550 illo
2395 3507 2616 3569 regn0.

482 3582 582 3647 64.
643 3581 976 3646 Immerito
1035 3580 1229 3644 etiam
1281 3580 1487 3662 carpit
1535 3576 1854 3660 Pichler1)
1902 3579 2264 3655 Nicolaum,
2327 3604 2400 3646 ac
2445 3584 2497 3647 si
2544 3583 2613 3646 in
2645 3585 2937 3658 Clerissi,¹¹10·

302 3678 647 3762 Responsis
710 3678 790 3742 ad
849 3676 1164 3761 Bulgaros
1220 3676 1461 3740 clerum
1526 3677 1905 3741 orientalem
1966 3679 2452 3743 inconvenienti
2511 3701 2615 3743 ra·
2738 3650 2835 3691 Μ’

303 3775 482 3839 tione
526 3775 929 3852 tractaverit,
985 3795 1039 3838 e.
1081 3793 1143 3856 g.
1191 3793 1390 3856 agens
1436 3771 1514 3836 de
1569 3773 1959 3856 presbyteris
2016 3775 2427 3839 matrimonio
2467 3777 2616 3860 jun·

299 3871 444 3935 ctis.
497 3871 752 3955 *Ipsum
798 3870 1134 3934 Pontificis
1199 3868 1320 3933 hac
1360 3868 1439 3932 de
1503 3890 1572 3933 re
1630 3891 2006 3952 responsum
2067 3872 2354 3936 citemuS.
2453 3870 2615 3937 Con-

303 3964 648 4032 sedendum
696 3964 1056 4045 decernitis
1102 3965 1323 4029 scribit
1350 3986 1400 4029 c.
1438 3965 1539 4041 70,
1587 3968 1816 4029 utrum
1857 3965 2305 4049 presbyterum
2347 3988 2616 4034 uxorem

487 4173 529 4240 ¹)
567 4176 627 4229 L.
667 4192 712 4229 c.

2306 4262 2407 4317 24*
