3270 5028
667 426 734 477 16
1390 425 1471 478 De
1507 421 1723 478 haeresi
1761 423 2238 476 Iconoclastarum.

666 587 826 649 quos
880 565 1212 629 ordinatus
1271 566 1399 629 fuit
1442 562 1813 643 SisinniuS,
1876 561 2091 647 Syrus.
2185 564 2301 629 Cui
2357 567 2506 646 post
2550 561 2785 646 viginti
2836 558 2971 624 dies

665 662 765 725 die
815 662 873 728 7.
908 660 1243 725 Februarii
1290 663 1442 725 anni
1476 662 1622 738 708,
1672 661 1808 725 dira
1839 661 2177 724 arthritide
2217 661 2489 738 sublato,
2537 660 2637 724 die
2667 656 2770 721 25.
2803 658 2971 723 Mar·

578 762 611 795 '·
665 759 745 822 tii
810 760 1118 824 successit
1192 755 1661 823 Constantinus
1734 758 1973 841 pariter
2042 756 2271 840 Syrus,
2349 757 2461 841 qui
2530 757 2694 821 sedit
2771 776 2971 838 usque

665 855 745 918 ad
813 877 1055 919 annum
1112 855 1258 919 715.
1364 855 1523 940 Ejus
1585 855 1713 918 iter
1780 855 1850 917 in
1920 852 2250 918 Orientem
2314 856 2450 938 jam
2520 873 2971 918 commemora-

664 953 890 1015 vimus.
1021 951 1253 1015 Tribus
1330 955 1473 1033 post
1556 951 1884 1014 mensibus
1958 972 2154 1033 quum
2230 949 2698 1014 Constantinus
2784 946 2969 1012 Nico·

666 1048 900 1130 media,
962 1047 1072 1110 ubi
1132 1069 1277 1112 cum
1325 1048 1721 1131 Imperatore
1775 1046 2068 1130 degerat,
2137 1047 2457 1131 digressus
2502 1046 2773 1110 Romam
2831 1045 2969 1108 red-

662 1145 857 1222 ierat,
930 1143 1371 1208 Justinianum
1445 1145 1722 1208 occisum
1790 1146 1875 1221 (a.
1933 1141 2088 1227 711)
2153 1144 2421 1206 nuntius
2482 1142 2724 1206 attulit.
2839 1142 2970 1206 Im-

667 1243 914 1323 perium
958 1242 1292 1324 occupavit
1340 1240 1550 1305 caedis
1609 1245 1832 1303 auctor
1875 1239 2208 1322 Philippus
2247 1238 2595 1303 Bardanes.
2690 1237 2752 1302 Is
2798 1260 2968 1302 anno

666 1337 790 1401 712
839 1337 1403 1420 Constantinopoli
1459 1337 1669 1421 coegit
1726 1336 2247 1411 conciliabulum,
2306 1342 2370 1399 et
2427 1334 2729 1399 damnata
2789 1341 2970 1398 sexta

663 1431 924 1519 Synodo
971 1440 1239 1499 conatus
1272 1440 1370 1498 est
1402 1435 1745 1498 restituere
1776 1433 2087 1496 haeresim
2123 1432 2706 1497 Monotheleticam.
2778 1431 2971 1496 Multi

661 1532 880 1612 ignavi
956 1532 1282 1614 praesules
1360 1529 1646 1595 Orientis
1723 1530 1778 1593 ei
1856 1536 2284 1594 assenserunt.
2407 1527 2534 1593 Sed
2603 1529 2844 1592 restitit
2912 1528 2970 1592 ei

663 1628 1131 1693 Constantinus
1212 1627 1545 1702 Pontifex,
1620 1629 1883 1711 ejusque
1954 1626 2340 1691 haereticam
2412 1626 2558 1688 fidei
2638 1625 2969 1707 professio·

663 1746 809 1787 nem
874 1724 1131 1787 missam
1192 1724 1270 1787 ad
1329 1746 1396 1789 se
1460 1725 1703 1807 rejecit.
1813 1723 1870 1787 E
1930 1723 2254 1788 contrario
2300 1722 2630 1787 Anastasii
2678 1721 2794 1798 II.,
2859 1722 2970 1805 qui

662 1824 809 1903 post
851 1820 1108 1883 brevem
1155 1819 1491 1905 Philippici
1537 1820 1948 1905 tyrannidem
1995 1818 2352 1903 Imperator
2396 1820 2718 1884 salutatus
2761 1818 2972 1882 fuerat

665 1915 751 2001 (a.
802 1913 977 1999 713),
1023 1918 1380 2000 epistolam,
1428 1940 1559 2001 qua
1600 1918 1981 1983 catholicam
2027 1918 2215 1981 fidem
2260 1916 2713 2000 profitebatur,
2761 1915 2969 1979 libens

588 2010 976 2105 x'suscepit,
1053 2019 1120 2078 et
1188 2015 1568 2079 Michae’lem
1644 2015 2093 2098 presbyterum
2169 2013 2349 2077 misit
2428 2012 2971 2095 Constantinopo-

362 2986 621 3038 Propagatio

374 3046 618 3118 christiani-

334 4106 456 4149 Varii
476 4108 649 4150 Missio·

662 2109 804 2186 lim,
880 2112 951 2172 ut
1021 2108 1344 2193 episcopos
1416 2112 1522 2193 qui
1589 2108 1832 2193 Synodi
1895 2116 2116 2174 sextae
2176 2109 2575 2173 damnationi
2638 2108 2970 2192 suffragati

661 2205 958 2280 fuerant,
1021 2203 1342 2270 Ecclesiae
1397 2207 1858 2271 reconciliaret.
1953 2207 2110 2271 Cum
2169 2228 2372 2270 annos
2433 2210 2677 2288 septem
2724 2210 2786 2269 et
2837 2204 2968 2268 dies

662 2301 1027 2385 quindecim
1062 2301 1524 2368 Constantinus
1572 2326 1820 2369 summo
1867 2304 2218 2368 sacerdotio
2253 2305 2515 2368 functus
2564 2306 2747 2377 esset,
2796 2323 2966 2365 anno

665 2398 790 2462 715
861 2398 961 2463 die
1037 2397 1096 2462 8.
1166 2399 1410 2482 Aprilis
1484 2401 1761 2465 excessit
1829 2423 1861 2464 e
1931 2402 2109 2464 vivis.
2228 2398 2308 2463 In
2387 2401 2524 2484 ejus
2594 2401 2803 2463 locum
2868 2397 2968 2461 die

669 2497 769 2560 19.
840 2494 999 2580 Maji
1061 2496 1392 2561 ordinatus
1466 2502 1564 2562 est
1640 2495 1994 2580 Greyorius
2044 2495 2141 2562 II.
2210 2497 2565 2574 Romanus,
2638 2495 2968 2560 Romanae

667 2593 966 2657 ecclesiae
1011 2591 1316 2658 diaconus
1363 2598 1428 2658 et
1473 2594 2023 2671 bibliothecariuS,
2081 2594 2533 2670 sanctimonia,
2592 2592 2969 2669 eruditione,

668 2693 734 2752 et
780 2711 991 2753 rerum
1036 2711 1151 2771 pro
1201 2688 1479 2754 Ecclesia
1523 2694 1852 2775 gestarum
1900 2692 2072 2754 fama
2119 2693 2343 2757 clarus·
2448 2691 2510 2753 Is
2556 2689 2722 2753 sedit
2767 2709 2969 2771 usque

667 2784 748 2849 ad
808 2806 1051 2848 annum
1116 2785 1268 2862 731,
1335 2791 1400 2850 et
1458 2788 1572 2851 sub
1625 2787 1764 2870 ipso
1812 2787 2354 2852 Iconoclastarum
2415 2786 2695 2851 haeresis
2757 2789 2969 2848 ortum

667 2880 916 2945 habuit.

848 2981 946 3043 18.
989 2979 1196 3054 Quum
1233 3000 1385 3043 vero
1427 3001 1501 3042 ea
1547 2983 1762 3042 aetate
1809 2981 2010 3064 magis
2056 2981 2402 3065 magisque
2435 2979 2753 3062 separatio
2798 2977 2972 3040 inter

667 3074 1002 3140 Orientem
1061 3080 1126 3138 et
1187 3073 1597 3139 Occidentem
1661 3097 1728 3139 se
1787 3076 2191 3146 manifestet,
2251 3082 2475 3160 atque,
2536 3075 2682 3138 dum
2744 3072 2969 3138 Orien-

662 3172 747 3236 tis
808 3171 1100 3255 potentia
1159 3171 1492 3249 decrescit,
1556 3170 1919 3237 Occidentis
1978 3173 2327 3238 invalescat
2389 3173 2569 3257 vigor
2632 3170 2974 3254 roburque,

666 3290 894 3351 operae
955 3269 1234 3351 pretium
1306 3274 1402 3332 est
1470 3269 1785 3352 quaedam
1854 3272 2124 3335 innuere
2195 3271 2272 3334 de
2340 3269 2801 3353 propagatione
2869 3266 2973 3330 ad-

666 3363 958 3429 miranda
1018 3365 1346 3447 religionis
1403 3364 1796 3430 christianae
1851 3367 2024 3431 inter
2084 3369 2398 3431 nationes
2436 3364 2823 3430 Occidentis.
2888 3399 2968 3407 —

664 3461 759 3525 De
825 3460 1101 3540 Galliae,
1178 3460 1527 3526 Hiberniae
1592 3467 1659 3527 et
1725 3463 2103 3528 Britanniae
2191 3464 2269 3527 ad
2340 3461 2754 3526 christianam
2824 3460 2971 3524 reli-

664 3559 922 3640 gionem
981 3558 1428 3635 conversione,
1486 3580 1620 3622 non
1683 3563 1780 3623 est
1837 3581 1950 3624 cur
2009 3560 2113 3624 hic
2172 3561 2355 3644 plura
2416 3558 2714 3623 dicamus.
2814 3556 2969 3622 Sae-

664 3655 808 3719 culo
884 3654 1160 3737 septimo
1234 3655 1556 3719 mediante
1632 3657 1703 3719 in
1778 3657 1921 3721 istis
1994 3657 2243 3740 populis
2321 3655 2545 3739 religio
2622 3654 2974 3719 christiana

665 3751 927 3815 omnino
995 3752 1331 3836 regnabat.
1418 3751 1566 3816 Jam
1640 3753 2049 3836 praecedenti
2116 3752 2366 3836 quidem
2436 3757 2753 3834 tempore,
2820 3750 2972 3815 inde

665 3852 704 3911 a'
751 3848 1003 3912 saeculo
1063 3847 1322 3931 quinto,
1382 3849 1577 3912 etiam
1635 3850 1707 3913 in
1752 3849 2026 3915 Bavaria
2089 3852 2154 3913 et
2202 3848 2470 3912 Austria
2520 3847 2748 3931 religio
2808 3846 2973 3911 chri-

665 3943 878 4008 stiana
943 3949 1297 4027 propagata
1362 3948 1489 4020 est;
1557 3945 1668 4009 sed
1731 3946 2111 4029 praesertim
2164 3945 2420 4010 saeculo
2475 3941 2626 4007 VH.
2695 3944 2974 4007 maxima

667 4039 883 4104 eadem
930 4040 1205 4123 suscepit
1250 4040 1667 4106 incrementa.
1760 4040 2031 4107 Saeculo
2061 4041 2208 4107 VII.
2256 4041 2553 4106 videlicet
2596 4062 2729 4105 non
2787 4041 2973 4123 pauci

665 4135 1056 4200 missionarii
1104 4158 1138 4200 e
1181 4136 1550 4215 Britannia,
1609 4137 1824 4205 Scotia
1872 4144 1938 4204 et
1983 4139 2300 4204 Hibernia
2353 4139 2423 4201 in
2473 4137 2637 4205 ,alias
2680 4137 2974 4221 regiones
