3270 5028
694 411 766 462 20
1370 450 1373 453 -
1425 411 1506 464 De
1544 410 1759 465 haeresi
1798 409 2278 466 Iconoclastarum.

698 552 824 616 alia
892 550 1123 634 quibus
1195 551 1472 616 maxime
1537 573 1612 614 ea
1680 554 2206 634 proponebantur
2268 552 2594 636 dogmata,
2664 573 2781 634 per
2839 573 3005 635 quae

697 649 869 712 inter
939 649 1411 730 persecutiones
1484 652 1549 711 et
1622 648 1907 730 pericula
1973 650 2143 713 illius
2212 649 2443 713 aetatis
2507 647 2792 712 fidelium
2861 669 3005 731 spes

695 744 1059 822 fovebatur,
1117 745 1447 827 animique
1493 744 1924 827 erigebantur.
2017 744 2156 819 Nec
2200 750 2418 809 tamen
2475 746 2707 809 desunt
2755 765 2832 808 ex
2876 744 3006 808 illis

695 841 965 905 saeculis
1031 841 1658 923 repraesentationes
1732 863 1985 925 quoque
2052 841 2424 921 historicae,
2463 841 2597 903 .uti
2660 843 3005 905 annuntia-

697 937 896 1001 tionis
944 936 1017 1000 B.
1068 936 1310 1000 Mariae
1357 934 1648 1021 Virginis
1703 937 2221 1022 adorationisque
2277 958 2635 1021 magorum,
2688 937 2792 999 vel
2851 938 3006 1000 ima-

696 1033 879 1117 gines
929 1033 1277 1117 Deiparae,
1341 1040 1711 1097 sanctorum
1777 1034 2229 1117 Apostolorum
2294 1034 2470 1098 Petri
2535 1036 2602 1097 et
2649 1032 2834 1097 Pauli
2896 1055 3003 1096 va-

697 1130 1067 1214 riorumque
1130 1134 1505 1213 martyrum.
1619 1131 1970 1195 Posteriori
2033 1135 2320 1214 tempore
2384 1126 3010 1211 repraesentationes

696 1222 849 1289 illae
921 1224 1267 1290 historicae
1347 1229 1564 1310 potius
1641 1249 1759 1290 usu
1835 1228 2302 1310 frequentiores
2383 1226 2680 1302 fuerunt,
2766 1226 2861 1289 ita
2931 1231 3008 1290 ut

696 1328 836 1386 tum
906 1328 1168 1387 eventus
1230 1325 1423 1398 sacri,
1490 1330 1627 1387 tum
1685 1345 1993 1407 personae
2057 1323 2532 1387 exhiberentur.
2641 1320 3008 1386 Pictoribus

697 1426 916 1485 autem
991 1420 1199 1503 quoad
1270 1421 1623 1504 imaginum
1702 1443 1884 1485 usum
1965 1421 2250 1505 antiquis
2325 1421 2719 1503 temporibus
2796 1423 3010 1483 certae

696 1521 882 1581 erant
929 1516 1282 1580 servandae
1327 1517 1617 1601 regulae,
1672 1517 1753 1581 ab
1810 1517 2214 1581 ecclesiarum
2270 1516 2649 1599 praepositis
2702 1515 3008 1599 praescri-

696 1620 864 1697 ptae.
959 1613 1141 1676 Inter
1199 1612 1314 1676 has
1360 1635 1513 1677 vero
1574 1614 1830 1697 regulas
1880 1614 2076 1676 etiam
2142 1635 2216 1676 ea
2273 1618 2561 1696 tempore
2621 1613 3006 1695 persecutio-

695 1732 849 1773 num
915 1709 1143 1774 merito
1216 1713 1510 1774 censetur
1577 1710 1804 1787 fuisse,
1875 1709 2192 1793 imagines
2248 1730 2487 1782 sacraS,
2563 1731 2643 1773 ne
2708 1709 3005 1792 profana-

696 1806 859 1869 tioni
919 1810 1319 1889 paganorum
1380 1810 1890 1888 exponerentur,
1959 1805 2394 1890 depingendas
2454 1805 2673 1888 potius
2735 1826 2874 1868 esse
2935 1805 3001 1868 in

697 1903 1134 1965 subterraneis
1181 1903 1419 1985 cryptis
1466 1901 1711 1985 hasque
1758 1903 1993 1966 eisdem
2041 1904 2386 1980 ornandaS,
2433 1901 2604 1965 haud
2644 1923 2793 1966 vero
2840 1902 3008 1985 ipsas

698 1999 993 2062 ecclesias
1060 2004 1123 2062 et
1188 1999 1470 2063 oratoria
1532 1998 1827 2063 omnibus
1890 2001 2127 2082 pervia.
2235 1999 2455 2082 Atque
2518 1999 2644 2063 huc
2707 1999 3008 2082 pertinet,

697 2099 1016 2177 quantum
1074 2095 1547 2176 existimamus,
1607 2100 1800 2159 notus
1860 2097 1969 2159 ille
2032 2118 2239 2160 canon
2291 2094 2530 2160 XXVI.
2586 2094 2837 2158 concilii
2901 2094 3006 2157 El-

695 2192 967 2255 virensis
1043 2216 1099 2256 a.
1173 2193 1298 2255 306
1377 2193 1608 2256 habiti:
1690 2190 1964 2255 Placuit
2026 2190 2331 2272 picturas
2404 2190 2479 2256 in
2553 2189 2812 2255 ecclesia
2878 2209 3008 2253 esse

695 2307 830 2352 ‘non
883 2287 1130 2366 debere,
1194 2307 1276 2351 rie
1331 2286 1500 2368 quod
1563 2286 1799 2351 colitur
1858 2291 1919 2351 et
1980 2286 2298 2352 adoratur
2353 2287 2426 2352 in
2471 2286 2840 2369 parietibus
2904 2285 3003 2349 de·

686 2383 1028 2466 pinqatur.
1137 2384 1339 2460 Quem
1400 2406 1706 2448 canonem
1758 2386 1915 2448 varii
1981 2391 2273 2450 auctores
2342 2387 2516 2449 vario
2580 2384 2766 2448 modo
2825 2404 3009 2466 expo·

696 2479 976 2565 suerezl)
1033 2481 1293 2566 quidam
1338 2504 1490 2547 vero
1537 2487 1963 2559 censuerunt,
2026 2482 2241 2546 eodem
2299 2482 2626 2566 prohiberi
2675 2480 3007 2565 imagineS,

697 2600 780 2641 ne
827 2579 1040 2642 fideles
1087 2578 1155 2642 in
1188 2578 1620 2643 idololatriam
1652 2579 2118 2643 relaberentur.
2194 2578 2319 2643 Sed
2367 2580 2562 2643 talem
2594 2578 2764 2642 haud
2810 2578 3007 2640 fuisse

698 2680 978 2740 mentem
1023 2674 1347 2739 Ecclesiae
1408 2697 1487 2739 ex
1549 2676 2068 2758 frequentissimo
2117 2699 2235 2740 usu
2295 2676 2683 2761 imaginum,
2751 2675 2840 2737 uti
2905 2674 3005 2736 in·

696 2773 986 2854 nuimuS‚
1043 2772 1308 2837 omnino
1352 2772 1709 2857 colligitur3
1767 2773 2093 2855 aptissime
2139 2795 2290 2837 vero
2337 2773 2458 2836 iste
2507 2793 2714 2835 canon
2762 2792 2836 2835 eo
2879 2792 3006 2853 quo

696 2867 968 2932 diximus
1017 2869 1222 2933 modo
1283 2865 1717 2952 explicatur.²)
1825 2866 1895 2933 Si
1958 2890 2106 2933 vero
2169 2869 2337 2933 forte
2393 2892 2524 2933 non
2584 2868 2840 2951 penitus
2899 2866 3007 2929 de·-

697 2964 966 3029 fuerunt
1012 2966 1183 3029 inter
1239 2966 1540 3049 antiquos
1595 2965 1847 3042 fideles,
1910 2966 2020 3049 qui
2084 2967 2608 3049 pertimescentes
2651 2964 3007 3048 periculum

698 3061 1036 3126 affinitatis
1094 3084 1237 3126 cum
1300 3062 1475 3126 cultu
1537 3062 2053 3140 simulacrorum,
2117 3066 2506 3147 exaggerato
2566 3060 2816 3124 cuidam
2878 3060 3007 3142 spi-

697 3159 1055 3222 ritualismo
1118 3160 1387 3223 nimium
1449 3180 1515 3223 se
1572 3160 1802 3223 darent
1860 3166 1924 3224 et
1975 3160 2174 3223 cultui
2237 3160 2585 3243 imaginum
2643 3179 2777 3222 non
2833 3156 3008 3221 fave-

697 3259 865 3332 rent,
913 3255 1063 3320 inde
1107 3256 1355 3319 nullum
1400 3255 1858 3338 praejudicium
1905 3262 2127 3320 contra
2174 3278 2356 3320 usum
2404 3259 2470 3319 et
2517 3254 2761 3318 cultum
2795 3274 3008 3318 sacra-

698 3373 841 3415 rum
887 3352 1243 3435 imaginum
1292 3352 1576 3433 depromi
1625 3358 1859 3435 potest.

873 3511 977 3575 23.
1047 3509 1208 3573 Inde
1276 3531 1314 3573 a
1390 3509 1789 3591 temporibus
1860 3508 2311 3589 Constantini,
2389 3531 2586 3592 quum
2656 3508 3007 3573 Christiani

696 3627 849 3689 pace
895 3606 1147 3671 reddita
1204 3605 1577 3690 magnificas
1633 3610 2050 3686 exstruerentv
2096 3605 2428 3680 basilicas,
2492 3605 2571 3669 ad
2620 3626 2853 3689 easque
2900 3626 3008 3669 ex-

697 3703 1017 3768 ornandas
1076 3726 1206 3769 non
1261 3701 1642 3766 mediocrem
1697 3700 2145 3784 impenderent
2193 3723 2441 3779 curam,
2507 3703 2897 3786 etiamgusus
2944 3707 3008 3766 et

879 3976 918 4040 ¹)
961 3976 1068 4030 Cfr.
1105 3976 1297 4032 Hefele
1336 3978 1392 4032 C.
1432 3977 1494 4031 G.
1535 3976 1600 4030 B.
1639 3977 1682 4028 I.
1722 3974 1769 4044 ξ.
1812 3977 1903 4041 13;
1943 3976 2359 4045 Hergenrother
2393 3976 2461 4029 K.
2503 3975 2568 4030 G.
2610 3977 2673 4029 B.
2713 3977 2756 4029 Ι.
2794 3976 2845 4031 S.
2886 3978 3007 4031 190.

874 4055 917 4122 2)
955 4056 1066 4109 Cfr.
1103 4056 1164 4111 F.
1200 4057 1267 4109 X.
1306 4057 1485 4111 Kraus
1501 4099 1515 4123 ,
1562 4054 2065 4124 Realencyclopa‘die
2113 4054 2209 4109 der
2247 4053 2600 4109 christlichen‘
2619 4055 3010 4124 Alterthi‘tmer„

700 4133 905 4203 (1880),
941 4135 1059 4188 Art.
1097 4134 1372 4189 Biblische
1407 4129 1860 4203 Darstellungen,
1900 4140 1957 4190 et
1993 4134 2404 4201 Bildercyclus.v
