3270 5028
660 461 759 512 192
1206 457 1289 511 De
1325 453 1557 523 Imperio
1593 459 1652 508 et
1687 455 1755 507 de
1790 453 2042 508 Ecclesia
2080 469 2221 508 saec.
2257 469 2419 508 non0.

656 598 1006 664 secundum
1045 598 1325 663 Graecos
1343 594 1683 680 peccatrix
1713 599 1773 660 et
1804 593 2169 661 temeraria.
2239 592 2690 676 Objuryabant
2725 592 2976 675 Graeci

657 716 855 776 mare,
903 694 1434 777 imprecabantur
1477 696 1774 776 aequori,
1827 695 1984 778 plus
2013 694 2200 776 justo
2245 690 2588 770 mirantes,
2646 711 2764 755 cur
2811 710 2969 771 pec-

660 797 876 859 catum
937 792 1107 858 illud
1166 797 1430 874 portare
1481 794 1801 875 potuerit3
1874 813 1993 857 cur
2037 791 2297 874 fretum
2351 786 2680 853 dehiscens
2737 787 2969 852 ‘navim

658 911 790 955 riori
837 888 1256 954 absorbuerit.
1324 888 1816 971 Imperatorem,
1860 888 2194 970 inquiunt,
2239 886 2674 951 universalem
2717 884 2968 949 Roma-

658 1007 920 1066 norum,
996 986 1372 1070 Auqustum
1439 1005 1749 1068 magnum
1763 1036 1781 1067 ,
1853 986 2059 1051 solum
2122 983 2561 1067 Nicephorum
2630 981 2974 1065 scripsisse

667 1083 1084 1164 Graecorum,
1133 1083 1454 1148 homiuem
1502 1083 1840 1165 quemdam
1890 1081 2269 1162 barbarum,
2302 1100 2677 1164 pauperem,
2720 1079 2974 1143 Roma-

659 1201 894 1246 norum
940 1201 1072 1245 ‘non
1108 1179 1348 1263 piquit.
1444 1179 1496 1242 O
1541 1179 1801 1261 coelum,
1849 1202 1884 1245 o
1932 1183 2128 1258 terra,
2175 1201 2210 1244 o
2254 1177 2476 1243 mare!
2490 1176 2541 1262 ¹)

1767 1542 1862 1609 H.

659 1673 801 1736 De
848 1670 1541 1751 Pontificibus
1597 1677 1686 1735 et
1728 1671 2540 1750 Imperatorious
2587 1674 2979 1736 saeculi

1673 1770 2018 1834 noni.

835 1949 940 2014 28.
1017 1948 1334 2013 Enarrata
1402 1951 1820 2015 institutione
1888 1949 2151 2034 Imperii
2226 1952 2390 2015 sacri
2457 1951 2733 2016 Romani
2798 1954 2974 2034 ejus-

660 2067 786 2129 que
863 2045 1184 2129 delineata
1258 2052 1527 2125 natura,
1612 2052 1689 2111 ut
1776 2069 1990 2110 rerum
2081 2048 2647 2113 ecclesiasticarum
2722 2051 2968 2111 statum

660 2143 924 2226 quinam
986 2142 1189 2234 fuerit
1252 2144 1509 2207 saeculo
1584 2165 1759 2206 nono
1832 2146 2192 2209 accuratius
2245 2145 2720 2220 'describamuffi
2799 2143 2976 2207 Pon-

657 2240 900 2303 tificum
975 2243 1041 2302 et
1107 2237 1573 2322 Imperatorum
1646 2239 1870 2303 seriem
1945 2245 2011 2304 et
2082 2246 2269 2326 gesta
2339 2242 2619 2305 breviter
2692 2262 2973 2305 comme-

658 2356 908 2400 morare
968 2336 1288 2400 convenit.
1397 2336 1784 2400 Praesertim
1852 2358 2001 2401 vero
2065 2337 2184 2402 hac
2244 2338 2313 2402 in
2376 2360 2446 2401 re
2507 2336 2972 2401 advertendum

660 2437 783 2508 est,
840 2432 1062 2517 quales
1124 2433 1370 2496 fuerint
1426 2433 1896 2516 Imperatorum
1960 2437 2024 2497 et
2083 2432 2473 2499 Pontificum
2542 2432 2829 2517 (Imperii
2904 2437 2976 2497 et

660 2529 1034 2609 Sacerdotii)
1096 2530 1658 2617 mEAEUi.AE}h{ssQS‚
1724 2553 1835 2594 seu
1902 2532 2272 2597 concordiae
2333 2533 2437 2595 vel
2502 2531 2746 2596 dissidii
2802 2532 2968 2594 rela-

658 2629 888 2692 tioneS.
1010 2626 1169 2691 Inde
1238 2627 1410 2690 enim
1478 2649 1592 2709 per
1659 2629 1911 2692 saecula
1979 2650 2140 2712 quae
2216 2635 2581 2712 sequuntur
2647 2627 2978 2692 Ecclesiae

661 2728 730 2789 et
784 2724 1111 2787 societatis
1167 2723 1556 2787 christianae
1615 2725 1787 2787 salus
1844 2729 1910 2788 et
1972 2726 2360 2808 prosperitas
2406 2725 2673 2788 multum
2734 2723 2967 2807 depen-

661 2823 914 2887 derunt.
986 2855 1069 2865 -—
1134 2819 1349 2884 Facile
1406 2825 1618 2884 autem
1679 2820 1882 2897 videS‚
1944 2844 2143 2905 quum
2203 2826 2391 2886 tanta
2449 2842 2797 2903 regnorum
2858 2843 2971 2904 po·

355 2923 480 2965 Unde
508 2923 616 2977 peri-
662 2922 862 2983 testas
937 2938 1313 3001 summaque
1387 2917 1648 2999 Imperii
1725 2916 2007 3001 dignitas
2081 2919 2193 2981 uni
2262 2918 2640 3000 Imperatori
2717 2918 2973 3001 propria

427 2985 537 3027 ‘mla'
663 3021 904 3092 essent,
957 3013 1108 3078 inde
1157 3035 1297 3078 eum
1343 3014 1625 3098 potuisse
1679 3017 1900 3097 petere
1947 3014 2371 3097 occasionem,
2436 3018 2510 3078 ut
2557 3035 2756 3096 quum
2804 3015 2979 3077 esset

664 3112 984 3177 Ecclesiae
1054 3112 1358 3175 defensor
1423 3132 1496 3174 ac
1563 3112 1920 3193 protector,
1996 3110 2267 3174 nimium
2343 3109 2655 3175 dominari
2722 3109 2974 3174 adnite-

663 3216 859 3274 retur.
952 3208 1171 3292 Atque
1217 3209 1413 3272 etiam
1461 3207 1574 3270 illa
1628 3229 1926 3289 suprema
1972 3208 2321 3271 auctoritas
2368 3208 2746 3290 imperialis,
2808 3229 2978 3291 quae

664 3307 735 3370 in
797 3305 1110 3370 ditionem
1174 3326 1428 3388 quoque
1489 3303 1850 3367 Romanam
1917 3309 1982 3368 et
2041 3303 2284 3369 Urbem
2358 3326 2494 3369 sese
2560 3303 2980 3379 extendebat,

666 3425 744 3466 ex
803 3405 1041 3465 natura
1103 3422 1248 3479 sua,
1325 3423 1522 3484 quum
1581 3403 1734 3484 jura
1796 3401 1967 3465 baud
2024 3406 2248 3465 essent
2311 3407 2603 3466 accurate
2673 3401 2975 3466 determi-

665 3503 848 3575 nata,
917 3519 1139 3562 ansam
1210 3497 1588 3581 praebebat,
1659 3501 1734 3560 ut
1798 3498 2225 3580 Imperatores
2292 3503 2679 3582 potestatem
2748 3520 2980 3581 quam-

666 3597 810 3660 dam
883 3592 1367 3657 immoderatam
1436 3595 1503 3657 in
1574 3592 1752 3657 Urbe
1815 3594 1936 3658 sibi
2004 3595 2438 3671 vindicarent,
2516 3617 2681 3678 quae
2751 3594 2978 3659 Ponti-

665 3692 888 3755 ficibus
961 3691 1233 3754 molesta
1303 3695 1500 3766 esset,
1578 3712 1797 3753 eorum
1866 3689 2293 3773 principatum
2368 3691 2618 3755 civilem
2691 3695 2981 3757 coarcta-

584 3831 587 3836 ·
666 3792 798 3866 ret,
861 3792 926 3851 et
969 3788 1258 3851 libertati
1305 3786 1624 3852 Ecclesiae
1682 3787 1851 3852 foret
1893 3787 2189 3869 periculo,
2285 3786 2658 3851 Generatim
2718 3786 2978 3871 quidem

669 3885 917 3949 saeculo
983 3906 1151 3948 nono
1211 3906 1334 3968 pax
1394 3884 1566 3948 inter
1627 3881 2066 3948 Sacerdotium
2128 3886 2195 3946 et
2250 3883 2594 3967 Imperium
2663 3884 2981 3957 constitit,

852 4108 894 4175 ¹)
940 4108 1263 4177 Luitprandi
1310 4110 1546 4178 Legatio
1600 4110 1670 4164 ad
1714 4109 2077 4177 Nicephorum
2121 4109 2377 4163 Phocam.
2468 4109 2792 4177 Luitprandi
2839 4109 2984 4178 Opp.

670 4204 721 4255 p.
764 4189 892 4255 152;
931 4187 1061 4242 edit.
1099 4190 1364 4257 Antverp.
1404 4205 1452 4242 a.
1492 4191 1650 4243 1640.
