3270 5028
666 478 768 529 132
1186 477 1334 530 XIV.
1373 477 1456 532 De
1495 477 1647 532 civili
1682 478 1748 530 R.
1785 478 2071 532 Pontificis
2107 479 2435 547 principatu.

661 618 816 701 cipi,
885 622 958 682 ul:
988 642 991 646 ’
1024 621 1284 683 sanctae
1334 617 1483 683 Sedi
1538 642 1645 684 eas
1714 621 2141 703 possessiones
2186 621 2554 686 vindicaret.
2656 621 2817 705 Ipsi,
2888 631 2966 687 ut

660 713 946 791 videtur,
1007 720 1458 798 speraverant,
1518 717 1962 799 negotiatione
2021 716 2293 800 quadam
2350 718 2609 800 pacifica
2663 740 2808 782 cum
2858 719 2963 782 Pi-

659 812 814 895 pino
875 815 941 875 et
984 809 1459 894 Longobardis‚
1523 834 1596 875 ac
1654 812 1939 894 pecuniis
1988 812 2183 892 datis,
2241 814 2309 877 in
2364 814 2651 878 favorem
2700 815 2965 898 Imperii

661 909 880 973 omnia
939 907 1146 971 adhuc
1207 930 1390 990 posse
1451 908 1721 991 disponi.
1813 907 1908 972 Et
1972 907 2329 974 adhaerens
2388 910 2801 995 (adjungens)
2871 909 2966 974 eis

660 1002 932 1069 missum
994 1002 1400 1085 Apostolicae
1469 1002 1682 1084 Sedis,
1764 1024 1867 1068 eos
1932 1005 2006 1069 in
2075 1004 2433 1070 Franciam
2506 1004 2605 1070 ire
2673 1005 2962 1072 absolvit.

664 1099 793 1180 Qui
857 1103 1199 1182 perqentes
1272 1099 1531 1165 marino
1605 1100 1844 1165 itinere
1914 1101 2300 1182 quantocius
2371 1102 2742 1167 Massiliam
2809 1123 2961 1185 per·

657 1201 1006 1262 venerunt:
1061 1195 1137 1260 in
1182 1216 1378 1277 quam
1422 1196 1856 1280 inyredientes
1909 1198 2303 1278 didicerunt,
2353 1199 2503 1280 jam
2535 1232 2538 1235 ‡
2546 1199 2962 1281 praedictum

658 1293 1067 1359 Francorum
1105 1313 1317 1373 reyem
1350 1294 1930 1377 Lonqobardorum
1973 1295 2135 1375 fines
2176 1294 2393 1377 fuissev
2413 1295 2799 1378 inyressum,
2846 1296 2958 1361 ad-

656 1390 1080 1473 impleturum
1134 1409 1238 1469 ea,
1296 1410 1461 1471 quae
1506 1390 1765 1472 pridem
1822 1390 1999 1455 beato
2043 1391 2239 1456 Petro
2299 1394 2361 1455 et
2412 1391 2642 1457 domno
2690 1395 2958 1475 Aposto-

658 1487 781 1552 lico‘
824 1486 899 1551 de
943 1486 1136 1551 rebus
1181 1485 1474 1551 ecclesiae
1520 1487 1861 1553 Romanae
1905 1488 1985 1553 ab
2034 1486 2382 1571 Aistulpho
2436 1488 2768 1554 distractis
2802 1511 2957 1572 pro-

657 1584 942 1649 miserat.
999 1621 1083 1629 --
1130 1606 1182 1648 c.
1229 1585 1332 1647 44.
1425 1584 1607 1648 Haec
1668 1589 2106 1668 coynoscentes
2160 1584 2292 1667 ipsi
2353 1584 2721 1667 imperiales
2774 1586 2959 1651 missi

657 1680 876 1746 tristes
922 1679 1129 1763 effecti
1171 1678 1553 1749 nitebantur
1597 1680 1739 1745 dolo
1776 1681 2059 1747 detinere
2100 1681 2440 1746 Massiliae
2481 1681 2753 1747 missum
2784 1682 2958 1765 Apo-

656 1777 915 1842 stolicae
961 1776 1174 1852 Sedis,
1233 1780 1310 1841 ut
1362 1775 1627 1842 minime
1682 1778 1768 1843 ad
1809 1778 2222 1861 praedictum
2279 1798 2491 1859 reyem
2538 1784 2757 1860 posset
2801 1801 2954 1861 pro-

645 1894 909 1957 perare,
987 1873 1351 1956 affliqentes
1427 1894 1571 1938 eum
1647 1873 1873 1939 valide.
1949 1912 2024 1920 -
2102 1875 2422 1941 Videlicet
2498 1876 2823 1942 Massiliae
2894 1879 2954 1939 id

655 1973 1100 2037 confirmatum
1170 1971 1422 2048 fuerat,
1501 1973 1674 2055 quod
1742 1972 2108 2049 audierant,
2184 1973 2399 2056 Pipini
2474 1980 2752 2057 scopum
2804 1996 2961 2056 esse,

657 2072 731 2137 ut
790 2069 859 2132 in
923 2067 1257 2133 Pontificis
1319 2073 1385 2132 et
1449 2065 1768 2132 Ecclesiae
1828 2069 2110 2134 favorem
2188 2069 2600 2135 exarchatum
2672 2070 2956 2153 aliasque

656 2167 948 2231 civitates
1014 2170 1313 2247 suscepto
1377 2164 1543 2228 bello
1608 2164 2051 2249 Longobardis
2119 2167 2409 2249 eriperet.
2524 2166 2669 2230 Jam
2741 2168 2955 2231 admo-

656 2263 806 2326 dum
874 2261 1162 2339 solliciti,
1235 2260 1498 2325 student
1568 2261 1855 2326 detinere
1930 2265 2217 2343 legatum
2282 2260 2463 2326 Sedis
2499 2263 2959 2346 VApostolicae,

659 2381 738 2422 ne
801 2359 1114 2423 influxum
1186 2379 1477 2421 exercere
1542 2359 1749 2440 possit
1812 2359 1877 2422 in
1928 2359 2257 2442 Pipinum‚
2321 2359 2448 2441 ipsi
2504 2380 2653 2422 vero
2718 2381 2955 2423 conan-

654 2460 763 2521 tur
809 2479 847 2521 a
890 2458 1181 2540 suscepto
1229 2455 1493 2521 consilio
1538 2476 1757 2539 regem
1808 2455 2147 2521 dimovere.
2192 2491 2276 2500 ·--
2325 2453 2452 2520 Sed
2493 2453 2962 2520 interveniente

660 2554 836 2618 beato
896 2551 1091 2616 Petro
1157 2550 1611 2633 Apostolorum
1677 2550 1986 2635 Principe
2049 2572 2270 2616 eorum
2335 2550 2571 2628 callida
2636 2551 2722 2616 ad
2783 2550 2955 2615 nihi-

632 2650 793 2716 .lum
855 2649 1118 2713 redacta
1176 2652 1269 2712 est
1333 2648 1641 2714 versutia.
1750 2647 1987 2730 Itaque
2048 2668 2221 2713 unus
2280 2669 2359 2713 ex
2425 2648 2587 2731 ipsis
2649 2647 2955 2730 imperia-

661 2746 829 2812 libus
899 2744 1142 2824 missis,
1223 2744 1582 2827 Greqorius
1657 2743 1950 2809 videlicet
2022 2744 2489 2822 Protosecreta,
2566 2744 2959 2826 praecedens

360 2847 503 2899 Pipini
531 2857 597 2887 10·
661 2842 1062 2927 Apostoli-cae
1114 2839 1304 2907 ‘Sedis
1361 2841 1631 2906 missum
1694 2840 1982 2906 celeriter
2032 2841 2610 2925 praenominatum
2666 2840 2953 2906 Franco·

376 2922 594 2962 smmum
656 2962 807 3007 rum
852 2944 1184 3005 assecutus
1228 2942 1322 3002 est
1365 2959 1612 3021 reyem:
1672 2936 1856 3020 quem
1891 2938 2040 3021 jam
2083 2938 2157 3003 in
2206 2937 2450 3017 finibus
2497 2936 2954 3021 Lonyobardo-

655 3060 805 3106 rum
866 3058 999 3103 non
1039 3035 1275 3119 procul
1334 3055 1375 3099 a
1435 3034 1654 3117 Papia
1713 3035 1955 3119 reperit
2015 3033 2289 3100 civitate.
2396 3033 2489 3098 Et
2548 3033 2748 3098 nimis
2809 3053 2953 3097 eum

655 3136 1030 3218 deprecans,
1088 3131 1464 3215 imperialia
1519 3130 1755 3196 tribuit
1805 3152 2080 3204 munera
2136 3136 2329 3212 atque
2377 3130 2580 3212 plura
2638 3129 2956 3212 spondens

655 3231 954 3315 roqabat,
1020 3234 1097 3296 ut
1154 3228 1648 3294 Ravennatium
1709 3227 1932 3293 urbem
1994 3227 2091 3291 vel
2153 3230 2436 3292 caeteras
2496 3226 2778 3308 ejusdem
2842 3246 2952 3288 ex-

654 3327 965 3394 archatus
1011 3325 1303 3391 civitates
1348 3330 1407 3389 et
1453 3329 1670 3390 castra
1715 3323 2046 3406 imperiali
2091 3323 2449 3389 concederet
2489 3322 2741 3387 ditioni.
2828 3321 2956 3386 Sed

648 3444 1065 3510 nequaquam
1095 3422 1309 3488 valuit
1350 3420 1801 3502 firmissimum
1836 3421 1985 3503 jam
2026 3420 2160 3503 fati
2191 3418 2726 3484 christianissimi
2761 3423 2957 3500 atque

657 3518 1106 3604 beniqnissimi
1146 3518 1355 3599 fidelis
1401 3518 1534 3583 Dei
1579 3522 1644 3582 et
1686 3516 2001 3583 amatoris
2048 3516 2216 3580 beati
2248 3516 2433 3580 Petri
2472 3514 2782 3597 Apostoli,
2829 3513 2953 3579 sci-

656 3619 801 3684 licet
845 3615 1128 3699 antefati
1172 3614 1404 3699 Pipini
1445 3614 1859 3681 Francorum
1906 3612 2078 3696 reyis
2126 3611 2449 3677 inclinare
2497 3633 2633 3691 cor,
2694 3616 2768 3675 ut
2814 3630 2953 3675 eas-

654 3716 795 3781 dem
859 3713 1152 3779 civitates
1213 3717 1274 3777 et
1337 3711 1472 3776 loca
1533 3710 1866 3794 imperiali
1936 3710 2247 3774 tribueret
2313 3709 2550 3773 ditioni
2565 3728 2590 3788 ,·
2659 3728 2956 3773 asserens

652 3812 853 3878 isdem
900 3810 1033 3874 Dei
1068 3810 1277 3875 cultor
1321 3808 1710 3874 mitissimus
1754 3827 1901 3885 rex,
1961 3806 2148 3871 nulla
2199 3804 2470 3888 penitus
2513 3804 2769 3869 ratione
2816 3824 2950 3869 eas-

654 3910 795 3974 dem
859 3907 1152 3973 civitates
1207 3926 1248 3971 a
1293 3910 1611 3990 potestate
1672 3903 1840 3968 beati
1900 3902 2085 3967 Petri
2144 3907 2204 3967 et
2253 3903 2414 3985 jure
2473 3900 2767 3965 ecclesiae
2822 3899 2952 3964 Ro-

653 4026 886 4072 manae
937 4004 1036 4069 vel
1086 4002 1424 4084 Pontificis
1468 4000 1873 4084 Apostolicae
1919 3998 2104 4064 Sedis
2160 3997 2595 4081 quoquomodo
2652 3996 2952 4061 alienari.

656 4102 1023 4187 Affirmans
1084 4100 1280 4166 etiam
1336 4099 1452 4164 sub
1500 4099 1883 4181 juramento
1896 4146 1913 4177 ,
1977 4096 2145 4178 quod
2186 4117 2310 4180 per
2352 4094 2606 4161 nullius
2639 4092 2955 4180 *hominis

600 4279 615 4286 a
649 4202 942 4284 favorem
987 4218 1119 4263 sese
1163 4194 1507 4262 certamini
1549 4193 1811 4277 saepius
1844 4192 2133 4274 dedisset,
2178 4192 2311 4258 nisi
2348 4213 2475 4274 pro
2520 4209 2737 4255 amore
2784 4188 2952 4253 beati
