3270 5028
1092 413 1391 468 Concilium
1427 414 1476 466 N
1479 414 1726 469 icaenum
1764 416 1836 469 Π.
2550 417 2618 468 57

489 555 586 619 66.
654 554 729 618 In
799 556 1338 640 subsequentibus
1408 555 1677 621 Concilii
1744 558 2164 634 sessionibuS,
2240 566 2313 621 ut
2388 555 2623 621 Patres
2709 556 2712 559 ’

308 652 754 729 ostenderent,
815 653 1002 717 fidem
1049 653 1425 717 catholicam
1471 651 1548 715 de
1593 654 1769 717 cultu
1829 654 2182 737 imaginum
2228 653 2622 717 conformem

307 770 445 812 esse
511 748 842 813 doctrinae
919 771 1136 813 sacrae
1205 747 1571 831 Scripturae
1632 753 1697 813 et
1761 747 2186 825 TraditioniS‚
2265 749 2470 814 multa
2542 770 2621 812 ex

307 845 503 910 sacris
558 843 832 910 Litteris
889 851 954 910 et
1005 846 1303 910 Patribus
1358 847 1607 928 prolata
1670 853 1825 910 sunt
1883 845 2260 910 testimonia
2317 845 2396 909 ad
2452 867 2622 911 com-

304 942 705 1025 probandum
740 943 1094 1027 imaginum
1127 942 1390 1006 cultum.
1455 941 1895 1006 Anathemate
1943 942 2176 1006 confixi
2206 947 2361 1006 sunt
2393 942 2622 1008 Icono-

304 1039 563 1115 clastae,
614 1042 679 1102 et
711 1039 1062 1123 proscripta
1089 1037 1258 1103 Acta
1287 1038 1757 1121 pseudosynodi
1789 1039 1943 1102 anni
1978 1040 2123 1102 754.
2192 1038 2467 1103 Actione
2494 1039 2621 1103 VII

303 1157 418 1200 sex
463 1135 912 1218 praecedentia
958 1135 1246 1200 Concilia
1291 1136 1697 1199 oecumenica
1743 1136 2120 1199 confirmata
2166 1140 2350 1211 sunt,
2398 1140 2465 1201 et
2509 1136 2614 1200 de-

302 1231 591 1312 finitum,
665 1232 857 1297 sacris
934 1231 1324 1316 imaginibus
1400 1231 1806 1297 honorariam
1879 1233 2396 1305 venerationem,
2483 1255 2619 1297 non

302 1334 526 1392 tamen
568 1350 782 1392 veram
844 1329 1128 1406 latriam,
1193 1349 1328 1393 esse
1389 1328 1821 1392 tribuendam.
1923 1325 2054 1391 His
2114 1326 2212 1392 ita
2272 1347 2337 1391 se
2382 1326 2618 1392 haben·

302 1422 505 1503 tibus,
570 1425 785 1509 inquit
830 1425 1154 1507 Synodus‚
1215 1422 1521 1506 reqiaque
1566 1422 1928 1488 incedentes
1972 1422 2109 1497 via,
2172 1427 2232 1488 et
2288 1428 2620 1505 sequentes

300 1519 626 1586 divinitus
694 1519 1095 1603 inspiratum
1174 1525 1550 1585 sanctorum
1624 1523 1902 1602 patrum
1964 1523 2336 1585 nostrorum
2414 1520 2619 1604 mayi·

299 1617 575 1682 sterium
652 1637 726 1681 ac
794 1617 1140 1683 catholicae
1208 1615 1626 1682 traditionem
1697 1616 2050 1696 Ecclesiae,
2127 1615 2469 1697 definimus
2543 1617 2619 1682 in

302 1713 482 1779 omni
544 1712 932 1778 certitudine
995 1735 1070 1779 ac
1133 1713 1506 1796 diliqentia,
1579 1712 1749 1778 sicut
1813 1713 2098 1796 fiquram
2157 1712 2479 1795 pretiosae
2544 1734 2620 1779 ac

299 1809 592 1890 vivificae
648 1810 885 1892 cruci-9,
943 1809 1042 1875 ita
1104 1808 1498 1876 venerabiles
1551 1830 1627 1874 ac
1690 1814 1951 1875 sanctas
2009 1810 2330 1892 imaqines
2382 1831 2616 1893 propo-

299 1906 577 1986 nendas,
644 1910 778 1971 tam
840 1927 1005 1988 quae
1067 1907 1142 1971 de
1206 1905 1522 1971 coloribus
1582 1911 1645 1970 et
1692 1905 1987 1985 tesselliS,
2055 1926 2250 1988 quam
2315 1926 2480 1988 quae
2539 1927 2620 1971 ex

299 2003 440 2069 alia
501 2003 782 2069 materia
842 2008 1270 2087 conqruenter
1325 2002 1397 2069 in
1445 2003 1691 2068 sanctis
1737 2002 1869 2068 Dei
1920 2002 2224 2083 ecclesiis,
2291 2008 2351 2067 et
2411 2003 2620 2068 sacris

300 2099 479 2165 vasis
532 2104 592 2165 et
648 2100 959 2180 vestibus,
1025 2105 1085 2165 et
1138 2099 1508 2184 parietibus
1553 2120 1628 2164 ac
1675 2099 1946 2179 tabulis,
2010 2099 2305 2165 domibus
2350 2104 2410 2164 et
2455 2100 2619 2180 viis,·

299 2200 437 2260 tam
480 2195 770 2261 videlicet
815 2198 1167 2281 imaqinem
1208 2196 1485 2263 Domini
1525 2195 1659 2261 Dei
1703 2200 1764 2261 et
1797 2195 2163 2262 Salvatoris
2207 2196 2420 2262 nostri
2453 2197 2616 2262 Jesu

303 2290 587 2372 Christi,
639 2315 835 2376 quam
881 2294 1306 2359 intemeratae
1350 2292 1649 2359 dominae
1692 2297 1955 2359 nostrae
2000 2298 2262 2359 sanctae
2308 2293 2441 2357 Dei
2493 2293 2616 2358 Ge·

297 2388 562 2454 nitricis
605 2390 1213 2473 honorabiliumque
1262 2390 1660 2472 anqelorum,
1709 2393 1768 2455 et
1797 2390 2088 2455 omnium
2133 2395 2508 2456 sanctorum
2556 2394 2617 2456 et

298 2485 622 2553 almorum
667 2486 980 2553 virorum.
1060 2487 1319 2568 Quanto
1361 2487 1534 2553 enim
1561 2485 1991 2570 frequentius
2024 2507 2148 2570 per
2190 2486 2613 2568 imaqinalem

294 2583 755 2665 formationem
801 2585 1136 2663 videntur,
1196 2588 1379 2651 tanto
1437 2584 1551 2667 qui
1596 2584 1717 2649 has
1759 2584 2278 2666 contemplantur
2323 2584 2616 2651 alacrius

298 2679 650 2763 eriquntnr
704 2682 792 2747 ad
840 2685 1343 2765 prototyporum
1400 2681 1778 2746 memoriam
1839 2685 1899 2746 et
1954 2680 2345 2747 desiderium
2409 2686 2470 2746 et
2526 2681 2616 2747 ad

298 2777 757 2844 salutationem
801 2784 862 2844 et
905 2778 1331 2845 honorariam
1381 2778 1826 2843 adorationem
1871 2777 1958 2842 iis
2002 2777 2427 2843 exhibendam
2480 2780 2615 2862 (καὶ

295 2876 543 2947 ταύταις
589 2878 922 2959 ἀσπασμὸν
968 2878 1075 2940 καὶ
1128 2877 1450 2959 τιμητικὴν
1494 2876 1924 2958 προσκύνησιν
1978 2873 2357 2957 ἀπονέμειν).
2459 2873 2611 2938 Non

298 2974 515 3036 tamen
560 2972 647 3038 ad
691 2993 913 3037 veram
961 2971 1228 3037 latriam
1289 2991 1452 3053 quae
1501 2971 1854 3036 secundum
1908 2970 2095 3050 sidem
2145 2975 2267 3049 est,
2323 2990 2613 3051 quaeque

296 3067 502 3134 solam
561 3068 854 3134 divinam
912 3073 1227 3142 naturam
1292 3068 1491 3146 decet,
1554 3066 2085 3149 impertiendam:
2149 3065 2246 3130 ita
2305 3070 2379 3131 ut
2442 3065 2612 3146 istis,

296 3164 467 3230 sicut
507 3165 761 3248 fiqurae
797 3164 1124 3248 pretiosae
1169 3185 1245 3229 ac
1274 3164 1565 3243 vivificae
1609 3161 1822 3228 crucis
1866 3167 1926 3226 et
1969 3161 2213 3227 sanctis
2257 3161 2612 3245 evangeliis

297 3265 358 3324 et
414 3260 687 3343 reliquis
741 3262 949 3327 sacris
1011 3260 1476 3340 monumentis,
1541 3260 1951 3325 incensorum
2012 3263 2072 3323 et
2126 3258 2451 3325 luminum
2506 3257 2608 3324 ob-

298 3356 458 3422 latio
531 3357 616 3422 ad
678 3358 917 3424 harum
991 3358 1295 3423 honorem
1363 3357 1771 3439 efficiendum
1834 3355 2243 3435 exhibeatur,
2308 3356 2609 3437 quemad·

295 3454 557 3518 modum
603 3459 664 3519 et
708 3452 1002 3535 antiquis
1049 3454 1205 3537 piae
1263 3452 1750 3519 consuetudinis
1805 3458 1962 3518 erat.
2053 3452 2380 3536 Imaqinis
2434 3453 2608 3519 enim

295 3548 504 3614 honor
547 3549 634 3615 ad
666 3554 1090 3634 prototypum
1138 3549 1399 3630 transit,
1447 3555 1508 3614 et
1553 3549 1666 3635 qui
1697 3549 1932 3615 adorat
1962 3549 2393 3634 (προσκύνων)
2442 3549 2607 3614 ima·

290 3646 538 3728 qinem,
595 3646 829 3712 adorat
872 3647 946 3713 in
992 3668 1066 3713 ea
1124 3645 1359 3729 depicti
1402 3667 1771 3729 personam.
1863 3646 1973 3712 Sic
2025 3646 2199 3711 enim
2257 3645 2457 3711 robur
2503 3646 2606 3711 ob-

297 3741 461 3808 tinet
507 3748 880 3809 sanctorum
932 3749 1200 3827 patrum
1249 3748 1623 3809 nostrorum
1668 3743 1966 3808 doctrina
1979 3763 2003 3821 ‚·
2060 3742 2131 3807 id
2187 3736 2280 3807 'est
2336 3742 2612 3807 traditio

294 3843 558 3905 sanctae
613 3839 960 3906 catholicae
1016 3839 1368 3919 Ecclesiae,
1428 3859 1592 3922 quae
1650 3860 1691 3904 a
1739 3839 1983 3920 finibus
2040 3860 2242 3920 usque
2298 3838 2382 3903 ad
2444 3838 2610 3919 fines

297 3939 511 4000 terrae
556 3936 834 4019 suscepit
878 3936 1362 4021 evanqelium.¹)

480 4145 520 4211 ¹)
557 4145 759 4211 Labbe,
797 4146 921 4199 VII.
961 4148 1080 4200 555.

2689 1248 2915 1290 Definitio.
