3270 5028
2241 282 2250 327 l

1147 419 1480 472 Convocatio
1521 417 1767 472 Concilii.
2540 418 2610 469 45

294 569 375 627 ut
431 562 512 625 ad
563 559 979 626 orthodoxiae
1038 565 1104 624 et
1160 561 1415 625 unionis
1475 561 1951 625 restitutionem
2010 560 2363 625 Concilium
2420 581 2611 644 gene-

294 660 435 723 rale
495 657 862 721 haberetur.
973 656 1360 722 Petitionem
1417 657 1584 721 hanc
1650 662 1787 721 tum
1851 657 2236 740 Imperatrix
2299 663 2440 721 tum
2502 655 2609 719 alii

294 755 557 839 plurimi
589 755 708 818 viri
754 754 1042 838 insignes
1088 754 1679 837 comprobaverunt,
1724 776 1848 838 quo
1894 754 2066 819 facto
2098 752 2402 817 Tarasius
2447 752 2612 816 festo

295 851 682 916 Nativitatis
731 850 1005 914 -Domini
1065 850 1222 914 anni
1285 850 1411 914 784
1471 852 1539 914 in
1603 850 1966 934 episcopum
2028 854 2435 915 consecratus
2495 851 2609 912 est.

296 948 603 1012 Tarasius
664 947 832 1011 forte
895 947 965 1010 in
1021 950 1163 1011 toto
1220 947 1346 1011 isto
1408 946 1673 1031 negotio
1733 945 2128 1031 disponendo
2188 968 2264 1010 ex
2320 945 2612 1010 condicto

297 1066 444 1109 eum
479 1043 895 1126 Imperatrice
942 1043 1093 1127 egit,
1142 1046 1216 1106 ut
1246 1042 1352 1106 via
1397 1049 1797 1108 sterneretur
1842 1043 1920 1107 ad
1967 1044 2215 1108 cultum
2259 1042 2612 1126 imaginum

298 1139 788 1205 restituendum.

479 1282 583 1344 50.
636 1278 728 1344 Ut
774 1280 1049 1363 primum
1096 1278 1397 1368 Tparasius
1441 1282 1868 1366 inauguratus
1917 1285 2032 1356 est,
2079 1278 2225 1343 fidei
2272 1299 2427 1341 suae
2472 1299 2614 1361 pro·
2654 1286 2845 1389 11323521510
2873 1286 2928 1329 ⁸⁴1

300 1377 648 1443 sessionem
709 1379 775 1439 et
834 1376 1148 1459 supplices
1209 1399 1324 1461 pro
1389 1376 1658 1442 Concilii
1727 1374 2118 1441 oecumenici
2181 1373 2613 1439 celebratione
2729 1360 2922 1454 Rfmssfm

298 1476 556 1538 litteras
627 1472 706 1535 ad
760 1470 1158 1536 Hadrianum
1208 1473 1258 1537 I.
1328 1472 1709 1538 Pontificem
1780 1472 2044 1548 direxit,
2112 1471 2194 1535 ab
2262 1492 2463 1554 eoque
2535 1468 2613 1534 ad

299 1569 817 1635 communionem
873 1576 972 1632 est
1030 1567 1368 1645 admissus,
1432 1572 1724 1654 quamvis
1781 1571 1917 1654 ejus
1974 1568 2290 1652 promotio
2345 1566 2424 1629 ad
2481 1566 2615 1649 epi-

299 1672 633 1750 scopatum
681 1666 1033 1729 canonibus
1079 1666 1253 1729 haud
1299 1671 1472 1732 esset
1517 1667 1888 1747 conformiS‚
1943 1664 2049 1728 sed
2096 1686 2170 1728 ea
2225 1662 2615 1740 conditione,

300 1773 380 1827 ut
423 1784 539 1845 pro
597 1761 1016 1825 restituendis
1070 1763 1262 1827 sacris
1320 1763 1715 1847 imaginibus
1772 1762 1992 1827 sedulo
2048 1761 2392 1826 laboraret.
2487 1759 2615 1823 Eo-

299 1860 447 1923 dem
526 1861 813 1941 tempore
888 1860 1136 1938 (mense
1204 1856 1561 1942 Septembri
1641 1883 1696 1924 a.
1773 1856 1926 1939 785)
2006 1856 2474 1922 Constantinus
2550 1859 2617 1919 et

299 1955 492 2020 Irene
554 1954 633 2018 ad
693 1952 1095 2018 Hadrianum
1158 1953 1403 2039 Papam
1462 1957 1857 2041 scripserunt
1917 1957 2221 2040 rogantes
2233 2000 2250 2032 ,
2313 1956 2390 2016 ut
2454 1951 2618 2016 Con-

302 2050 800 2135 stantinopolim
876 2051 1094 2114 venire
1169 2051 1548 2136 dignaretur
1621 2052 1906 2117 Concilio
1988 2049 2429 2135 praefuturuS‚
2505 2054 2619 2113 aut

302 2150 597 2212 mitteret
659 2148 908 2231 legatos
973 2147 1085 2229 qui
1139 2147 1305 2212 vices
1368 2170 1513 2213 suas
1577 2150 1836 2215 obirent
1896 2170 1969 2212 ac
2026 2150 2230 2212 locum
2291 2149 2615 2210 tenerent.

304 2244 610 2309 Traditae
675 2244 940 2308 fuerunt
1004 2243 1154 2307 illae
1212 2245 1468 2310 litterae
1533 2244 1864 2310 Hadriano
1928 2267 2040 2328 per
2092 2242 2376 2308 Leonem
2439 2264 2617 2327 pres·

303 2342 603 2424 byterum
668 2362 706 2403 a
769 2339 1034 2405 Tarasio
1098 2341 1397 2420 missum,
1468 2343 1658 2406 simul
1725 2363 1870 2405 cum
1932 2339 2268 2405 Theodoro
2333 2339 2617 2404 Catanae

302 2440 375 2502 in
441 2437 658 2503 Sicilia
722 2438 1015 2522 episcopo
1085 2441 1150 2501 et
1213 2436 1577 2523 Epiphanio
1643 2439 1859 2523 legato
1919 2436 2398 2521 Archiepiscopi
2467 2433 2613 2498 Sar·

305 2536 549 2614 diniae‚
597 2536 830 2619 quibus
877 2535 957 2598 ab
1002 2534 1510 2618 Imperatoribus
1552 2557 1781 2599 munus
1827 2534 1999 2599 istud
2046 2534 2449 2598 commissum
2497 2536 2613 2597 est.

305 2631 544 2696 Iisdem
584 2631 952 2696 Hadrianus
1006 2630 1274 2696 tradidit
1332 2654 1711 2715 responsum
1766 2654 1951 2697 suum
1998 2631 2124 2712 (die
2172 2630 2278 2695 27.
2327 2628 2618 2695 Octobris

307 2753 366 2794 a.
419 2727 602 2812 785),
652 2728 948 2792 videlicet
1001 2729 1332 2812 epistolam
1391 2729 1470 2792 ad
1517 2728 1948 2812 Imperatores
1997 2729 2321 2812 aliamque
2367 2726 2445 2790 ad
2492 2725 2616 2789 Ta·

307 2826 542 2889 rasium
592 2825 1042 2909 patriarcham.

485 2977 587 3039 51.
654 2973 740 3038 In'
800 2975 1072 3057 epistola
1133 2974 1212 3038 ad
1274 2974 1702 3058 Imperatores
1763 2974 2062 3039 Pontifex
2126 2973 2412 3057 pluribus
2475 2975 2617 3037 vin·
2635 2987 2949 3044 Ημᾱιὶωιὶουί·

309 3071 480 3136 dicat
525 3071 975 3135 auctoritatem
1014 3068 1191 3134 Sedis
1222 3070 1630 3155 Apostolicae
1677 3075 1752 3134 ut
1795 3070 1941 3134 fidei
1987 3072 2353 3153 magistrae.
2433 3069 2618 3134 Inter
2715 3050 2871 3108 ΨΜ·

310 3168 438 3231 alia
494 3167 739 3232 scribit:
799 3164 976 3230 Nam
1028 3164 1166 3247 ipse
1210 3164 1518 3248 princeps
1572 3163 2027 3248 Apostolorum
2082 3164 2164 3229 B.
2213 3163 2452 3229 Petrus
2506 3165 2619 3247 qui

312 3261 719 3345 Apostolicae
778 3261 931 3326 Sedi
991 3260 1310 3343 primitus
1366 3261 1730 3344 praesedit,
1802 3260 2222 3343 Apostolatus
2279 3259 2618 3345 principa·

313 3364 451 3424 tum
497 3363 558 3423 et
594 3357 990 3441 principalis
1037 3377 1231 3423 curae
1276 3357 1744 3422 successoribus
1789 3357 1957 3438 suis,
2018 3357 2132 3440 qui
2174 3356 2250 3423 in
2296 3357 2437 3441 ejus
2481 3358 2620 3423 sede

303 3455 685 3539 perenniter
729 3454 975 3519 sessuri
1020 3458 1193 3535 sunt,
1240 3445 1618 3536 dereliquit;
1670 3453 1904 3536 quibus
1947 3459 2008 3519 et
2052 3454 2467 3521 auctoritatis
2501 3477 2618 3538 po·

314 3555 635 3632 testatem,
715 3550 1249 3632 quemadmodum
1318 3571 1361 3616 a
1430 3550 1767 3616 Salvatore
1834 3555 2053 3617 nostro
2119 3551 2409 3616 Domino
2479 3552 2621 3616 Deo

312 3648 444 3731 ipsi
492 3668 784 3714 concessa
828 3652 948 3727 est,
997 3652 1058 3712 et
1100 3647 1238 3730 ipse
1283 3668 1530 3730 quoque
1575 3648 1715 3714 suis
1762 3648 2035 3715 contulit
2080 3669 2155 3714 ac
2200 3648 2477 3714 tradidit
2519 3648 2621 3713 di-

311 3744 464 3810 vino
497 3746 699 3827 jussu
731 3743 1199 3810 successoribus
1230 3743 1674 3825 Pontificibus,
1724 3765 2000 3827 quorum
2040 3745 2393 3811 traditione
2428 3743 2620 3809 Chri-

313 3841 400 3907 sti
445 3862 701 3907 sacram
746 3840 1049 3924 effiqiem,
1096 3847 1479 3924 sanctaeque
1522 3842 1664 3925 ejus
1715 3842 2089 3922 Genitrieis‚
2138 3842 2620 3925 Apostolorum·

316 3958 437 4020 que
492 3943 553 4002 et
610 3937 900 4003 omnium
945 3937 1336 4003 Sanctorum
1390 3959 1781 4005 veneramur
1834 3938 2169 4022 imaqines.
2231 3977 2304 3985 —
2373 3940 2621 4005 Deinde

317 4037 520 4101 multa
565 4036 810 4120 profert
856 4035 933 4099 ad
980 4038 1223 4101 cultum
1272 4059 1592 4102 sacrarum
1646 4038 2002 4123 imaginum
2050 4059 2125 4101 ex
2177 4037 2509 4121 Scriptura
2556 4040 2623 4100 et

315 4132 690 4198 'Pi-aditione
735 4132 1209 4198 vindicandum.
1300 4133 1503 4198 Porro
1560 4136 1747 4200 enixe
1798 4156 1904 4198 eos
1947 4138 2196 4212 monet,
2256 4138 2333 4198 ut
2376 4134 2617 4197 cultum
