3270 5028
882 441 965 496 De
1002 440 1385 496 Decretalibus
1424 440 2005 497 Pseudo-Isidorianis.
2128 449 2131 456 ·
2495 444 2605 495 303

289 585 476 647 vatus
542 580 765 664 Lupus
828 584 1024 648 abbas
1089 582 1543 660 Ferrariensi8‚
1626 584 1889 648 nomine
1954 584 2323 648 Wenilonis
2395 584 2601 648 archi-

291 675 568 763 episcopi
627 678 1018 745 Senonensis
1076 681 1398 745 consuluit
1459 679 1796 744 Nicolaum
1858 682 1935 744 de
1996 680 2400 744 Herimanno
2466 681 2601 764 epi-

293 798 481 859 scopo
531 775 938 841 Nevernensi
1000 778 1335 841 laborante
1394 765 1628 841 mentis
1683 778 2081 842 infirmitate.
2189 776 2262 841 In
2329 777 2600 859 epistola

291 872 416 935 ista
476 873 720 936 scribit:
796 870 1068 966 Dicitur
1126 876 1342 937 autem
1403 871 1796 937 Melchiades
1838 892 2023 955 papa
2084 871 2458 952 decrevisse,
2517 893 2606 938 ne

292 967 440 1049 quis
502 987 793 1049 unquam
850 968 1157 1051 pontifex
1201 967 1342 1034 sine
1405 990 1717 1035 consensu
1782 989 1995 1052 papae
2053 968 2345 1035 Romani
2415 968 2597 1051 depo·

289 1068 572 1131 neretur.
675 1064 853 1131 Unde
907 1064 1382 1147 supplicamus,
1441 1070 1516 1129 ut
1571 1069 1824 1131 statuta
1878 1065 2062 1132 illius
2116 1066 2374 1149 inteqra
2430 1065 2603 1130 sicut

277 1181 479 1243 penes
535 1183 646 1227 vos
708 1162 1032 1227 habentur
1089 1161 1274 1226 nobis
1335 1162 1616 1245 diriqere
1677 1161 2110 1247 diqneminffl)
2174 1200 2262 1208 —
2329 1162 2405 1225 In
2466 1164 2596 1245 epi-

288 1260 457 1324 stola
516 1282 644 1343 qua
705 1259 1009 1324 Nicolaus
1057 1259 1389 1325 Weniloni
1451 1256 1860 1343 respondit,²)
1927 1282 2071 1324 eum
2135 1260 2356 1325 laudat
2405 1281 2598 1343 quam

287 1357 590 1436 maxime,
657 1357 828 1441 quod
892 1356 972 1421 ad
1036 1354 1258 1421 Sedem
1323 1357 1766 1440 Apostolicarn
1829 1358 1899 1421 in
1963 1358 2340 1441 quaestione
2405 1355 2600 1419 dubia

285 1474 352 1515 se
425 1452 760 1530 direxerit,
832 1453 941 1518 sed
1004 1453 1169 1516 nihil
1229 1455 1420 1536 plane
1487 1453 1642 1517 dicit
1709 1451 1784 1516 de
1850 1453 2155 1537 ejusmodi
2224 1451 2604 1517 Melchiadis

286 1548 563 1626 decretO,
611 1549 784 1633 quod
829 1551 897 1614 in
950 1548 1679 1614 Pseudo-Decretalibus
1725 1550 2025 1614 habetur.
2109 1549 2297 1613 Unde
2345 1548 2599 1622 dixeriS,

284 1649 445 1710 tunc
487 1645 543 1710 ei
595 1646 826 1710 Isidori
876 1646 1330 1711 collectionem
1391 1646 1589 1711 fuisse
1644 1647 1952 1731 ignotam.
1998 1683 2086 1691 —
2134 1644 2602 1729 Subsequenti-

285 1742 406 1806 bus
463 1746 679 1807 tamen
745 1743 935 1805 annis
996 1742 1064 1806 in
1128 1742 1417 1824 epistolis
1478 1743 1608 1807 suis
1657 1742 1959 1808 Nicolaus
2020 1744 2256 1827 passim
2322 1762 2596 1806 comme-

285 1843 499 1902 morat
556 1840 910 1922 priscorum
963 1838 1348 1903 Pontificum
1398 1839 1766 1904 Decretales
1822 1862 1987 1924 quae
2045 1841 2113 1904 in
2174 1839 2403 1904 Codice
2464 1860 2598 1903 non

286 1936 762 2000 contineantur.
843 1935 1064 2000 Plures
1110 1935 1365 2018 quidem
1413 1934 1666 2000 Nicolai
1705 1937 2070 2001 sententiae
2119 1937 2448 2020 aptissime
2495 1957 2599 1999 ex-

286 2032 611 2114 plicantur
657 2031 733 2096 de
782 2031 1223 2096 Decretalibus
1284 2033 1585 2114 genuinis
1642 2054 1716 2097 ac
1765 2033 2140 2118 jamdudum
2204 2034 2402 2114 notis;
2465 2034 2601 2116 qui-

287 2128 558 2191 busdam
608 2132 828 2192 tamen
876 2128 1086 2192 effatis
1145 2129 1423 2193 alludere
1470 2129 1723 2193 videtur
1774 2130 1852 2194 ad
1900 2131 2044 2194 illas
2092 2129 2600 2194 Pseudo-Decre-

285 2223 448 2287 tales
494 2225 835 2302 recentiori
881 2230 1167 2307 tempore
1214 2226 1282 2289 in
1332 2224 1721 2291 Francorum
1769 2248 1970 2312 regno
2018 2249 2204 2310 saepe
2250 2228 2501 2291 citatas

464 2397 567 2462 98.
649 2399 1031 2464 Praesertim
1106 2401 1173 2465 in
1250 2401 1519 2483 epistola
1592 2401 1708 2464 illa
1785 2400 1861 2464 ad
1939 2401 2264 2483 episcopos
2329 2400 2581 2466 Galliae
2634 2400 2823 2471 Vidssfur
2850 2413 2877 2441 ¹¹

290 2518 480 2579 quam
552 2518 727 2560 anno
799 2497 923 2561 865
993 2496 1314 2562 Rothadio
1382 2498 1692 2562 restituto
1763 2497 1852 2562 cis
1917 2498 2196 2581 scripsit,
2264 2499 2599 2569 mandans,

289 2597 364 2656 ut
431 2593 594 2656 bene
658 2593 839 2658 illum
907 2595 1287 2677 reciperent,
1358 2595 1575 2679 aliqua
1644 2595 1970 2659 habentur
2042 2618 2206 2680 quae
2251 2596 2313 2665 {a
2375 2597 2600 2680 pleris-

291 2712 413 2774 que
461 2691 826 2755 auctoribus
883 2691 962 2755 ad
1003 2690 1681 2756 Pseudo-Decretales
1740 2691 2126 2755 referuntur.
2225 2691 2597 2757 Sententias

289 2788 407 2852 has
455 2788 754 2852 exhibere
812 2790 1133 2853 convenit.
1227 2788 1321 2853 Et
1374 2787 1459 2867 si,
1510 2790 1628 2866 ait,
1683 2786 1909 2852 Sedem
1963 2785 2400 2869 Apostolicam
2449 2787 2606 2873 (Ro-

290 2885 577 2963 thadius)
637 2884 1016 2950 nullatenus
1076 2884 1482 2968 appellasset,
1548 2887 1776 2948 contra
1837 2888 1928 2949 tot
1986 2888 2232 2963 tamen,
2295 2887 2355 2948 et
2412 2888 2602 2950 tanta

289 3002 402 3046 vos
448 2981 793 3046 decretalia
839 2980 1067 3063 efferre
1111 2985 1390 3061 statuta,
1448 2985 1508 3045 et
1548 2980 1915 3063 episcopum
1968 2980 2356 3046 inconsultis
2415 2979 2606 3046 nobis

292 3078 603 3160 deponere
664 3077 844 3143 nullo
914 3078 1097 3142 modo
1165 3077 1489 3143 debuistis.
1606 3075 1792 3156 Quod
1856 3081 2072 3143 tamen
2131 3099 2271 3156 vos,
2336 3082 2413 3143 ut
2468 3098 2603 3142 ser-

291 3180 448 3241 vata
510 3174 835 3240 vobiscum
905 3174 1279 3239 medullitus
1348 3173 1623 3239 caritate
1686 3172 1927 3252 dicam,
1988 3173 2426 3256 postposuisse
2487 3174 2602 3238 'do-

294 3273 523 3352 lemus,
576 3275 637 3336 et
680 3269 1082 3336 diversorum
1129 3270 1317 3336 Sedis
1362 3269 1767 3352 Apostolicae
1797 3270 2183 3351 praesulum
2230 3270 2481 3335 decreta
2526 3269 2602 3336 in

292 3369 410 3434 hoc
466 3390 579 3434 vos
635 3368 1083 3451 contempsisse
1138 3367 1391 3451 neyotio
1407 3416 1424 3447 ,
1487 3388 1619 3432 non
1674 3365 1997 3431 immerito
2053 3366 2603 3450 reprehendimus.

295 3466 487 3532 Absit
542 3465 715 3531 enim
774 3471 850 3530 ut
920 3466 1379 3549 cujuscumque
1440 3483 1645 3545 usque
1707 3463 1793 3526 ad
1847 3462 2155 3528 ultimum
2213 3464 2385 3530 vitae
2443 3484 2602 3529 suae

294 3563 464 3628 diem
511 3562 627 3645 qui
670 3562 745 3629 in
784 3562 909 3643 fide
963 3561 1277 3628 catholica
1323 3557 1865 3644 perseveraverit,
1920 3559 2018 3624 vel
2060 3559 2409 3627 decretalia
2455 3582 2603 3627 con-

297 3660 533 3725 stituta
585 3660 683 3725 vel
738 3660 814 3725 de
870 3659 1295 3725 ecclesiastica
1362 3656 1712 3739 disciplina
1772 3655 2089 3738 quaelibet
2145 3657 2439 3739 eaeposita
2498 3658 2599 3722 de-

299 3757 427 3822 bito
474 3756 654 3823 cultu
699 3761 758 3822 et
803 3776 946 3822 cum
1000 3776 1255 3821 summa
1299 3753 1683 3820 discretione
1737 3774 1869 3818 non
1924 3753 2394 3839 amplectamur
2445 3774 2599 3838 opu-

297 3853 504 3933 scula,
568 3874 732 3936 quae
777 3854 1124 3919 dumtaxat
1177 3857 1238 3918 et
1288 3850 1661 3933 antiquitus
1708 3853 1936 3915 sancta
1980 3849 2286 3917 Romana
2342 3850 2602 3916 ecclesia

299 3971 715 4030 conservans,
776 3950 963 4016 nobis
1007 3970 1254 4032 quoque
1296 3946 1713 4014 custodienda
1756 3945 2127 4028 mandavit,
2188 3952 2249 4013 et
2292 3969 2492 4030 penes
2536 3968 2607 4012 se

479 4175 516 4243 1)
556 4176 621 4229 v.
660 4174 843 4228 Labros
882 4175 1017 4230 0011.
1056 4175 1234 4239 eone„
1274 4175 1337 4228 T.
1367 4174 1523 4229 vm.
1562 4174 1663 4228 001.
1706 4175 1823 4227 511.
1969 4172 2010 4242 ²)
2047 4131 2255 4229 ibidem
2294 4175 2393 4229 001.
2431 4176 2553 4228 512.

2712 2473 2844 2510 visse,
