3270 5028
1053 461 1287 517 Photius
1313 464 1868 531 pseudopatriarcha.
2511 464 2618 514 379

302 626 449 667 rum
512 603 837 688 cupidam,
906 627 1044 669 cum
1110 605 1435 669 ditissimis
1500 606 1871 669 muneribus
1929 606 2178 689 legatos
2245 603 2613 667 Zachariam

304 700 727 765 Chalcedonis
792 704 857 765 et
920 701 1325 766 Theodorum
1384 701 1778 767 Laodicaeae
1842 703 2189 786 episcopos.
2293 701 2494 766 Gesta
2552 706 2616 763 et

303 797 559 861 decreta
624 797 1141 880 pseudo-synodi
1206 820 1358 861 suae
1432 821 1544 882 per
1613 800 1728 864 hos
1801 799 2181 881 Imperatori
2249 797 2617 862 transmisit

302 893 494 957 simul
541 916 685 964 cum
742 896 1013 976 epistola
1057 895 1422 959 reverentia
1475 896 1697 979 plena,
1755 918 1883 979 qua
1933 897 2126 959 etiam
2176 895 2616 978 pollicebatur,

304 1012 375 1053 se
436 990 806 1054 effecturum
866 990 1460 1074 Constantinopoli,
1523 1001 1598 1055 ut
1657 1015 1871 1056 eorum
1931 992 2214 1075 dignitas
2271 989 2616 1074 imperialis

303 1108 669 1170 nomenque
725 1091 1262 1169 agnoscerentur,
1325 1091 1379 1151 si
1437 1087 1775 1153 Nicolaum
1833 1111 1866 1152 e
1922 1089 2069 1152 sede
2124 1088 2455 1171 pontificia
2509 1108 2616 1149 ex-

302 1184 593 1266 pelleret.
647 1220 725 1229 —
777 1182 901 1266 Spe
945 1189 1165 1247 tamen
1212 1206 1325 1247 sua
1370 1186 1722 1249 frustratus
1770 1189 1868 1248 est
1900 1184 2194 1262 PhotiuS,
2242 1206 2394 1248 nam
2438 1183 2616 1247 brevi

303 1284 455 1362 post
499 1280 702 1363 legati
751 1282 888 1365 ejus
930 1302 968 1342 a
999 1279 1238 1344 Basilio
1269 1279 1666 1364 Imperatore
1713 1304 1790 1345 ex
1837 1283 2070 1345 itinere
2115 1281 2394 1345 revocati
2442 1284 2615 1343 sunt.

484 1378 585 1440 73.
632 1377 902 1441 Interim
953 1375 1254 1441 Nicolaus
1305 1376 1607 1442 Pontifex
1655 1400 1789 1442 non
1836 1379 2120 1457 destitit,
2183 1378 2477 1461 quamvis
2521 1379 2616 1440 in·

305 1474 722 1537 firmitatibus
766 1473 1069 1538 detentus
1112 1483 1279 1538 esset
1334 1479 1399 1538 et
1444 1475 1613 1538 vitae
1667 1475 1787 1538 fini
1834 1476 1971 1558 jam
2017 1476 2374 1558 proximus,
2426 1474 2617 1537 rebus

306 1568 592 1635 Orientis
640 1592 823 1635 curas
877 1593 1024 1634 suas
1073 1571 1461 1654 impendere.
1555 1571 2104 1636 Commemoratur
2158 1570 2223 1633 id
2277 1571 2347 1633 in
2394 1570 2617 1633 Anna-

302 1667 471 1731 libus
540 1667 932 1731 Bertinianis
998 1667 1078 1731 ab
1154 1667 1533 1742 HincmarO,
1603 1670 1783 1752 cujus
1854 1669 2064 1732 clerici
2134 1690 2276 1732 cum
2347 1657 2619 1750 epistola

304 1763 791 1848 archiepiscopi,
851 1786 979 1848 qua
1024 1765 1231 1828 varias
1292 1765 1730 1840 accusationes
1787 1765 1857 1827 in
1904 1786 2046 1827 eum
2096 1765 2260 1828 latas
2309 1765 2617 1839 diluebat,

306 1884 381 1925 eo
440 1865 727 1943 tempore
788 1860 1057 1923 Romam
1118 1865 1570 1943 pervenerunt.
1661 1859 2016 1926 Hincmari
2078 1860 2317 1938 clerici,
2381 1861 2616 1925 dicitur

305 1957 383 2021 ad
431 1980 488 2022 a.
540 1957 697 2033 867,
744 1976 958 2021 mense
1004 1957 1303 2038 Auqusto
1350 1957 1631 2021 Romam
1677 1955 2030 2036 venientes,
2093 1956 2440 2021 Nicolaum
2486 1956 2614 2020 Pa-

295 2074 457 2137 pam
498 2053 648 2135 jam
690 2052 875 2117 valde
931 2052 1369 2133 infirmatum,
1433 2057 1493 2117 et
1549 2053 1624 2117 in
1677 2052 2079 2118 contentione
2136 2073 2331 2134 quam
2392 2057 2618 2118 contra

312 2151 710 2216 Graecorum
739 2149 1178 2232 Imperatores
1209 2149 1593 2214 Michaelem
1639 2153 1700 2213 et
1732 2149 2084 2229 Basiliam,
2133 2150 2242 2214 secl
2287 2155 2347 2214 et
2392 2154 2619 2215 contra

306 2246 651 2312 orientales
715 2246 1060 2328 episcopos¹
1095 2245 1399 2339 habebat,
1462 2266 1847 2329 maqnopere
1907 2245 2305 2311 laborantem
2361 2246 2614 2311 invene—

305 2347 483 2409 runt.
578 2342 988 2425 Quapropter
1046 2363 1248 2423 usque
1305 2344 1392 2407 ad
1451 2363 1731 2408 mensem
1781 2343 2110 2408 Octobrem
2173 2342 2409 2407 ibidem
2462 2348 2618 2408 sunt

304 2438 715 2523 immorati.1)
760 2476 864 2492 ---
890 2431 1315 2525 Intellige'bat
1355 2463 1510 2505 sane
1542 2440 1871 2518 Pontifex,
1920 2463 2165 2504 summa
2194 2441 2473 2525 pericula
2505 2464 2621 2525 per

308 2539 522 2602 Photii
583 2540 1073 2621 perversitatem
1128 2539 1461 2602 imminere
1520 2540 1762 2602 unitati
1823 2538 2144 2602 Ecclesiae
2209 2538 2617 2603 occidentalis

306 2642 373 2697 et
419 2634 751 2698 orientalis
798 2634 1176 2719 jamdudum
1223 2633 1684 2712 labefactatae,
1743 2631 1969 2717 suique
2019 2635 2299 2697 muneris
2347 2635 2618 2704 censuit,

2631 1367 2802 1409 Nicolai
2839 1370 2952 1411 aeta.

293 2750 509 2813 usque
557 2731 636 2794 ad
684 2730 1303 2813 ultimumspiritus
1356 2731 1630 2795 halitum
1688 2731 1946 2794 obviare
1990 2731 2234 2793 ruinae.
2324 2729 2494 2793 Hinc
2540 2752 2611 2792 ex
2710 2793 2715 2799 ,

303 2850 436 2890 una
480 2832 685 2910 parte,
733 2828 1026 2910 quamvis
1058 2828 1164 2890 vix
1197 2827 1480 2891 fructum
1528 2849 1784 2909 sperare
1830 2831 2064 2909 posset,
2113 2831 2403 2890 extremo
2431 2848 2622 2890 cona-

305 2924 478 2987 mine
526 2945 756 2986 novam
801 2923 1189 3006 legationem
1240 2923 1868 3005 Constantinopolim
1920 2923 2285 2987 destinavit.
2374 2922 2617 2986 Statuit

305 3020 630 3101 videlicet,
679 3030 753 3082 ut
798 3021 919 3083 duo
970 3041 1047 3082 ex
1097 3021 1430 3102 episcopiS,
1487 3020 1598 3102 qui
1649 3020 1717 3082 in
1766 3019 2138 3102 Bulgariam
2186 3021 2362 3084 missi
2407 3024 2613 3089 erant,

307 3114 934 3199 Constantinopolim
985 3116 1292 3197 proficisci
1324 3120 1680 3198 tentarent,
1719 3115 1969 3179 duobus
2004 3117 2145 3179 aliis
2172 3119 2242 3179 in
2273 3117 2385 3179 illo
2411 3137 2616 3198 regno

304 3211 806 3276 remanentibus,
896 3209 1083 3274 Inter
1126 3209 1282 3275 haec
1326 3209 1600 3293 quidem,
1648 3212 1869 3276 scribit
1916 3213 2302 3276 Anastasius
2351 3215 2420 3277 in
2470 3211 2616 3276 Vita

305 3306 579 3384 Nico‘lai,
624 3306 859 3370 statuit
907 3306 1318 3372 beatissimus
1356 3307 1546 3389 Papa
1593 3359 1605 3371 .
1658 3359 1670 3371 .
1716 3356 1749 3387 .,
1795 3312 1871 3373 ut
1906 3308 2408 3390 penetrantibus
2452 3307 2616 3391 ipsis

305 3394 702 3486 Bulyariam
730 3403 1059 3486 episcopie,
1106 3404 1361 3469 Paulus
1391 3403 1891 3491 Populoniensis
1935 3403 2194 3486 ipseque
2233 3405 2614 3470 Grimaldus
2710 3464 2724 3475 ,

306 3500 582 3583 episcopi
636 3500 710 3565 in
757 3501 1090 3582 Bulqaria
1139 3500 1457 3583 quidquid
1505 3500 1592 3566 ad
1647 3500 1946 3566 divinum
2002 3501 2443 3568 ministerium
2485 3524 2617 3585 pro

305 3596 734 3662 instructione
793 3596 979 3661 illius
1037 3597 1254 3680 qentis
1299 3597 1688 3680 pertineret,
1752 3597 2092 3680 efficerent.
2202 3600 2297 3663 Et
2353 3599 2617 3681 saepius

306 3694 515 3758 dictus
544 3693 916 3774 Eormosu8‚
949 3699 1142 3776 atque
1173 3694 1584 3772 Dominicus,
1617 3694 2011 3759 venerabiles
2041 3695 2338 3779 episcopi,
2372 3695 2611 3761 iterum

311 3789 933 3873 Constantinopolim
952 3809 1080 3872 pro
1111 3789 1452 3855 schismate
1482 3789 1575 3854 ibi
1605 3795 1826 3854 exorto
1854 3791 2494 3873 proficiscerentur&
2525 3831 2615 3839 —

308 3887 404 3949 Ex
451 3889 656 3951 altera
700 3910 847 3952 vero
903 3894 1089 3971 parte
1146 3890 1389 3952 clericis
1434 3888 1773 3951 Hincmari
1824 3890 2088 3953 tradidit
2146 3893 2498 3955 solemnem
2548 3896 2612 3955 et

306 3985 605 4047 fusiorem
656 3985 987 4066 epistolam
1037 3983 1158 4068 (ep.
1199 3985 1311 4067 70)
1360 3986 1439 4048 ad
1484 3984 1915 4049 Rhemensem
1963 3986 2503 4071 archiepiscopum
2549 3993 2616 4051 et

487 4194 525 4255 1)
563 4194 729 4247 Pertz
767 4193 837 4245 M.
880 4193 941 4246 G.
984 4192 1025 4245 I.
1063 4196 1183 4245 475.
1440 4192 1483 4257 2)
1521 4192 1655 4245 Vita
1691 4191 1906 4246 Nicolai
1947 4210 1991 4245 c.
2029 4194 2247 4246 LXXV.
