3270 5028
1148 468 1229 520 De
1268 466 1506 520 Concilio
1545 467 1821 527 Trullano.
2609 470 2641 520 5

337 613 440 675 vel
486 610 676 673 etiam
709 609 1166 693 quinisextum.
1243 606 1537 691 Episcopi
1586 608 1934 673 adfuerunt
1967 608 2226 673 ducenti
2274 613 2340 672 et
2370 615 2646 692 septem-

339 707 541 771 decim
593 706 767 789 iique
835 727 1055 769 omnes
1120 703 1376 786 Graeci3
1450 703 1670 767 Latini
1739 705 1908 768 enim
1973 726 2105 768 non
2165 710 2350 768 erant
2413 706 2643 769 vocati.

336 803 717 868 Interfuisse
763 807 1023 866 tantum
1070 802 1323 865 videtur
1376 822 1545 864 unus
1590 799 1868 864 Basilius
1928 801 2255 884 episcopus
2305 800 2648 866 Gortinen·

339 901 444 979 siS,
492 899 603 983 qui
650 904 790 962 erat
837 920 910 961 eo
956 904 1245 981 tempore
1293 898 1737 980 apocrisiarius
1783 897 2058 961 Romani
2111 898 2438 962 Pontificis
2483 898 2648 963 Con-

335 996 788 1079 stantinopoli,
858 995 967 1059 sed
1025 1018 1155 1059 non
1213 994 1480 1078 gerebat
1535 993 1656 1057 hac
1712 995 1782 1057 in
1840 1015 1908 1057 re
1955 1016 2186 1059 munus
2231 996 2432 1079 legati
2481 995 2646 1060 Pon·

336 1093 548 1157 tificiS.

517 1218 576 1279 6.
650 1213 908 1278 Conditi
977 1213 1246 1277 fuerunt
1309 1214 1378 1276 in
1439 1212 1727 1278 Concilio
1785 1213 2093 1279 Trullano
2165 1233 2440 1279 canones
2507 1234 2646 1279 cen·
2720 1224 2929 1266 eanones.

339 1314 478 1374 tum
545 1314 606 1374 et
672 1308 830 1388 duo,
907 1311 1082 1374 inter
1148 1332 1306 1393 quos
1372 1309 1630 1392 plurimi
1699 1311 2125 1375 inveniuntur
2187 1312 2376 1376 laude
2439 1311 2647 1395 digni3

338 1408 446 1472 sed
523 1407 816 1471 nonnulli
893 1406 1290 1489 disciplinam
1369 1407 1856 1470 ecclesiasticam
1933 1409 2342 1490 perturbant,
2422 1408 2649 1471 doctri-

338 1527 489 1567 nam
578 1503 958 1567 catholicam
1037 1502 1404 1576 offendunt,
1495 1524 1676 1566 sacra
1757 1504 2165 1586 Apostolicae
2241 1500 2424 1568 Sedis
2497 1505 2651 1585 jura

338 1601 636 1677 laedunt,
711 1603 777 1662 et
846 1606 1024 1663 aestu
1095 1599 1371 1682 quodam
1437 1600 1749 1682 polemico
1818 1602 1883 1663 in
1961 1602 2287 1664 ecclesiam
2361 1602 2649 1664 occiden-

339 1699 533 1761 talem
580 1697 801 1761 infecti
859 1702 1032 1759 sunt.
1124 1695 1270 1760 Jam
1330 1696 1704 1779 praecipuos
1762 1719 1839 1760 ex
1885 1697 1984 1760 his
2036 1697 2388 1760 canonibus
2437 1719 2649 1762 recen-

340 1816 612 1857 scamus.

519 1916 597 1980 In
667 1936 912 1979 canone
980 1913 1071 1977 Π.
1142 1914 1313 1976 inter
1382 1913 1507 1976 alia
1562 1905 1904 1977 statuitur:
1981 1914 2124 1978 Hoc
2191 1934 2438 1996 quoque
2498 1915 2650 1980 huic

342 2016 603 2078 sanctae
665 2010 908 2094 synodo
961 2008 1401 2092 pulcherrime
1464 2012 1525 2073 et
1584 2008 2029 2074 honestissime
2072 2010 2357 2093 placuit,
2434 2016 2510 2077 ut
2569 2011 2649 2077 ab

344 2110 459 2175 hoc
501 2129 677 2174 nunc
731 2112 1009 2189 tempore
1063 2105 1384 2188 deinceps,
1446 2105 1532 2170 aol
1586 2105 1966 2171 animarum
2024 2107 2333 2173 medelam
2388 2112 2449 2173 et
2493 2129 2651 2191 per-

343 2206 792 2272 turbationum
862 2202 1264 2269 curationem
1327 2201 1507 2283 firmi
1577 2202 1963 2285 stabilesque
2024 2209 2364 2285 maneant,
2428 2204 2543 2287 qui
2610 2226 2652 2270 a

342 2302 587 2369 sanctis
621 2299 931 2384 patribus
981 2299 1093 2381 qui
1138 2320 1256 2364 nos
1291 2303 1789 2381 praecesserunt
1839 2300 2119 2383 suscepti
2164 2321 2239 2366 ac
2285 2300 2652 2383 confirmati

343 2404 528 2480 sunt,
588 2403 782 2481 atque
828 2396 984 2462 adeo
1028 2395 1215 2461 nobis
1257 2395 1453 2460 etiam
1501 2396 1736 2461 traditi
1781 2401 1938 2462 sunt
1981 2401 2355 2463 sanctorum
2401 2403 2462 2463 et
2512 2398 2651 2481 qlo-

342 2497 667 2563 riosorum
714 2492 1172 2578 Apostolorum
1215 2491 1476 2559 nomine
1524 2494 1849 2578 octoginta
1895 2493 2181 2578 quinque
2227 2516 2518 2561 canones.
2564 2533 2651 2543 —

342 2595 488 2660 Jam
555 2617 703 2659 vero
766 2593 935 2656 haud
1002 2592 1391 2676 ignorabant
1454 2593 1800 2657 orientales
1866 2595 2172 2678 episcopi,
2242 2595 2323 2658 ab
2389 2594 2652 2658 ecclesia

344 2691 638 2756 Romana
689 2689 950 2754 nonnisi
995 2689 1472 2773 quinquaginta
1517 2711 1594 2752 ex
1628 2691 1983 2754 canonibus
2034 2691 2160 2755 illis
2206 2692 2417 2774 recipi,
2466 2692 2650 2755 adeo—

343 2811 466 2874 que
527 2789 838 2852 indirecte
894 2787 992 2851 his
1053 2786 1488 2850 lacessebatur
1548 2785 1814 2850 ecclesia
1880 2788 2010 2851 illa.
2072 2823 2160 2832 --
2221 2787 2484 2852 Oanone
2531 2786 2650 2851 III.

343 2886 522 2950 varia
576 2885 654 2948 de
713 2883 1145 2948 sacerdotibus
1209 2883 1480 2966 bigamis
1541 2884 1988 2957 constituunt,
2047 2889 2241 2967 atque
2300 2885 2488 2949 initio
2546 2884 2652 2946 de-

343 2982 505 3046 creti
558 2982 693 3065 jam
753 2981 1125 3057 insinuant,
1186 2979 1548 3063 rigidiorem
1615 3000 1756 3043 esse
1816 2980 2215 3063 disciplinam
2271 2979 2651 3055 Romanam,

347 3079 497 3142 dum
564 3078 826 3142 ecclesia
872 3076 1140 3141 CPtana
1203 3077 1546 3160 benignior
1614 3077 1729 3160 sit;
1800 3081 1865 3140 et
1936 3077 2341 3140 severitatem
2410 3076 2654 3139 miseri-

344 3175 557 3239 cordia
614 3174 959 3257 temperari
1016 3174 1260 3237 volunt.
1373 3172 1609 3248 Quum,
1677 3173 1929 3246 dicunt,
2000 3171 2114 3253 qui
2174 3175 2331 3236 sunt
2382 3170 2652 3237 sanctis-

343 3270 545 3335 simae
604 3269 897 3335 ecclesiae
952 3268 1293 3333 Romanae
1356 3272 1619 3332 exactae
1671 3267 2097 3350 perfectionis
2157 3288 2462 3332 canonem
2523 3288 2653 3332 ser-

344 3367 633 3433 vandum
686 3369 1096 3449 proponant,
1160 3364 1275 3447 qui
1329 3385 1479 3429 vero
1535 3364 1655 3429 sub
1708 3364 1823 3429 hoc
1882 3383 1924 3428 a
1982 3364 2121 3429 Deo
2182 3364 2656 3429 conservandae

344 3469 407 3530 et
445 3462 835 3547 imperantis
887 3462 1072 3528 urbis
1117 3461 1377 3540 throno,
1444 3460 1614 3543 quod
1660 3466 1753 3526 est
1796 3460 2236 3526 humanitatis
2292 3465 2353 3525 et
2396 3460 2655 3526 miseri-

345 3560 630 3642 cordiae,
687 3558 983 3641 utrisque
1018 3563 1295 3642 paterne
1348 3563 1409 3623 et
1453 3558 1750 3642 reliqiose
1796 3558 2050 3634 mixtis,
2108 3560 2183 3621 ut
2241 3576 2441 3638 neque
2488 3555 2658 3639 quod

345 3810 552 3858 tectum
591 3804 858 3872 (coupole)
894 3803 1196 3868 habebant,
1242 3802 1479 3868 τρούλλοι
1525 3801 1956 3855 nominabantur.
2008 3831 2074 3836 ν
2118 3800 2384 3867 Ducange
2427 3799 2485 3852 in
2523 3800 2657 3853 Con-

344 3882 704 3950 stantinopoli
744 3882 1048 3936 christiana
1083 3883 1118 3935 l.
1158 3881 1260 3936 111.
1298 3898 1348 3949 p.
1388 3883 1456 3934 33
1495 3880 1767 3948 explicat,
1820 3881 1947 3948 quid
1992 3879 2068 3933 sit
2105 3878 2343 3932 TrulluS.
2416 3878 2514 3932 Ait
2550 3878 2656 3946 igi-

343 3966 460 4024 tur,
517 3976 640 4015 esse
685 3960 884 4029 ingens
933 3959 1393 4028 hemisphaerium
1439 3965 1674 4027 quatuor
1716 3959 2011 4028 majoribus
2062 3958 2291 4011 arcubus
2342 3957 2655 4011 incumbens

346 4039 489 4107 quod
527 4039 773 4093 Trullum
818 4047 1032 4094 vocant.
1116 4039 1251 4093 Inde
1295 4039 1438 4092 idem
1489 4053 1684 4092 nomen
1729 4038 1964 4092 habebat
2007 4043 2184 4091 totum
2234 4036 2535 4091 aedificium
2572 4052 2658 4090 ro·

343 4118 600 4183 tundum,
648 4117 788 4186 quod
827 4118 883 4171 in
918 4133 1173 4187 magnam
1213 4117 1562 4171 altitudinem
1601 4117 1957 4184 educebatur3
2011 4117 2128 4184 ejus
2167 4114 2344 4183 paries
2382 4115 2440 4167 in
2477 4116 2656 4169 orbem

344 4195 640 4263 ferebatur,
680 4196 1088 4264 sustinebatque
1126 4195 1459 4250 testudinem
1498 4195 1877 4249 orbiculatam.
