3270 5028
351 3094 542 3147 Tempus
570 3094 641 3135 de·

358 3155 629 3197 terminatur.

651 430 722 481 24
1113 437 1125 448 ·
1387 423 1469 477 De
1504 423 1721 478 haeresi
1755 423 2236 477 Iconoclastarum.

652 587 732 630 ex
800 563 1139 644 Vandalis,
1200 584 1281 628 ex
1338 563 1765 629 Mauritania
1782 612 1798 642 ,
1860 583 1942 628 ex
2006 560 2275 641 Gothia,
2340 565 2399 624 et
2464 564 2539 626 ut
2594 557 2962 642 qeneratim

653 662 863 727 dicam
919 682 1000 725 ea·
1054 664 1182 725 toto
1237 658 1550 725 interiore
1609 659 1957 724 Occidente.
2062 657 2225 723 Oum
2279 660 2496 723 autem
2552 654 2964 721 advenissent

653 762 712 821 et
755 756 832 822 in
876 757 1017 822 suis
1062 754 1453 839 reqionibus,
1498 754 1750 840 sinyuli
1791 754 2124 837 juvenilia
2163 758 2281 819 tua
2324 751 2739 835 pueriliaque
2779 752 2963 833 facta

652 857 1055 932 narrassent,
1092 856 1256 931 „tunc
1290 851 1584 934 projecta
1616 850 1919 917 laureata
1951 856 2069 916 tua
2099 849 2579 928 conculcarunt,
2626 852 2688 913 et
2723 846 2963 930 faciem

654 955 834 1016 tuam
885 948 1338 1027 conciderunt;
1382 967 1459 1012 ac
1501 947 1746 1013 delectu
1793 947 2013 1012 habito
2060 945 2480 1030 Lonyobardi
2525 950 2583 1010 et
2616 944 2968 1010 Sarmatae

655 1045 969 1128 ceterique
1026 1044 1142 1126 qui
1200 1044 1287 1109 ad
1346 1043 1864 1126 septemtrionem
1921 1042 2333 1123 habitabant,
2412 1042 2716 1107 miseram
2784 1041 2962 1106 deca-

645 1142 853 1226 polim
908 1139 1397 1206 incursionibus
1458 1139 1896 1222 infestarunt,
1963 1140 2301 1223 ipsamque
2361 1136 2760 1221 metropolim
2822 1136 2963 1203 Ra-

655 1259 931 1304 vennam
959 1240 1378 1320 occuparunt,
1426 1239 1487 1300 et
1531 1236 1748 1319 ejectis
1787 1234 2283 1319 mayistratibus
2314 1235 2449 1301 tuis
2484 1234 2791 1317 proprios
2821 1255 2963 1299 con-

655 1335 1014 1400 stituerunt
1067 1331 1522 1415 maqistratus,
1580 1337 1642 1397 et
1692 1332 1944 1397 vicinas
1996 1331 2181 1397 nobis
2225 1331 2399 1396 sedes
2454 1331 2670 1415 reyias
2725 1331 2964 1412 ipsam-

657 1452 777 1513 que
832 1430 1113 1497 Romam
1167 1429 1260 1493 sic
1320 1432 1605 1493 tractare
1658 1433 2064 1506 statuerunt,
2127 1449 2272 1494 cum
2328 1432 2400 1495 tu
2455 1450 2573 1494 nos
2628 1427 2969 1511 defendere

656 1527 924 1594 minime
961 1525 1190 1609 possis.
1278 1524 1372 1590 Et
1417 1524 1572 1590 haec
1613 1525 1687 1590 ob
1740 1525 2252 1608 imprudentiam
2298 1545 2374 1590 ac
2418 1525 2770 1590 stultitiam
2822 1545 2966 1589 sus-

658 1624 940 1689 tinuisti.
1045 1623 1137 1687 At
1190 1621 1361 1687 enim
1420 1643 1538 1686 nos
1591 1621 2057 1705 perterrefacis
2101 1620 2420 1703 dicisque:
2473 1621 2755 1686 Romam
2813 1621 2966 1686 mit-

658 1726 811 1800 tam,
856 1724 917 1784 et
961 1718 1315 1802 imaqinem
1359 1717 1571 1782 sancti
1601 1717 1790 1783 Petri
1836 1718 2283 1802 confrinqam,·
2327 1718 2436 1783 sed
2479 1722 2541 1782 et
2573 1717 2968 1801 Greqorium

657 1816 841 1881 illinc
875 1814 1248 1898 pontificem
1284 1813 1572 1880 vinctum
1609 1813 1848 1880 adduci
1895 1815 2151 1896 curabo,
2198 1815 2366 1880 sicut
2394 1814 2769 1879 Martinum
2805 1813 2967 1879 Con-

660 1911 996 1977 stantinus
1056 1912 1437 1994 (Constans)
1498 1910 1736 1976 adduci
1785 1911 2012 1992 jussit.
2128 1910 2309 1976 Scire
2371 1915 2590 1976 autem
2650 1910 2833 1975 debes
2891 1930 2972 1975 ac

651 2031 779 2091 pro
826 2013 993 2074 certo
1039 2007 1296 2088 habere,
1357 2006 1706 2088 Pontifices
1751 2007 1866 2089 qui
1903 2029 2031 2091 pro
2089 2012 2367 2091 tempore
2411 2008 2661 2073 Romae
2710 2006 2967 2072 exstite-

661 2109 840 2186 runt,
888 2104 1328 2171 conciliandae
1344 2104 1537 2187 pacis
1568 2125 1769 2170 causa
1800 2105 2032 2185 sedere,
2082 2109 2397 2186 tanquam
2413 2103 2735 2187 parietem
2765 2103 2969 2168 inter-

657 2201 963 2286 qerinum
1004 2204 1378 2284 septumque
1424 2200 1797 2267 medianum
1832 2201 2119 2266 Orientis
2149 2205 2211 2265 et
2246 2200 2620 2279 Occidentis,
2669 2220 2744 2265 ac
2778 2200 2973 2282 pacis

663 2298 947 2365 arbitros
1001 2302 1063 2362 et
1106 2297 1536 2362 moderatores
1595 2317 1762 2373 esse,·
1816 2297 2054 2380 quique
2106 2302 2258 2363 ante
2313 2301 2374 2361 te
2422 2296 2701 2379 fuerunt
2756 2296 2968 2378 Impe-

663 2400 942 2474 ratores,
1018 2393 1092 2458 in
1159 2392 1274 2457 hoc
1343 2394 1812 2476 componendae
1876 2394 2077 2478 pacis
2128 2393 2478 2459 certamine
2546 2392 2975 2458 desudarunt.

670 2490 853 2571 Quod
896 2489 955 2555 si
999 2488 1184 2556 nobis
1243 2488 1596 2555 insolenter
1653 2489 1955 2572 insultes,
2010 2512 2145 2557 non
2200 2495 2293 2556 est
2352 2487 2537 2557 nobis
2590 2510 2836 2556 necesse
2881 2493 2968 2553 te-

666 2610 810 2654 cum
870 2588 944 2652 in
1004 2591 1325 2652 certamen
1370 2587 1758 2652 descendere.
1858 2588 1965 2653 Ad
2008 2592 2293 2670 quatuor
2354 2591 2414 2651 et
2458 2587 2697 2670 viyinti
2750 2587 2970 2652 stadia

666 2684 902 2750 secedet
945 2683 1019 2749 in
1063 2682 1387 2766 reqionem
1438 2680 1835 2766 Campaniae
1875 2685 2219 2750 Romanus
2254 2683 2599 2766 Pontifex,·
2615 2683 2663 2766 1)
2712 2689 2851 2749 tum
2897 2688 2973 2749 tu

666 2780 853 2864 vade,
920 2783 1140 2845 ventos
1192 2799 1592 2861 persequere.
1708 2779 1950 2858 Quodsi
2016 2779 2355 2863 quospiam
2418 2780 2505 2844 ad
2566 2779 2971 2846 evertendam

666 2876 1017 2961 imaqinem
1065 2875 1321 2941 miseris
1366 2875 1578 2941 sancti
1623 2876 1837 2956 Petri,
1885 2875 2055 2956 vide,
2095 2881 2540 2959 protestamur
2584 2876 2732 2956 tibi,
2778 2877 2971 2942 inno—

668 2979 876 3040 centes
920 2993 1147 3039 sumus
1191 2992 1232 3037 a
1279 2971 1599 3056 sanquine
1646 2993 1833 3054 quem
1874 2973 2103 3055 fusuri
2146 2978 2334 3039 sunt:
2375 2994 2600 3040 verum
2647 2972 2721 3038 in
2768 2973 2972 3038 cervi-

669 3092 767 3137 ces
821 3075 971 3137 tuas
1029 3074 1090 3134 et
1140 3069 1214 3135 in
1278 3072 1474 3151 caput
1520 3073 1711 3133 tuum
1768 3068 1901 3133 ista
1960 3069 2260 3134 recident.
2348 3072 2486 3147 Quo
2548 3078 2835 3154 tempore
2898 3092 2974 3133 ea

673 3169 968 3253 Gregorii
1036 3168 1310 3250 epistola
1373 3167 1526 3231 data
1591 3167 1705 3239 sit,
1782 3167 2057 3230 multum
2132 3166 2544 3250 disputarunt
2612 3168 2975 3250 scriptoreS.

672 3264 990 3329 Baronius
1038 3286 1177 3328 eam
1223 3285 1393 3328 auno
1445 3262 1569 3327 726
1621 3264 1956 3343 attribuit,
2012 3269 2280 3348 uterque
2329 3263 2569 3347 Pagius
2615 3287 2768 3329 vero
2814 3263 2973 3346 (An-

677 3362 894 3425 tonius
952 3368 1017 3424 et
1063 3359 1460 3439 Franciscus)
1514 3381 1686 3423 anno
1738 3360 1879 3423 730.
1974 3359 2227 3424 Caeteri
2277 3360 2394 3423 viri
2455 3361 2687 3425 eruditi
2745 3362 2811 3424 in
2863 3384 2974 3425 va-

674 3458 801 3521 rias
861 3457 1105 3539 pariter
1168 3462 1382 3538 partes
1443 3456 1767 3539 abierunt3
1838 3456 1945 3520 sed
2009 3457 2445 3539 quaestionem
2507 3457 2779 3520 multum
2841 3459 2974 3521 elu-

856 3679 898 3745 1)
936 3679 1258 3748 Disceptant
1291 3678 1496 3735 eruditi
1544 3680 1611 3735 de
1649 3696 1812 3736 sensu
1847 3682 2036 3735 horum
2072 3681 2375 3735 verborum.
2450 3682 2682 3735 Videtur
2717 3681 2976 3734 Pontifex

677 3759 919 3813 alludere
957 3760 1026 3811 ad
1076 3758 1486 3813 commotionem
1522 3760 1901 3814 vehementem
1946 3760 2235 3825 Italorum,
2286 3760 2375 3827 qui
2425 3761 2537 3828 jam
2581 3760 2762 3828 parati
2800 3770 2975 3825 erant,

677 3843 739 3891 ut
775 3837 940 3891 armis
978 3837 1216 3905 arreptis
1253 3836 1581 3904 Imperatori
1617 3838 1936 3894 resisterent
1981 3844 2038 3893 et
2075 3838 2193 3906 ejus
2231 3838 2465 3893 dominio
2505 3854 2564 3893 se
2598 3838 2815 3906 penitus
2854 3839 2976 3891 sub-

677 3917 950 3970 ducerent.
1007 3916 1162 3971 Unde
1204 3916 1253 3970 si
1290 3916 1595 3983 Imperator
1632 3916 1860 3970 Romam
1897 3915 2138 3971 misisset
2172 3916 2375 3972 milites
2412 3924 2603 3972 contra
2637 3916 2977 3976 Pontificem,

677 3996 724 4049 is
761 4010 891 4049 vero
929 3995 1064 4063 fuga
1112 4001 1272 4063 capta
1319 3995 1504 4049 urbem
1554 3995 1898 4062 reliquisset,
1946 4011 2071 4049 mox
2120 3997 2185 4049 ad
2238 4012 2358 4050 eum
2407 3997 2667 4051 tuendum
2703 3996 2836 4050 Itali
2876 3997 2976 4050 cir-

678 4073 967 4128 cumvicini
1005 4075 1400 4138 surrexissent,
1447 4074 1603 4140 isque
1648 4073 1706 4128 in
1741 4079 1864 4129 tuto
1902 4074 2114 4129 fuisset.
2188 4075 2252 4129 V.
2291 4076 2490 4140 Balan‚
2536 4074 2718 4154 Storia
2755 4074 2981 4129 d'Italia

678 4153 799 4206 Vol.
838 4153 910 4205 II.
949 4152 1009 4204 L.
1048 4151 1201 4207 XIII.
1241 4171 1291 4207 n.
1331 4153 1434 4205 III.
