3270 5028
1047 454 1278 508 Photius
1314 453 1851 521 pseudopatriarcha.
2501 456 2604 507 375

277 595 537 678 byteris
600 618 994 675 concessum,
1068 598 1179 661 illa
1243 600 1529 678 potestas
1593 596 2012 670 confirmandi
2082 596 2604 679 presbyterorum

280 692 702 756 orientalium
763 694 1125 758 reducenda
1186 697 1302 757 est.
1399 692 1499 757 Ac
1562 695 1760 757 talem
1822 695 2210 776 potestatem
2267 691 2605 756 schismate

280 790 546 872 quidem
595 812 710 873 per
755 812 823 854 se
868 803 1005 855 non
1053 791 1367 854 amittunt
1407 791 1504 854 illi
1550 790 1930 872 presbyteri,
1976 790 2086 853 sed
2133 793 2336 854 cessat
2383 788 2603 852 eadem

278 907 402 968 per
448 908 811 968 expressam
858 886 1041 951 Sedis
1088 886 1494 969 Apostolicae
1541 885 2064 950 interdictionem
2111 887 2209 949 vel
2255 886 2602 948 revocatio-

280 1003 456 1045 nem.
471 980 515 1059 ¹)
625 983 894 1047 Etiamsi
958 984 1155 1067 igitur
1197 982 1432 1046 Photii
1497 982 1855 1065 presbyteri
1919 981 2258 1045 schismate
2325 981 2604 1046 excitato

279 1100 403 1161 per
449 1100 519 1142 se
563 1101 696 1143 non
730 1057 1099 1143 amisissent
1145 1078 1565 1144 confirmandi
1596 1071 1995 1160 facultatem,
2043 1101 2117 1142 ea
2162 1083 2383 1143 tamen
2428 1083 2602 1141 certe

189 1231 208 1242 .
280 1175 585 1239 destituti
628 1185 786 1240 sunt
821 1198 913 1255 eo,
962 1174 1134 1259 quod
1180 1199 1217 1239 a
1262 1174 1530 1239 Nicolao
1561 1176 1612 1240 Ι.
1662 1177 1835 1239 omni
1881 1179 2206 1258 potestate
2238 1196 2419 1239 sacra
2463 1198 2601 1238 mu-

282 1292 448 1335 nera
512 1273 848 1337 exercendi
915 1274 1155 1356 privati
1225 1277 1459 1336 essent.
1569 1270 1650 1334 In
1726 1272 1994 1335 concilio
2067 1271 2359 1335 Romano
2430 1272 2602 1334 enim

285 1390 508 1433 mense
555 1370 763 1452 Aprili
821 1393 878 1433 a.
929 1371 1057 1433 863
1117 1369 1369 1444 habito,
1436 1367 1741 1432 Pontifex
1785 1372 2105 1433 statuerat
2149 1368 2403 1433 decreto
2448 1367 2601 1433 HL:

285 1465 464 1541 „Eos
513 1487 692 1541 vem,
742 1489 901 1549 quos
947 1467 1218 1530 Photius
1265 1464 1622 1548 neophytus
1670 1473 1735 1528 et
1783 1464 2085 1529 CPtanae
2133 1464 2297 1536 sedis
2344 1465 2603 1529 invasor

284 1563 354 1625 in
405 1562 697 1645 quolibet
742 1564 1165 1627 ecclesiastico
1206 1561 1433 1625 ordine
1474 1562 1786 1643 provexit,
1834 1562 2141 1645 quoniam
2185 1561 2601 1625 manifestum

286 1667 408 1736 est,
456 1681 562 1722 eos
608 1660 675 1722 in
726 1659 1022 1723 omnibus
1064 1648 1527 1723 consecratoris
1568 1659 1666 1721 sui
1715 1659 2141 1741 pravitatibus
2184 1659 2602 1735 consensisse,

189 1814 192 1817 .
286 1758 485 1838 atque
538 1757 594 1819 ei
644 1762 785 1838 post
832 1756 1233 1819 invasionem
1281 1753 1778 1836 communicare,
1833 1756 2007 1819 omni
2070 1756 2344 1819 clericali
2390 1754 2600 1818 officio

284 1852 613 1933 privamus
661 1856 721 1915 et
773 1853 1123 1935 apostolica
1171 1856 1365 1935 atque
1411 1853 1722 1915 canonica
1768 1854 2150 1915 auctoritate
2198 1856 2263 1915 et
2309 1850 2603 1933 synodali

285 1948 545 2011 decreto
601 1969 705 2011 eos
766 1950 1021 2032 penitus
1081 1945 1688 2032 sequestramus.“2)
1783 1947 1999 2030 Atque
2061 1950 2253 2012 etiam
2323 1947 2597 2011 Hadria-

285 2065 408 2107 nus
456 2043 539 2108 ΙΙ.
582 2046 650 2107 in
699 2046 967 2128 epistola
1014 2045 1289 2127 quadam
1337 2043 1416 2108 ad
1446 2043 1778 2128 Ignatium
1828 2044 2254 2127 patriarcham
2304 2044 2600 2124 advertit,

287 2140 694 2223 presbyteros
740 2142 1087 2205 orientales
1133 2142 1203 2204 in
1249 2140 1556 2225 Bulgaria
1613 2141 1812 2205 fuisse
1858 2142 2130 2205 asseclas
2179 2140 2430 2219 Photii‚
2488 2141 2599 2224 qui

288 2259 424 2300 non
480 2238 683 2301 solum
738 2238 806 2300 in
868 2238 978 2301 illa
1038 2239 1333 2321 regione,
1398 2238 1507 2301 sed
1563 2237 1634 2300 in
1694 2241 1836 2301 tota
1883 2237 2165 2301 Ecclesia
2212 2260 2324 2319 per
2370 2236 2595 2301 Sedem

286 2334 725 2416 Apostolicam
803 2334 976 2397 omni
1046 2333 1349 2397 exercitio
1407 2333 1785 2397 sacerdotali
1852 2334 2178 2398 interdicti
2243 2328 2596 2410 fuerant33)

467 2603 509 2669 ¹)
555 2605 644 2657 Ita
681 2620 793 2657 rem
832 2619 889 2657 se
935 2603 1158 2669 habere,
1210 2603 1496 2671 colligitur
1542 2619 1606 2657 ex
1656 2602 1824 2656 variis
1863 2603 2203 2658 documentis
2250 2603 2598 2657 auctoritatis

287 2682 692 2737 ecclesiasticae
741 2698 877 2748 quae
923 2683 1065 2734 hanc
1119 2683 1495 2749 quaestionem
1550 2687 1820 2748 spectant.
1895 2682 1983 2735 Sic
2033 2682 2322 2736 concilium
2375 2682 2597 2750 provin-

288 2762 423 2816 ciale
461 2761 722 2834 smyrnae
771 2778 816 2815 a.
861 2764 995 2814 1869
1046 2761 1112 2814 ab
1151 2761 1418 2829 episcopis
1466 2761 1659 2815 latinis
1696 2761 1846 2814 illius
1897 2762 2209 2829 provinciae
2248 2762 2597 2827 celebratum,

290 2847 419 2894 sect.
458 2842 532 2894 II.
572 2857 687 2908 cap.
725 2841 801 2894 II.
848 2842 913 2895 de
962 2840 1372 2895 confirmatione
1420 2846 1522 2893 art.
1563 2844 1611 2894 3.
1653 2840 1918 2894 declarat:
1973 2841 2159 2908 „Quod
2203 2856 2334 2894 vero
2382 2844 2598 2908 spectat

288 2920 356 2973 ad
412 2920 869 2974 confirmationem
922 2919 1349 2974 acatholicorum
1407 2920 1547 2973 ritus
1604 2919 1920 2984 orientaliS,
1984 2919 2076 2986 qui
2142 2919 2328 2974 divino
2392 2919 2595 2974 lumine

288 2998 557 3051 illustrati
611 2999 679 3051 ad
736 2998 1037 3052 catholicae
1093 2998 1375 3052 Ecclesiae
1439 2999 1706 3066 gremium
1762 3003 2140 3063 revertuntur,
2205 2999 2456 3051 standum
2512 3005 2623 3052 est.

290 3077 551 3131 decisioni
597 3093 878 3144 supremae
919 3077 1376 3145 Congregationis
1415 3078 1465 3130 S.
1506 3077 1686 3131 Officii
1731 3077 1913 3130 editae
1952 3077 2049 3130 sub
2088 3077 2175 3133 die
2226 3080 2306 3131 15.
2345 3077 2595 3131 Januarii

237 3225 244 3229 .
293 3158 451 3220 1766,
502 3172 637 3223 quae
690 3161 775 3209 est
826 3155 1104 3222 sequentis
1152 3157 1386 3209 tenoris:
1439 3157 1583 3225 „„St..
1623 3157 1890 3209 Dominus
1941 3156 2189 3210 Clemens
2231 3157 2385 3224 Papa
2420 3157 2595 3212 XIII..

290 3233 489 3288 auditis
527 3235 674 3288 votis
711 3235 1024 3301 Emmorum
1069 3234 1178 3287 ΡΡ.
1219 3235 1586 3288 Cardinalium
1625 3234 2015 3301 Inquisitorum
2063 3235 2426 3303 generalium,
2474 3251 2595 3289 cen-

292 3314 399 3366 suit
447 3329 556 3367 non
608 3313 889 3380 expedire,
948 3314 1090 3379 quod
1139 3313 1439 3367 confirmati
1488 3331 1520 3366 a
1570 3314 1944 3368 sacerdotibus
1998 3313 2363 3367 schismaticis
2419 3315 2594 3368 denuo

288 3392 553 3446 liniantur
596 3398 725 3458 post
760 3392 995 3447 reditum
1033 3393 1102 3445 ad
1139 3393 1435 3458 unitatem,
1485 3398 1541 3446 et
1592 3393 1662 3445 ad
1697 3399 1958 3447 mentem:
2006 3394 2161 3447 Mens
2200 3397 2311 3459 est,
2359 3394 2499 3459 quod
2538 3393 2595 3445 in

291 3472 499 3525 casibus
535 3471 956 3538 particularibus
995 3472 1371 3539 inquirendum
1399 3471 1488 3537 sit,
1527 3488 1761 3537 quonam
1798 3472 1852 3525 in
1892 3472 2010 3526 loco
2047 3472 2292 3526 conversi
2329 3473 2399 3524 ad
2435 3472 2593 3525 fidem

288 3551 488 3604 fuerint
525 3551 849 3617 confirmati;
901 3551 1103 3604 etenim
1147 3551 1205 3603 in
1241 3551 1508 3619 Bulgaria
1556 3556 1612 3604 et
1649 3551 1707 3603 in
1744 3551 1920 3618 Cypro
1966 3550 2146 3604 insula
2193 3555 2289 3603 aut
2332 3550 2390 3602 in
2425 3550 2594 3604 Italia

291 3637 344 3684 et
378 3629 572 3683 insulis
621 3628 1001 3698 adjacentibus
1052 3635 1149 3682 aut
1196 3645 1361 3697 penes
1409 3629 1711 3683 Maronitas
1744 3630 2102 3692 LibanenseS‚
2150 3639 2246 3682 aut
2290 3629 2592 3695 ubicunque

293 3708 389 3761 fuit
428 3709 563 3763 haec
604 3708 840 3761 facultas
893 3724 1156 3797 expresse
1195 3710 1477 3774 adempta,
1517 3696 1700 3762 denuo
1749 3707 2052 3761 confirmari
2089 3707 2290 3761 debent
2327 3707 2592 3762 absolute.

291 3788 342 3841 Si
375 3804 503 3842 vero
543 3787 845 3841 confirmati
881 3787 1090 3842 fuerint
1127 3787 1184 3839 in
1213 3786 1496 3853 Valachia,
1534 3787 1828 3852 Moldavia,
1868 3787 2004 3840 Asia
2040 3790 2162 3851 etc„
2200 3791 2256 3840 et
2293 3787 2592 3853 ubicunque

290 3867 518 3921 facultas
557 3881 665 3919 non
703 3866 810 3919 fuit
848 3882 1099 3934 expresse
1136 3871 1413 3931 revocata,
1451 3865 1632 3920 valide
1671 3865 1974 3924 confirmati
2010 3863 2278 3919 fueruntf
2291 3865 2314 3888 “
2374 3865 2440 3918 V.
2473 3864 2593 3918 Col-

290 3946 444 3999 lectio
484 3945 847 3999 Con‘ciliorum
883 3946 1141 4000 Lacensis
1178 3950 1220 4000 t.
1251 3945 1347 3998 VI.
1388 3961 1437 4012 p.
1477 3947 1597 4000 569.
1637 3944 1916 4012 (Friburgi
1959 3945 2138 4011 1882.)

458 4023 502 4091 ²)
539 4025 714 4079 Nicol.
755 4041 835 4091 ep.
877 4029 922 4078 7.
964 4025 1149 4079 Labbe
1174 4024 1330 4078 VIII.
1369 4027 1489 4077 288.

467 4103 509 4169 3)
578 4105 680 4155 Τοῦ
748 4104 956 4155 Φωτιόυ
1019 4102 1268 4155 κοινωνοὶ
1330 4102 1421 4154 καὶ
1483 4102 1802 4168 συμμύστοι,
1871 4103 1962 4159 οὓς
2024 4101 2086 4153 οὐ
2141 4103 2302 4171 μόριον
2367 4102 2439 4158 εἷς
2494 4102 2590 4169 τὴν

294 4183 611 4250 Βουλγάρων
674 4182 884 4248 χώραν,
961 4183 1088 4235 ἆλλὰ
1150 4183 1241 4235 καὶ
1310 4183 1383 4239 εἰς
1445 4190 1618 4253 πᾶσαν
1683 4181 1971 4248 ἐκκλησίαν
2027 4181 2102 4238 ὥς
2158 4183 2311 4247 ἱερεῖς
2365 4181 2591 4248 ἐνεργεῖν

2638 1183 2916 1226 Confirmatio

2673 1246 2881 1288 invalida.
