3270 5028
647 410 717 460 34
1381 408 1464 463 De
1502 408 1713 463 haeresi
1753 391 2229 462 Iconoclastarum.

649 570 773 613 nae
838 549 1262 632 separationis
1330 550 1560 615 Italiae
1628 551 1709 614 ab
1775 548 2052 634 Imperio
2122 548 2423 613 Orientis.
2541 549 2679 614 Imo
2756 572 2954 634 quum

650 645 911 709 monitis
955 646 1088 709 suis
1133 645 1301 710 idem
1328 645 1638 711 Pontifex
1682 646 2018 721 institerit,
2063 650 2137 709 ut
2177 668 2214 710 a
2253 646 2427 710 lucta
2471 652 2698 711 contra
2743 668 2961 711 sacras

647 741 963 823 imagines
1018 739 1377 824 Imperator
1438 743 1790 824 recederet,
1864 763 2188 826 quumque
2256 762 2332 804 ex
2395 741 2740 806 Anastasio
2804 742 2955 807 Itali

648 834 1199 918 supplicationum
1254 836 1501 919 scripta
1535 858 1665 919 pro
1715 835 2040 920 eriyendis
2088 835 2491 919 ima-ciuibus
2535 838 2832 902 miserint
2875 837 2957 900 ad

648 932 1137 1017 Imperatorem,
1205 955 1283 997 ex
1354 934 1524 999 hisce
1594 935 1808 1018 potius
1873 934 2209 1008 suadetur,
2274 933 2470 999 Italos
2533 934 2613 997 ab
2675 933 2962 1017 Imperio

650 1052 781 1094 non
831 1029 1155 1094 defecisse.

332 1137 608 1209 Argumepta
824 1126 926 1189 37.
1001 1123 1253 1189 Nititur
1327 1127 1584 1210 quidem
1658 1126 1928 1203 Sandini
2001 1127 2044 1192 l.
2122 1149 2174 1193 c.
2260 1127 2456 1191 etiam
2531 1126 2688 1190 haec
2762 1148 2953 1211 argu-

354 1202 591 1246 ⁰⁰¹¹t¹⁸¹¹⁸’
648 1227 869 1286 menta
922 1226 1105 1285 acute
1161 1221 1423 1288 diluere.
1530 1222 1864 1301 Advertit,
1923 1245 1997 1288 ea
2057 1245 2218 1307 quae
2275 1245 2354 1286 ex
2417 1221 2615 1287 Paulo
2666 1222 2960 1289 Diacono

648 1324 715 1383 et
774 1318 1124 1383 Anastasio
1192 1318 1556 1382 afferuntur
1613 1321 1966 1395 contraria,
2031 1323 2320 1402 spectare
2384 1319 2595 1403 priora
2663 1323 2957 1403 tempora

649 1414 944 1497 Gregorii
991 1412 1108 1490 11.;
1176 1416 1255 1479 ab
1312 1415 1678 1479 obedientia
1730 1421 1797 1481 et
1854 1438 1893 1479 a
1946 1416 2207 1481 tributis
2261 1417 2473 1499 ipsum
2527 1417 2787 1481 solvisse
2832 1416 2956 1480 Ita-

644 1513 739 1575 los
799 1510 1045 1574 ultimis
1107 1511 1299 1576 annis
1361 1513 1778 1595 pontificatus
1841 1513 1970 1589 sui,
2031 1510 2290 1593 quando
2350 1510 2591 1577 claruit
2649 1512 2736 1593 (a.
2793 1512 2962 1592 730)

646 1603 905 1670 malitia
962 1604 1392 1688 Imperatoris
1402 1626 1429 1687 ,·
1489 1630 1700 1692 neque
1761 1611 1832 1674 in
1892 1611 2093 1693 gestis
2157 1609 2451 1690 Gregorii
2512 1608 2636 1674 ΠΙ.
2709 1610 2956 1692 aliquid

643 1704 951 1780 inveniri,
1022 1703 1195 1787 quod
1259 1705 1616 1769 narrationi
1680 1706 2064 1789 scriptorum
2130 1714 2502 1789 graecorum
2570 1710 2955 1788 opponatur.

646 1800 844 1881 Hanc·
902 1800 1104 1884 igitur
1172 1822 1308 1865 esse
1377 1801 1864 1867 admittendam.
1902 1862 1922 1872 ,.
1980 1800 2227 1866 Similia
2295 1803 2490 1866 etiam
2559 1801 2700 1867 Em.
2768 1801 2955 1867 Oard.

647 1896 965 1962 Bartolini
1041 1897 1082 1960 l.
1161 1919 1211 1962 c.
1287 1897 1509 1962 habet.
1600 1934 1675 1943 —
1767 1896 1893 1962 Sed
1966 1900 2199 1962 mirum
2273 1920 2428 1961 sane
2504 1903 2630 1975 est,
2715 1899 2961 1963 latinos

578 1982 593 2037 f
647 1994 986 2076 scriptores
1054 1992 1131 2057 de
1198 1995 1316 2059 tali
1383 1995 1555 2059 facto
1628 1994 1960 2060 Pontificis
2030 2016 2104 2059 ac
2169 1993 2247 2058 de
2316 2000 2576 2077 peracta
2645 1995 2953 2059 Italorum

647 2090 1003 2155 defectione
1073 2092 1155 2155 ab
1218 2091 1613 2174 Imperatore
1680 2111 1761 2155 ne
1828 2092 2094 2155 verbum
2157 2091 2413 2174 quidem
2476 2091 2700 2155 dicere.
2817 2088 2959 2156 Iste

566 2216 583 2247 .·
648 2192 914 2252 eventus
990 2190 1207 2272 magni
1281 2189 1592 2252 momenti
1665 2187 1840 2253 haud
1907 2188 2090 2252 facile
2159 2188 2467 2253 oblivioni
2538 2187 2727 2253 datus
2798 2188 2952 2251 fuis-

579 2336 585 2342 .
645 2288 762 2349 set.
875 2286 1177 2361 Quamvis
1243 2284 1364 2349 hoc
1443 2290 1895 2369 argumentum
1971 2285 2058 2349 sit
2120 2285 2522 2368 negativum,
2604 2285 2666 2348 vi
2734 2289 2954 2348 tamen

648 2402 766 2444 sua
837 2403 970 2446 non
1044 2385 1238 2445 caret.
1358 2379 1453 2444 Ea
1529 2403 1678 2445 vero
1754 2403 1918 2465 quae
1993 2382 2069 2445 de
2141 2381 2384 2445 ultimis
2461 2403 2717 2464 quoque
2795 2380 2954 2444 Gre-

645 2478 809 2562 gorii
861 2476 952 2543 H.
1025 2480 1214 2544 annis
1285 2482 1348 2543 et
1418 2479 1495 2543 de
1562 2478 1943 2563 pontificatu
2005 2476 2299 2561 Gregorii
2347 2476 2461 2544 III.
2525 2478 2608 2542 ab
2673 2478 2956 2546 Anasta·

645 2576 739 2640 sio
794 2576 1195 2651 referuntur,
1253 2576 1544 2659 quamvis
1602 2575 1896 2640 absolute
1952 2597 2096 2640 cum
2152 2576 2593 2658 suppositione
2652 2575 2953 2640 defectio·

648 2673 748 2736 nis
806 2672 1035 2737 Italiae
1094 2694 1227 2737 non
1287 2675 1610 2755 pugnent,
1675 2671 1932 2735 difficile
1991 2676 2211 2736 tamen
2267 2693 2411 2736 cum
2475 2693 2550 2736 ea
2606 2673 2959 2736 consistere

647 2791 836 2852 posse
910 2769 1230 2833 videntur.
1358 2767 1702 2832 Praeterea
1778 2768 1966 2833 facile
2046 2769 2183 2833 fieri
2262 2769 2504 2852 potuit,
2592 2772 2667 2832 ut
2741 2768 2954 2853 graeci

645 2867 1018 2950 scriptores,
1096 2867 1194 2930 vel
1276 2866 1489 2948 potius
1563 2864 1991 2948 Theophanes
2068 2889 2144 2931 ex
2218 2888 2344 2949 quo
2415 2865 2644 2949 reliqui
2720 2864 2954 2928 hause-

646 2967 832 3043 runt,
918 2963 1132 3027 minus
1210 2964 1503 3026 accurate
1576 2983 1739 3044 quae
1813 2962 1883 3026 in
1959 2960 2153 3027 Italia
2236 2961 2584 3026 acciderint
2663 2964 2955 3036 nossent,

646 3060 958 3142 quaedam
1003 3058 1502 3137 confunderent,
1550 3062 1615 3123 et
1662 3058 1732 3122 in
1777 3060 2147 3123 narratione
2194 3061 2501 3122 errarent.
2589 3055 2761 3121 Sane
2801 3057 2951 3121 Itali

648 3166 712 3223 et
783 3158 1118 3241 praecipue
1189 3156 1466 3220 Romani
1531 3153 1606 3217 de
1672 3153 1847 3236 facto
1919 3152 2159 3242 Leonis
2228 3153 2565 3219 conatibus
2633 3155 2693 3217 vi
2764 3154 2954 3217 resti·

646 3259 897 3331 terunt,
961 3259 1027 3318 et
1084 3275 1282 3337 quum
1340 3274 1379 3315 a
1426 3251 1875 3337 Longobardis
1929 3252 2119 3315 etiam
2178 3255 2654 3334 premerentur,
2720 3273 2793 3315 eo
2851 3271 2956 3315 res

646 3353 933 3426 devenit,
1002 3358 1076 3414 ut
1138 3350 1404 3413 ducibus
1466 3371 1582 3431 pro
1646 3349 1913 3413 arbitrio
1978 3349 2195 3414 electis
2255 3348 2374 3431 ipsi
2442 3347 2566 3411 sibi
2625 3346 2955 3429 providere

646 3447 1010 3525 studerent,
1088 3450 1154 3510 et
1220 3446 1566 3510 auctoritas
1637 3445 1984 3527 imperialis
2051 3445 2184 3508 fere
2252 3444 2434 3507 nulla
2502 3448 2691 3508 esset.
2808 3442 2953 3506 Tri-

646 3546 805 3610 buta
851 3545 922 3609 in
978 3545 1105 3608 ista
1160 3544 1521 3608 animorum
1566 3543 1992 3607 commotione
2048 3542 2241 3605 etiam
2290 3546 2582 3604 recusata
2628 3560 2795 3616 esse,
2854 3540 2952 3603 fa-

646 3643 765 3708 cile
832 3641 1094 3717 dixeris,
1171 3640 1271 3703 vel
1338 3639 1566 3703 saltem
1632 3638 2107 3722 impositionem
2176 3637 2326 3700 novi
2392 3636 2624 3699 tributi
2692 3636 2952 3720 impedi·

646 3745 798 3804 tam.
890 3737 1062 3801 Hinc
1114 3737 1328 3819 potuit
1386 3735 1552 3811 fieri,
1612 3739 1689 3798 ut
1742 3734 1909 3824 apud
1962 3732 2325 3797 Orientales
2383 3732 2598 3815 opinio
2652 3732 2953 3814 oriretur,

645 3836 843 3901 Italos
913 3834 1226 3898 Pontifice
1295 3836 1554 3897 auctore
1614 3853 1683 3895 se
1753 3832 1833 3894 ab
1899 3829 2258 3895 obedientia
2320 3828 2732 3911 Imperatoris
2801 3828 2950 3891 sub-

647 3934 893 3998 ducere.

823 4030 924 4094 38.
1005 4029 1111 4095 Ad
1182 4028 1426 4093 tributa
1499 4025 1668 4109 quod
1735 4026 1985 4106 spectat
2066 4021 2348 4105 profecto
2433 4020 2950 4085 animadverten-

591 4104 797 4193 idum
874 4132 1007 4212 est,
1088 4125 1506 4193 Anastasium
1577 4121 1850 4196 referre,
1928 4118 2197 4183 Paulum
2267 4117 2610 4182 exarchum
2678 4118 2951 4182 voluisse
