3270 5028
640 388 745 441 296
983 386 1131 441 XVI.
1172 386 1379 440 Causae
1419 385 1659 440 celebres
1698 391 1754 440 et
1789 385 2113 441 Decretales
2150 385 2607 441 Pseudo-Isidori.

641 529 809 593 stola
856 529 965 591 15⁸
1018 527 1097 592 ad
1143 526 1460 591 eumdem:
1509 525 1713 590 Nemo
1755 546 2068 608 unquam,
2117 528 2228 608 ait,
2273 523 2617 608 apostolico
2660 526 2978 605 culmini,

643 624 718 688 de
765 623 953 707 cujus
985 622 1243 707 Judicio
1288 643 1420 688 non
1472 621 1617 687 licet
1661 621 2041 702 retractari,
2098 643 2336 689 manus
2382 622 2602 688 obvias
2647 622 2977 689 audacter

642 718 947 805 intulit.1)

822 845 923 908 88.
986 844 1131 908 Hoc
1189 842 1570 926 principium
1630 843 1772 926 ipsa
1833 844 2015 925 praxi
2086 844 2383 926 agnitum
2441 848 2540 907 est
2585 844 2655 907 in
2710 842 2975 926 synodo

641 940 927 1005 Palmari
971 944 1057 1019 (a.
1104 939 1287 1020 505),
1348 939 1604 1022 quando
1664 941 1940 1022 episcopi
1997 939 2478 1022 declinaverunt
2531 961 2799 1003 examen
2858 941 2973 1003 in·

642 1038 908 1102 stituere
968 1034 1484 1117 sententiamque
1530 1034 1815 1117 proferre
1862 1036 1938 1100 de
1987 1036 2092 1112 iis,
2158 1057 2323 1118 quae
2386 1039 2611 1100 contra
2665 1034 2968 1119 Symma-

643 1134 833 1199 chum
877 1133 953 1195 R.
1003 1133 1073 1196 P.
1130 1130 1649 1215 proferebantur‚
1714 1153 1787 1196 ac
1832 1131 2139 1196 Pontifex
2197 1154 2264 1195 se
2305 1133 2680 1215 juramento
2726 1153 2971 1217 purga-

643 1231 764 1306 vit3
830 1250 1083 1294 necnon
1150 1228 1219 1290 in
1290 1227 1558 1310 epistola
1627 1249 1818 1311 quam
1881 1227 2111 1292 Avitus
2172 1226 2561 1304 Viennensis
2625 1230 2971 1313 episcopus

644 1326 971 1392 occasione
1037 1324 1210 1388 illius
1279 1322 1508 1405 synodi
1584 1324 1848 1387 nomine
1918 1325 2206 1388 omnium
2273 1325 2638 1407 praesulum
2707 1324 2972 1389 Galliae

642 1419 976 1507 scripsit.²)
1043 1420 1262 1485 Etiam
1309 1441 1363 1483 a.
1406 1420 1534 1483 800
1582 1420 1665 1485 ob
1703 1422 1989 1485 eamdem
2034 1421 2352 1485 rationem
2390 1419 2632 1485 Romae
2679 1422 2968 1505 episcopi

643 1523 1026 1585 recusarunt
1082 1538 1293 1581 coram
1349 1514 1577 1581 Oarolo
1630 1516 1751 1597 M.,
1818 1518 2186 1581 examinare
2242 1518 2680 1581 accusationes
2734 1522 2972 1582 contra

646 1616 708 1682 S.
757 1617 1043 1681 Leonem
1090 1613 1237 1691 IIL,
1293 1634 1367 1677 ac
1410 1614 1808 1678 sententiam
1864 1614 2089 1677 dicere.
2178 1612 2346 1678 Acta
2390 1635 2649 1697 quoque
2693 1634 2967 1699 apocry-

645 1714 773 1798 pha
818 1712 1043 1796 synodi
1092 1710 1527 1776 Sinuessensis
1573 1714 1640 1773 et
1687 1709 1955 1774 Concilii
2005 1708 2283 1774 Romani
2329 1708 2415 1773 Π.
2461 1711 2581 1775 sub
2626 1710 2965 1788 Silvestre,

640 1812 778 1895 jam
846 1808 1080 1873 dudum
1144 1811 1299 1870 ante
1366 1804 1988 1870 Pseudo-Isidorum
2044 1805 2336 1889 vulgata,
2406 1828 2546 1869 eam
2614 1809 2967 1872 continent

646 1905 1061 1982 sententiam,
1112 1902 1336 1969 Sedem
1370 1902 1808 1985 Apostolicam
1857 1926 1895 1966 a
1933 1902 2189 1966 nemine
2230 1901 2522 1986 judicari.
2597 1902 2737 1968 Hoc
2782 1904 2966 1987 prin-

647 2003 883 2085 cipium
920 2001 1123 2085 igitur
1154 2000 1415 2064 omnino
1445 2020 1682 2076 verum,
1730 1999 2103 2062 nullatenus
2148 2020 2264 2080 per
2303 1997 2968 2064 Pseudo-Decretales

648 2100 927 2182 primum
972 2098 1294 2182 prolatum
1344 2097 1446 2159 vel
1491 2099 1916 2179 propagatum
1963 2090 2170 2179 fuit.3)

315 2209 631 2287 Episcopbrpzn
828 2213 929 2275 89.
995 2210 1132 2276 Nec
1192 2232 1266 2275 ea
1328 2210 1622 2276 doctrina
1683 2232 1853 2274 nova
1910 2210 2068 2287 fuit,
2133 2211 2458 2294 episcopos
2508 2214 2766 2276 vocatos
2819 2233 2967 2276 esse

315 2278 629 2381 partzffiansum-
648 2307 724 2373 in
779 2310 1041 2390 partem
1100 2303 1560 2371 sollicitudinis
1607 2304 1899 2370 Romani
1961 2302 2323 2385 Pontificia
2431 2306 2694 2371 Etenim
2758 2331 2960 2393 quum

650 2405 984 2469 Romanus
1029 2402 1334 2467 Pontifex
1392 2403 1719 2485 episcopus
1774 2404 1860 2466 sit
1912 2403 2323 2487 universalis,
2380 2405 2619 2487 praesit
2665 2406 2787 2470 toti
2836 2405 2961 2468 Ec-

648 2502 907 2578 clesiae,
968 2502 1235 2586 ejusque
1298 2499 1792 2564 sollicitudinem
1853 2506 2065 2584 gerat,
2126 2500 2528 2565 verissimum
2590 2507 2689 2566 est
2756 2506 2822 2566 et
2889 2525 2966 2567 re

651 2620 900 2682 semper
956 2598 1279 2682 agnitum,
1343 2597 1666 2679 episcopos
1724 2597 1834 2680 qui
1894 2597 2173 2661 ecclesiis
2230 2598 2724 2681 particularibus
2778 2622 2960 2686 prae-

651 2701 838 2774 sunt,
887 2700 1143 2759 vocatos
1190 2716 1323 2758 esse
1368 2694 1439 2757 in
1485 2698 1736 2777 partem
1782 2693 2228 2758 sollicitudinis
2280 2694 2557 2758 Romani
2602 2695 2956 2760 Pontificis.

652 2791 870 2856 Verba
931 2790 1090 2857 haec
1149 2791 1403 2875 quidem
1465 2790 1841 2873 deprompta
1901 2795 2054 2854 sunt
2113 2811 2190 2853 ex
2255 2790 2524 2873 epistola
2593 2791 2829 2856 Leonis
2889 2793 2966 2874 L,

653 2890 765 2972 qui
813 2887 892 2952 ad
922 2887 1341 2951 Anastasium
1372 2885 2027 2964 Thessalonicensem,
2075 2892 2335 2951 sanctae
2368 2886 2547 2951 Sedis
2593 2889 2663 2952 in
2697 2889 2960 2972 Illyrico

651 2985 986 3061 vicarium,
1051 2984 1299 3048 scribit:
1381 2980 1557 3046 Vices
1623 2981 1796 3046 enim
1861 2985 2121 3046 ‘nostras
2192 2981 2290 3046 ita
2357 2986 2508 3047 tuae
2571 2983 2963 3048 credidimus

654 3079 939 3159 caritati,
986 3083 1061 3145 ut
1104 3079 1179 3144 in
1214 3083 1476 3160 partem
1521 3081 1784 3142 vocatus
1829 3079 1919 3142 sis
1951 3077 2428 3159 sollicitudiniS,
2468 3101 2601 3146 non
2645 3081 2721 3146 in
2753 3081 2962 3162 pleni-

656 3176 944 3242 tudinem
999 3174 1416 3258 potestatis.4)
1506 3176 1821 3240 Attamen
1881 3175 2032 3239 dum
2089 3178 2481 3242 sententiam
2535 3178 2712 3243 illam
2758 3179 2963 3242 Isido-

833 3401 876 3469 1)
915 3402 1194 3455 Constant.
1232 3403 1268 3454 1.
1309 3418 1353 3456 c.
1390 3419 1443 3468 p.
1483 3403 1635 3455 1035.
1678 3403 1828 3456 1042.

835 3480 879 3548 2)
915 3481 984 3535 V.
1021 3480 1205 3534 Labbe
1241 3481 1337 3533 IV.
1377 3481 1530 3533 1362.

836 3558 874 3624 3)
913 3558 1023 3612 Cir.
1062 3559 1491 3627 Hergenrother,
1527 3559 1862 3614 Anti-Janus
1898 3577 1950 3627 p.
1989 3562 2058 3613 98
2097 3575 2208 3627 sqq.

835 3639 876 3704 ⁴)
921 3637 1098 3705 Epist.
1146 3641 1232 3691 84.
1270 3637 1480 3705 Operae
1525 3639 1759 3707 pretium
1796 3645 1884 3692 est
1931 3654 1998 3692 ex
2033 3639 2137 3692 hac
2184 3639 2420 3706 epistola
2466 3639 2633 3694 etiam
2656 3654 2745 3693 „ea
2793 3639 2966 3693 citare

659 3733 797 3785 quae
845 3733 1037 3770 causas
1085 3717 1319 3786 majores
1370 3723 1641 3785 spectant.
1725 3717 1781 3773 C.
1816 3717 1942 3771 VII.
1994 3718 2110 3786 „De
2160 3717 2406 3772 conciliis
2457 3725 2640 3773 autem
2687 3718 2965 3787 episcopa-

656 3796 801 3851 libus
852 3812 960 3850 non
1011 3796 1159 3849 aliud
1212 3796 1531 3861 indicimus,
1585 3813 1744 3864 quam
1799 3797 1976 3850 sancti
2031 3793 2222 3863 patres
2283 3797 2580 3852 salubriter
2628 3797 2966 3863 ordinarunt,

658 3883 724 3929 ut
760 3874 973 3929 scilicet
1018 3873 1132 3928 bini
1180 3882 1480 3930 conventus
1529 3891 1626 3943 per
1674 3891 1846 3928 annos
1894 3875 2142 3944 singulos
2189 3876 2517 3942 habeantur,
2566 3876 2624 3929 in
2669 3876 2859 3942 quibus
2897 3877 2963 3930 de

661 3953 906 4008 omnibus
946 3953 1205 4020 querelis,
1251 3970 1388 4022 quae
1439 3954 1585 4009 inter
1622 3954 1869 4017 diversos
1904 3954 2189 4009 Ecclesiae
2233 3955 2449 4009 ordines
2495 3954 2647 4009 nasci
2696 3956 2967 4020 adsolent,

658 4032 949 4102 judicetur.
1021 4032 1099 4086 At
1155 4032 1201 4086 si
1246 4033 1388 4087 forte
1441 4034 1589 4087 inter
1640 4034 1789 4101 ipsos
1845 4033 1934 4099 qui
1985 4040 2278 4101 praesunt,
2324 4035 2404 4091 ,de
2436 4035 2751 4103 maioribus
2802 4033 2963 4103 (quod

661 4112 830 4180 absit)
877 4111 1118 4180 peccatis
1167 4128 1330 4166 causa
1374 4121 1660 4180 nascatur,
1708 4127 1845 4180 quae
1889 4112 2212 4179 provinciali
2259 4119 2496 4180 nequeat
2542 4113 2788 4169 examine
2839 4113 2966 4168 defi-
