3270 5028
1082 375 1120 434 χ
1229 435 1399 488 Initia
1436 434 1735 490 scissionis,
2542 441 2657 515 {345

300 574 566 639 tatoris
633 576 830 662 legati
900 574 1326 661 afferebant.¹)
1442 573 1506 640 S.
1559 575 1864 643 Nicolaus
1928 576 2106 661 Papa
2178 580 2425 664 legatos
2500 602 2653 645 cum

300 669 564 736 litteris
614 673 896 757 benigne
942 672 1195 757 quidem
1228 674 1489 758 recepit,
1539 677 1833 738 attamen
1882 674 2063 757 vagis
2110 675 2471 741 rumoribus
2508 678 2647 761 jam

305 769 1037 848 percrebrescentibu8‚
1113 769 1247 853 ipse
1295 770 1745 853 suspicabatur
1794 770 2051 835 fraudes
2093 770 2512 849 Graecorum,
2581 777 2647 835 et

306 877 577 946 magna
632 887 771 929 cum
824 865 1167 949 prudentia
1220 888 1322 930 res
1377 867 1707 950 disposuit.
1806 864 2011 948 Cujus
2055 866 2327 948 (photii)
2384 866 2646 951 leyatio-

303 978 501 1040 nem,
566 962 660 1025 ait
704 962 1119 1039 Anastasius,
1175 963 1528 1045 praefatus
1582 969 1877 1027 summus
1922 961 2237 1045 Pontifex
2289 963 2655 1047 suscipiens

306 1058 375 1118 et
416 1061 883 1137 pertractans,
943 1056 1088 1122 licet
1140 1057 1469 1139 hucusque
1523 1058 1966 1124 versutiarum
2014 1059 2156 1141 ejus
2200 1063 2395 1140 atque
2449 1064 2653 1143 qesto-

306 1172 478 1217 rum
528 1152 839 1235 iynarus,
883 1174 1095 1237 paene
1140 1160 1372 1219 cuncta
1420 1175 1584 1237 quae
1630 1155 1710 1238 ab
1758 1176 1828 1220 eo
1874 1160 2020 1221 acta
2061 1156 2371 1241 fuerant,
2431 1156 2663 1241 sayaci

308 1248 753 1331 deprehendit
808 1250 1121 1317 acumine.
1128 1249 1180 1336 2)
1286 1251 1543 1336 Synodo
1600 1253 1750 1317 dein
1797 1252 2039 1318 Romae
2095 1254 2318 1319 habita
2374 1254 2654 1320 decrevit

309 1346 483 1411 duos
534 1350 788 1433 legatos
819 1347 1444 1460 Constantinopolim
1493 1349 1754 1414 mittere
1801 1349 1880 1414 ad
1920 1351 2183 1434 negotia
2229 1333 2655 1417 ecclesiastica

308 1443 573 1509 ibidem
618 1445 978 1511 tractanda.
1057 1444 1222 1521 Quid
1266 1446 1345 1510 iis
1393 1447 1800 1511 commissum
1847 1446 2065 1524 fuerit,
2113 1448 2280 1512 clare
2328 1448 2654 1531 colligitur

312 1562 399 1604 ex
471 1543 747 1625 epistola
810 1542 878 1605 9·
921 1540 1201 1618 Nicolai‚
1278 1564 1472 1626 quam
1533 1543 1864 1625 aliquanto
1930 1551 2074 1625 post
2138 1542 2247 1606 ad
2271 1542 2649 1607 ΜίοὶιαόΙωῑη

197 1711 206 1716 ,
304 1635 500 1718 Imp.
548 1639 821 1722 scripsit.
918 1636 1091 1717 Quia
1135 1637 1310 1702 inter
1355 1642 1633 1715 caetera,
1682 1640 1931 1722 inquit,
1981 1649 2145 1718 quae
2189 1637 2267 1701 de
2310 1638 2654 1704 schismate
2672 1634 2846 1687 1³⁰g³¹⁵¹
2876 1635 3000 1677 P011‘

294 1731 337 1815 j
340 1753 458 1798 am
516 1735 699 1817 fatae
738 1734 1046 1799 CPtanae
1078 1733 1371 1799 ecclesiae
1417 1733 1487 1798 hi
1515 1734 1629 1815 qui
1669 1732 1856 1798 missi
1896 1734 2174 1816 fuerant
2220 1734 2651 1813 testabantur,
2764 1695 2909 1738 tffi⁰¹⁸

314 1831 622 1896 maxime
652 1832 937 1897 eamdem
982 1829 1307 1896 ecclesiam
1366 1830 1445 1896 ab
1492 1829 1943 1895 Iconomachis
1996 1829 2350 1895 recidivam
2397 1835 2651 1896 conten-

319 1927 576 1992 tionem
624 1926 1062 1993 excitantibus
1107 1927 1479 1992 asserebant
1522 1927 1780 2006 vexari,
1846 1925 2314 2009 Christumque
2348 1948 2474 2010 per
2517 1927 2652 1992 sin-

316 2024 496 2106 yula
565 2023 1009 2090 conventicula
1080 2023 1546 2107 blasphemari:
1610 2023 1851 2088 idcirco
1923 2024 2083 2089 duos
2147 2024 2468 2107 episcopos
2540 2023 2656 2105 qui

322 2120 669 2187 nobiscum
722 2125 952 2201 erant,
1019 2120 1257 2202 quique
1320 2119 1406 2185 ad
1467 2120 1583 2184 hoc
1644 2124 1905 2185 tantum
1959 2119 2429 2203 perficiendum
2497 2140 2658 2203 opus

324 2217 556 2283 idonei
599 2238 732 2282 esse
761 2216 1168 2297 videbantur,
1215 2217 1627 2282 Rodoaldum
1674 2216 1915 2281 scilicet
1960 2221 2020 2281 et
2051 2216 2469 2296 Zachariam,
2512 2236 2651 2282 una

329 2335 484 2379 cum
538 2313 798 2379 ecclesia
860 2334 1026 2395 quae
1068 2313 1248 2396 apud
1306 2334 1423 2378 nos
1478 2317 1597 2393 est,
1660 2312 1834 2378 datis
1890 2312 2127 2378 litteris
2189 2312 2650 2379 Constantino-

329 2410 565 2493 polim,
630 2409 798 2475 idem
854 2408 1174 2475 nimirum
1227 2409 1570 2492 piaculum
1631 2414 2029 2488 execrantes,
2095 2430 2127 2474 e
2172 2408 2371 2474 latere
2429 2414 2655 2475 nostro

239 2505 248 2514 “
335 2505 722 2587 direximus,
770 2504 941 2572 nihil
982 2504 1074 2572 eis
1107 2506 1379 2590 penitus
1422 2505 1858 2591 injunyentes‚
1906 2506 2042 2572 nisi
2086 2511 2162 2572 ut
2208 2505 2656 2573 tantummodo

336 2625 605 2670 causam
637 2603 893 2686 Iynatii
926 2602 1355 2685 patriarchae
1400 2603 1516 2686 qui
1560 2608 1714 2668 ante
1759 2603 1836 2668 de
1880 2603 2139 2669 ecclesia
2171 2603 2410 2686 pulsus
2457 2623 2654 2684 quam

339 2701 421 2766 ab
466 2700 686 2784 ali-quo
718 2704 1061 2766 accusatus
1091 2699 1448 2781 exstiterat,
1496 2699 1842 2783 diliyenter
1869 2699 2360 2783 investiyarent,
2413 2703 2473 2763 et
2518 2698 2654 2764 sedi

340 2798 726 2881 apostolicae
783 2795 1120 2862 veracibus
1163 2796 1429 2879 plenius
1484 2797 1809 2879 referrent
1863 2794 2147 2860 indiciis.
2205 2846 2218 2859 .
2278 2847 2289 2859 .
2352 2846 2366 2860 .
2430 2794 2657 2860 Photii

341 2915 489 2959 vero
536 2893 1072 2959 consecrationem
1110 2914 1242 2958 non
1288 2893 1496 2959 solum
1543 2892 1811 2957 minime
1856 2891 2125 2956 interim
2185 2891 2655 2957 admittendam

343 3010 474 3054 esse
528 2988 946 3067 credidimus,
1006 3009 1231 3054 verum
1293 2989 1490 3053 etiam
1551 2987 1718 3071 ipsis
1778 2987 2008 3068 leqatis
2071 2987 2316 3052 nostris
2373 3008 2455 3052 ne
2511 3008 2655 3052 cum

342 3084 483 3168 ipso
529 3084 1103 3163 communicarent,
1158 3084 1491 3167 frequenti
1545 3105 1621 3150 ac
1678 3084 2003 3149 commoda
2045 3083 2348 3166 jussione
2392 3104 2657 3166 praece-

333 3182 575 3264 pimus.
669 3180 992 3260 Quoniam
1053 3179 1222 3245 sicut
1283 3181 1739 3263 mayniloquus
1803 3180 1936 3244 Leo
1993 3200 2168 3263 papa
2225 3179 2510 3245 scribens
2572 3179 2667 3244 ad-

344 3282 642 3344 sanctum
706 3275 1118 3342 Flavianum
1184 3275 1344 3341 dicit
1406 3277 1800 3341 antistitem:
1869 3275 2006 3341 Nos
2071 3276 2185 3358 qui
2253 3275 2662 3341 sacerdotum

346 3374 621 3441 Domini
661 3379 927 3440 matura
972 3372 1269 3438 volumus
1314 3394 1445 3438 esse
1488 3373 1780 3457 judicia,
1827 3372 1998 3437 nihil
2046 3393 2396 3456 possumus
2440 3372 2656 3455 incoq-

342 3471 504 3538 nitis
537 3471 729 3565 rebus
771 3471 1155 3552 cujusquam
1188 3469 1411 3553 partis
1462 3469 1537 3535 in
1561 3468 2051 3553 praejudicium
2083 3468 2393 3552 diffinire,
2431 3468 2663 3552 prius·-

345 3590 538 3653 quam
585 3567 896 3633 universa
959 3585 1123 3648 quae
1179 3572 1363 3649 qesta
1424 3571 1581 3632 sunt
1643 3566 1961 3632 veraciter
2019 3565 2387 3631 audiamus.
2488 3566 2657 3630 Tan-

346 3671 483 3733 tum
545 3664 637 3730 eis
693 3665 769 3729 de
823 3660 1299 3729 venerabilibus
1358 3663 1637 3729 Domini
1688 3662 1922 3728 Nostri
1966 3663 2127 3727 Jesu
2175 3660 2432 3727 Christi
2490 3662 2665 3745 ejus*

347 3784 468 3845 que
520 3760 875 3828 Genitricis
928 3780 1176 3843 semper
1233 3759 1527 3843 Wryinis
1568 3759 1831 3826 Mariae
1893 3778 1967 3824 ac
2015 3758 2406 3825 Sanctorum
2447 3757 2665 3841 ipsius

526 3933 569 4001 1)
606 3934 671 3987 ΧΤ.
708 3936 969 3988 AnastaS.
1014 3935 1073 3987 in
1119 3933 1244 3988 Vita
1280 3906 1494 3988 Nicolai
1542 3950 1586 3987 c.
1624 3934 1845 3999 XVIII,
1896 3939 1954 3988 et
1996 3932 2290 3987 Baronium
2339 3932 2408 3986 ad
2457 3948 2507 3986 a.
2555 3933 2669 3985 859

348 4031 401 4066 n.
442 4014 526 4065 59.
564 4042 632 4050 —-
678 4012 1112 4081 Descriptionem
1160 4013 1300 4067 dono
1365 4031 1417 4066 m
1464 4030 1585 4067 cum
1634 4013 1848 4066 erudita
1893 4012 2256 4079 explicatione
2303 4012 2469 4066 habes
2516 4011 2664 4078 apud

349 4091 542 4147 Hefele
582 4092 638 4145 C.
677 4093 739 4146 G.
778 4093 841 4146 B.
880 4093 976 4145 IV.
1018 4092 1067 4159 ξ.
1104 4094 1226 4144 465.
1267 4028 1454 4193 (7¹
1529 4108 1534 4113 ·

1447 4080 1471 4119 φ

526 4169 568 4237 ²)
604 4171 781 4226 Praef.
818 4171 874 4223 in
907 4171 1065 4224 Conc.
1096 4170 1268 4238 V1113
1303 4170 1487 4224 Labbe
1497 4062 1670 4273 ΧᾉΙΙ.
1708 4172 1828 4222 964.
