3270 5028
636 382 741 433 200
1186 379 1269 433 De
1308 380 1540 447 Imperio
1578 384 1635 433 et
1674 380 1740 433 de
1775 378 2025 434 Ecclesia
2058 395 2197 434 saec.
2236 394 2396 433 nono.

813 522 916 586 36.
965 521 1191 586 Altera
1260 525 1407 605 post
1480 526 1752 586 mortem
1811 519 2126 603 Stephani
2194 520 2295 584 die
2371 519 2442 583 in
2512 541 2946 585 successorem

320 619 599 723 ΡΕἘΒἛΘῙ·
636 622 776 705 ejus
845 619 1086 683 electus
1156 622 1221 681 et
1284 617 1613 682 ordinatus
1688 621 1788 682 est
1856 614 2198 681 Paschalis
2261 614 2319 681 I.
2396 617 2756 694 Romanus,
2826 616 2948 700 qui

634 715 1034 800 praepositus
1109 714 1322 778 fuerat
1407 714 1785 779 monasterii
1855 713 1919 778 S.
1987 690 2302 797 Stephani
2380 712 2457 777 ad
2522 711 2582 778 S.
2652 712 2946 778 Petrum.

635 813 699 877 Is
770 810 1108 877 confestim
1169 812 1420 895 legatos
1491 811 1671 874 misit
1731 811 1811 875 ad
1874 808 2270 874 Ludovicum
2332 808 2794 893 Imperatorem
2859 809 2947 873 ad

635 908 1064 974 renovandam
1126 907 1474 971 amicitiam
1518 910 1582 971 et
1624 908 2020 991 pactionem,
2074 907 2390 990 simulque
2435 928 2521 971 ne
2565 907 2750 971 velox
2800 907 2943 991 ejus

635 1007 861 1072 electio
946 1004 1283 1068 ambitioni
1367 1002 1861 1080 attribueretur,
1950 1005 2232 1067 testatus
2312 1006 2439 1079 est,
2535 1024 2604 1066 se
2676 1002 2945 1067 nonnisi

635 1101 925 1167 unanimi
994 1101 1144 1165 cleri
1211 1105 1276 1163 et
1336 1099 1552 1182 populi
1602 1099 1903 1182 petitioni
1967 1099 2035 1163 in
2095 1098 2495 1181 suscipiendo
2556 1101 2946 1182 pontificatu

635 1199 912 1264 cessisse.
1005 1197 1360 1280 Imperator
1407 1195 1705 1260 Pontifici
1764 1195 2194 1260 transmisisse
2241 1195 2618 1278 perhibetur
2661 1195 2946 1280 diploma

635 1294 802 1379 quod
843 1294 1072 1376 incipit
1115 1291 1259 1374 Eyo
1305 1289 1706 1370 Ludovicu8‚
1755 1313 1883 1375 quo
1930 1291 2266 1356 confirmat
2310 1291 2665 1356 anteriores
2724 1291 2945 1375 Pipini

635 1396 701 1456 et
753 1388 966 1456 Caroli
1026 1389 1406 1454 donationes
1464 1410 1576 1470 per
1632 1388 1911 1473 singula.
2003 1385 2210 1451 Simul
2269 1389 2338 1451 in
2401 1386 2621 1452 eodem
2685 1388 2946 1469 statuit,

635 1492 711 1552 ut
755 1486 1012 1571 quando
1062 1485 1393 1550 Romanus
1444 1483 1748 1547 Pontifex
1796 1506 1830 1548 e
1875 1484 2007 1549 vita
2053 1484 2413 1568 migrasset,
2459 1505 2650 1548 nemo
2696 1484 2946 1569 aliquid

637 1585 787 1648 mali
842 1584 912 1647 in
970 1583 1158 1647 terris
1210 1581 1538 1646 Romanae
1591 1582 1891 1645 ecclesiae
1952 1580 2159 1645 facere
2215 1585 2684 1664 praesumeret,
2744 1584 2948 1665 utque

636 1682 689 1745 is
748 1681 859 1764 qui
927 1679 1142 1743 divina
1196 1677 1620 1761 inspiratione
1676 1700 1714 1741 a
1777 1676 2086 1741 Romanis
2143 1677 2221 1741 ad
2278 1677 2735 1744 Pontificatum
2791 1700 2947 1743 con·

637 1777 914 1845 corditer
966 1775 1196 1839 fuisset
1240 1775 1511 1851 electus,
1572 1773 1905 1837 confestim
1958 1793 2134 1838 more
2181 1775 2486 1840 canonico
2533 1796 2946 1840 consecrare-

636 1880 765 1950 tur,
811 1873 1041 1937 deinde
1068 1893 1216 1936 vero
1264 1869 1340 1935 ad
1388 1869 1849 1954 Imperatorem
1897 1871 2099 1955 legati
2147 1869 2580 1956 dirigerentur
2625 1871 2706 1935 ad
2751 1893 2947 1936 reno-

641 1969 910 2034 vandam
972 1968 1320 2041 amicitiam
1384 1970 1451 2031 et
1510 1988 1764 2050 pacem,
1826 1967 1994 2031 sicut
2055 1989 2092 2032 a
2155 1968 2551 2051 temporibus
2609 1966 2819 2053 Pipini
2877 1972 2949 2033 et

637 2065 851 2130 Caroli
895 2063 981 2128 M.
1029 2087 1166 2128 mos
1213 2061 1666 2146 obtinuerat.¹)

344 2167 575 2210 Lotharius
813 2161 918 2226 37.
964 2159 1327 2224 Ludovicus
1399 2182 1574 2224 anno
1646 2159 1771 2223 822
1845 2158 2228 2224 Lotharium
2303 2161 2540 2229 filium
2584 2163 2940 2229 consortem

321 2243 396 2272 ¹⁶¹
426 2229 529 2271 1⁶⁸¹
517 2242 597 2271 ae
636 2259 791 2323 fecit
861 2256 1123 2342 Imperii
1194 2277 1537 2359 regemque
1614 2256 1846 2321 Italiae
1923 2257 2283 2323 constituit.
2378 2254 2690 2342 Sequenti
2769 2278 2944 2321 anno

643 2353 982 2419 Lotharius
1033 2330 1347 2417 Romam
1367 2350 1581 2429 venit,
1643 2358 1840 2435 atque
1899 2377 1938 2418 a
1993 2353 2290 2418 Paschali
2347 2355 2417 2419 in
2473 2354 2943 2437 Imperatorem

637 2444 977 2516 coronatus
1069 2454 1184 2514 est.
1257 2448 1353 2513 In
1435 2449 1592 2513 urbe
1670 2448 1924 2533 quidem
2002 2451 2289 2516 exercuit
2372 2455 2552 2517 actus
2628 2449 2943 2535 quosdam

636 2548 981 2631 imperialis
1066 2547 1438 2631 potestatis,
1523 2546 1676 2609 dum
1762 2548 1827 2611 vi
1900 2545 2274 2611 advocatiae
2359 2570 2471 2613 seu
2548 2548 2944 2613 defensionis

639 2644 958 2711 Ecclesiae
1023 2644 1317 2729 judiciali
1387 2644 1720 2709 sententia
1795 2643 1976 2707 litem
2046 2644 2304 2710 diremit
2375 2646 2551 2710 inter
2611 2644 2946 2728 imperiale

635 2740 1088 2807 monasterium
1149 2740 1461 2806 Farfense
1531 2744 1597 2805 et
1654 2762 1969 2805 cameram
2037 2741 2450 2824 apostolicam
2519 2743 2590 2806 in
2651 2742 2944 2806 favorem

635 2838 837 2913 illius3
906 2838 1015 2902 sed
1077 2844 1539 2923 exaggeratum
1599 2841 1699 2902 est
1759 2836 1929 2921 quod
1990 2835 2225 2923 Pagius
2292 2839 2371 2903 ad
2431 2862 2485 2905 a.
2557 2840 2684 2903 823
2748 2861 2812 2903 n.
2883 2840 2942 2901 1.

638 2934 927 2999 admittit
984 2956 1061 2999 ex
1116 2935 1570 3000 continuatore
1616 2935 1929 2999 historiae
1973 2931 2163 2999 Pauli
2209 2934 2508 3014 Diaconi,
2564 2935 2943 3000 Paschalem

635 3031 878 3095 scilicet
908 3028 1289 3096 Pontificem
1324 3032 1705 3098 concessisse
1745 3031 2053 3097 Lothario
2096 3037 2483 3116 potestatem
2525 3054 2717 3117 quam
2754 3031 2945 3118 prisci

633 3127 1065 3212 Imperatores
1108 3128 1385 3193 habuere
1426 3151 1612 3212 super
1656 3129 1961 3213 populum
1993 3127 2382 3212 Romanum,
2426 3130 2493 3194 id
2538 3133 2635 3194 est
2680 3150 2948 3215 genera-

637 3226 755 3288 tim
823 3246 1187 3307 supremum
1252 3228 1319 3290 in
1378 3224 1554 3290 Urbe
1612 3225 1987 3290 dominium.
2055 3261 2134 3272 —
2207 3226 2668 3291 Efferbuerunt
2726 3230 2941 3291 tamen

639 3321 839 3405 magis
886 3321 1214 3405 magisque
1259 3324 1326 3386 in
1368 3323 1628 3388 civitate
1674 3322 2008 3399 factioneS,
2067 3344 2339 3406 quarum
2386 3325 2610 3401 altera,
2659 3322 2938 3388 maxime

639 3438 718 3481 ex
774 3416 1098 3481 nobilibus
1158 3423 1485 3496 constans,
1543 3418 1957 3503 Imperatoris
2001 3422 2388 3502 potestatem
2438 3440 2677 3504 augere
2722 3418 2942 3484 stude·

783 3643 821 3708 ¹)
864 3643 1019 3698 Sitne
1062 3644 1199 3697 haec
1246 3642 1582 3697 Constitutio
1637 3643 1899 3698 Ludovici
1945 3643 2266 3698 authentica
2311 3644 2403 3698 vel
2450 3644 2788 3711 apocrypha,
2837 3659 2944 3698 non

638 3721 990 3775 consentiunt
1025 3721 1171 3776 inter
1215 3738 1274 3777 se
1311 3721 1415 3776 viri
1457 3722 1670 3778 eruditi.
1735 3723 1878 3791 Pagi
1916 3722 2048 3776 Crit.
2089 3723 2159 3775 ad
2197 3738 2245 3775 a.
2283 3724 2404 3788 817,
2442 3721 2711 3776 Muratori
2746 3721 2946 3777 Annal.

639 3799 798 3855 medii
850 3800 974 3853 aevi
1021 3806 1061 3854 t.
1112 3801 1215 3856 III.
1265 3819 1318 3870 p.
1362 3805 1433 3854 29
1481 3801 1684 3870 aliique
1735 3801 2075 3866 existimant,
2138 3800 2377 3867 diploma
2424 3802 2527 3855 hoc
2576 3802 2944 3869 apocryphum

638 3894 788 3946 esse;
834 3879 1103 3933 Baronius
1141 3897 1190 3934 a.
1228 3884 1348 3947 817,
1397 3898 1448 3936 n.
1490 3883 1581 3947 10,
1629 3879 1854 3934 Sandini
1891 3879 2108 3946 Disput.
2148 3879 2277 3933 hist.
2316 3879 2453 3945 XX,
2501 3879 2671 3934 Cenni
2708 3880 2943 3933 Monum.

637 3960 835 4015 domin.
873 3964 1023 4026 pont.
1062 3961 1124 4013 Τ.
1162 3961 1206 4015 Ι.
1244 3960 1432 4029 praef„
1468 3960 1897 4028 Hergenrother,
1934 3959 2001 4011 K.
2041 3957 2105 4012 G.
2150 3957 2253 4012 III.
2289 3975 2342 4026 p.
2379 3961 2485 4012 208
2525 3963 2765 4024 censent,
2811 3957 2948 4012 Con-

639 4039 985 4094 stitutionem
1047 4040 1341 4108 genuinam
1395 4054 1542 4107 esse,
1600 4039 1756 4107 eique
1807 4037 2115 4093 sentcntiae
2165 4037 2319 4093 favet
2373 4038 2539 4093 etiam
2589 4037 2824 4105 Phillips
2876 4038 2945 4097 K.
