3270 5028
347 817 547 857 Narratio

311 877 606 930 Theophanis.

620 445 690 496 28
1350 445 1432 498 De
1468 443 1685 497 haeresi
1722 442 2203 496 Iconoclastarum.

621 608 776 649 num
828 587 982 659 81&
1041 586 1326 668 adeoque
1373 593 1719 650 eventuum
1772 584 1958 647 testis
2013 606 2147 648 non
2193 585 2446 667 quidem
2505 606 2769 649 coaevus
2820 583 2929 648 sed

622 704 861 764 suppar
908 687 1023 747 est.

800 816 903 878 31.
958 813 1025 878 Is
1068 815 1138 878 in
1184 836 1300 878 sua
1326 812 1873 898 chronographia
1929 818 2032 876 ber
2083 813 2208 876 ista
2263 816 2738 877 commemorat.
2828 810 2930 872 Ad

622 933 864 974 annum
918 909 1156 974 Leonis
1215 908 1527 993 nonuml)
1592 910 1843 974 scribit:
1908 908 2050 973 Hoc
2108 928 2283 973 anno
2341 906 2752 990 irreliqiosus
2796 904 2928 969 Im-

611 1010 885 1089 perator
947 1006 1081 1070 Leo
1154 1005 1230 1070 de
1283 1004 1768 1088 proscribendis
1830 1009 1889 1069 et
1955 1004 2345 1087 deponendis
2406 1003 2651 1068 sanctis
2709 1006 2771 1067 et
2828 1022 2928 1066 ve-

621 1101 934 1167 nerandis
976 1101 1378 1185 imaqinibus
1426 1101 1727 1184 primum
1774 1105 2126 1166 tractatum
2184 1100 2417 1165 habere
2474 1099 2703 1181 coepit,
2763 1119 2929 1163 com-

616 1203 800 1282 perto
846 1199 1035 1281 cujus
1068 1198 1409 1285 proposito
1451 1198 1809 1282 Greqorius
1850 1219 2025 1280 papa
2054 1198 2418 1275 Romanus,
2467 1196 2713 1278 scripta
2732 1195 2932 1278 prius

621 1295 708 1360 ad
758 1295 975 1377 ipsum
1032 1295 1312 1360 Leonem
1367 1295 1674 1361 decretali
1731 1294 2027 1378 epistola,
2086 1315 2216 1377 qua
2273 1294 2349 1358 de
2395 1292 2521 1374 fide
2576 1293 2930 1375 quidquam

621 1395 905 1457 statuere
958 1396 1020 1456 et
1075 1391 1354 1473 antiqua
1402 1391 1732 1457 Ecclesiae
1788 1391 2042 1456 sancita
2083 1411 2125 1455 a
2167 1390 2413 1456 sanctis
2458 1388 2776 1454 Patribus
2817 1388 2930 1469 fir-

621 1491 801 1552 mata
852 1487 1170 1553 innovare
1222 1492 1340 1552 aut
1398 1487 1743 1553 convellere
1799 1508 1927 1552 non
1983 1487 2198 1552 decere
2243 1486 2710 1569 Imperatorem
2771 1506 2931 1550 com-

621 1588 850 1663 monet,
898 1584 1139 1650 Italiae
1182 1584 1441 1649 tandem
1490 1605 1565 1650 ac
1604 1585 1856 1650 Romae
1903 1582 2152 1648 tributa
2199 1583 2285 1648 ad
2325 1584 2541 1666 ipsum
2586 1582 2933 1665 deferenda

610 1680 970 1765 prohibuit.
1042 1718 1118 1726 —-
1192 1676 1436 1746 Iterum
1507 1684 1583 1747 ad
1654 1705 1899 1747 annum
1966 1682 2283 1746 decimum
2352 1682 2618 1746 tertium
2688 1678 2930 1744 Leonis

621 1779 867 1844 scribit:
936 1776 1135 1843 Sacer
1177 1777 1286 1842 ille
1346 1799 1421 1843 ac
1480 1778 1747 1843 divinus
1815 1776 2214 1857 Germanus,
2284 1777 2680 1841 decretorum
2743 1794 2934 1839 verae

621 1872 958 1957 reliqionis
1012 1872 1312 1956 defensor
1360 1873 1686 1957 Byzantii
1740 1874 1971 1955 floruit
2028 1874 2340 1939 adversus
2387 1873 2697 1949 Leonem,
2758 1922 2772 1936 .
2829 1921 2843 1934 .
2909 1924 2925 1938 .

624 1969 1158 2052 quemadmodum
1201 1969 1274 2036 in
1320 1971 1520 2036 veteri
1560 1971 1778 2036 Roma
1822 1970 1929 2036 vir
1974 1971 2401 2053 undequaque
2446 1989 2626 2034 sacer
2673 1972 2733 2032 et
2778 1988 2933 2049 apo-

623 2066 914 2145 stolicus,
978 2066 1164 2132 Petri
1227 2067 1687 2151 Apostolorum
1748 2067 2094 2150 coryphaei
2155 2066 2507 2149 confessor,
2570 2063 2934 2130 eruditione

613 2163 1102 2246 praeclarisque
1171 2164 1582 2247 facinoribus
1654 2163 1935 2230 clarebat
2009 2162 2395 2247 Greqorius,
2470 2161 2585 2244 qui
2650 2160 2930 2227 Romam

624 2265 816 2341 atque
860 2259 1132 2326 Italiam
1187 2265 1518 2343 totumque
1567 2260 1967 2326 Occidentem
2013 2281 2056 2324 a
2097 2259 2340 2324 Leonis
2391 2256 2750 2323 obedientia
2797 2261 2932 2323 tam

625 2356 802 2421 civili
848 2377 1044 2439 quam
1096 2356 1524 2422 ecclesiastica
1578 2363 1639 2422 et
1696 2357 1775 2423 ab
1835 2358 1976 2440 ejus
2027 2356 2301 2439 imperio
2358 2355 2704 2422 subtraxit.
2797 2354 2933 2419 Ibi-

626 2456 767 2520 dem
832 2456 1025 2520 etiam
1092 2462 1543 2521 commemorat
1610 2457 1939 2540 epistolem,
2016 2455 2247 2539 quibus
2317 2453 2659 2539 Gregorius
2727 2451 2934 2536 Impe-

624 2560 905 2616 ratorem
962 2552 1319 2637 redarguit,
1379 2559 1457 2617 ut
1515 2554 1810 2618 omnibus
1855 2558 2064 2617 notas.
2131 2588 2208 2597 —
2273 2551 2371 2616 Ac
2423 2551 2615 2634 paulo
2659 2550 2932 2615 inferius

625 2650 835 2713 denuo
887 2649 1045 2713 haec
1101 2649 1327 2713 habet:
1388 2647 1726 2714 Caeterum
1792 2647 2151 2731 Greqorius
2205 2668 2387 2712 sacer
2447 2646 2696 2711 Romae
2737 2665 2930 2727 prae·

623 2743 745 2823 sul,
792 2744 1324 2825 quemadmodum
1355 2745 1502 2828 jam
1541 2744 1883 2827 praemisi,
1933 2743 2364 2810 Anastasium
2397 2764 2536 2808 una
2579 2763 2723 2807 cum
2757 2740 2929 2806 libel·

624 2840 706 2905 lis
747 2842 887 2923 ejus
932 2840 1360 2924 abjudicavit,
1419 2842 1823 2923 Leonemque
1867 2841 2084 2924 ipsum
2130 2845 2446 2922 tanquam
2490 2837 2931 2921 irreliqiosum

610 2958 737 3021 per
789 2936 1093 3020 epistolas
1151 2938 1524 3021 redarquit.
1583 2958 1661 3003 ac
1704 2938 1986 3003 Romam
2033 2958 2177 3003 cum
2231 2937 2540 3002 universa
2585 2935 2793 3000 Italia
2845 2934 2933 2999 ad

622 3033 1038 3117 defectionem
1083 3034 1164 3100 ab
1209 3035 1351 3118 ejus
1394 3033 1667 3117 imperio
1713 3034 2076 3101 concitavit.
2121 3071 2208 3079 —
2258 3035 2457 3100 Plane
2504 3035 2737 3098 similia
2786 3032 2932 3096 scri-

623 3134 788 3196 bunt
852 3155 929 3196 ex
976 3131 1234 3198 Graecis
1290 3133 1655 3214 CedrenuS‚
1720 3134 1829 3216 qui
1885 3133 2047 3196 vixit
2104 3134 2357 3197 saeculo
2404 3130 2547 3208 XI..,
2612 3131 2682 3193 in
2751 3126 2929 3193 Com-

613 3228 853 3311 pendio
907 3227 1085 3307 hist„
1151 3235 1216 3294 et
1261 3230 1570 3306 ZonaraS,
1633 3231 1744 3312 qui
1809 3229 2029 3294 floruit
2087 3230 2341 3294 saeculo
2395 3226 2800 3301 XL—XIL,
2860 3227 2928 3289 in

627 3324 868 3388 Annal.
924 3324 1002 3388 L.
1050 3324 1196 3389 XV.
1259 3361 1340 3371 —-
1409 3326 1506 3389 Ex
1561 3326 1785 3389 latinis
1840 3331 2056 3389 autem
2112 3326 2531 3409 scriptoribus
2586 3326 2680 3387 ita
2734 3324 2931 3387 habet

625 3423 872 3486 Auctor
928 3420 1267 3485 Historiae
1306 3420 1654 3500 Miscellae,
1719 3444 1880 3506 quae
1907 3423 2046 3485 sub
2101 3422 2289 3486 Pauli
2335 3421 2606 3485 Diaconi
2667 3420 2928 3485 nomine

625 3519 1104 3599 circumfertur,
1160 3519 1324 3582 libro
1367 3516 1555 3581 XXI.
1611 3539 1814 3601 agens
1869 3519 1946 3582 de
2002 3519 2242 3583 decimo
2299 3518 2494 3582 tertio
2549 3538 2722 3580 anno
2770 3514 2930 3579 Leo-

626 3616 758 3679 nis.
818 3612 905 3677 In
950 3612 1194 3677 seniori
1239 3633 1389 3678 vero
1432 3612 1648 3679 Roma
1701 3613 2058 3698 Greqorius
2113 3612 2564 3678 sanctissimus
2614 3611 2721 3676 vir
2774 3630 2928 3693 apo-

625 3709 888 3774 stolicus
933 3709 1120 3773 verbo
1170 3714 1231 3774 et
1273 3714 1426 3776 actu
1480 3730 1810 3788 coruscus,
1866 3709 1982 3792 qui
2034 3709 2305 3774 removit
2350 3709 2628 3774 Romam
2684 3713 2744 3772 et
2789 3707 2928 3772 Ita-

806 3934 847 4002 ¹)
888 3934 1248 4002 Theophanes
1286 3941 1566 4003 computat
1600 3951 1773 3990 annos
1810 3935 2028 4004 imperii
2065 3936 2266 3990 Leonis
2304 3935 2478 3989 Isauri
2517 3936 2585 3989 ab
2623 3935 2743 4004 ejus
2781 3950 2930 3988 coro-

628 4014 850 4068 natione
887 4013 1360 4081 Constantinopoli
1400 4013 1487 4068 die
1523 4017 1608 4067 25.
1648 4015 1836 4069 Martii
1873 4032 1921 4068 a.
1961 4017 2061 4067 717
2098 4015 2273 4078 facta,
2319 4016 2561 4080 adeoque
2599 4015 2716 4083 ejus
2755 4029 2932 4067 annus

627 4109 799 4147 nonus
838 4092 945 4161 ipsi
984 4100 1071 4146 est
1108 4109 1155 4146 a.
1198 4097 1313 4146 726.
1355 4093 1641 4147 Caeterum
1677 4108 1810 4147 vero
1847 4094 1957 4147 Leo
1990 4095 2107 4162 jam
2154 4110 2200 4147 a.
2241 4097 2343 4148 716
2380 4093 2664 4160 imperium
2704 4108 2932 4160 usurpa-

628 4173 728 4237 vit,
766 4187 993 4239 seseque
1032 4172 1339 4227 Theodosio
1379 4173 1481 4225 III.
1520 4171 1578 4225 in
1616 4172 2005 4239 Imperatorem
2044 4172 2219 4226 electo
2257 4173 2526 4240 opposuit.
