3270 5028
943 437 1329 492 Controversia
1366 438 1432 491 de
1468 439 1988 505 praedestinatione.
2515 442 2618 493 231

312 582 419 641 tus
488 576 713 662 Lupus
786 578 979 643 abbas
1054 578 1510 659 FerrariensiS,
1592 580 1989 645 Ratramnus
2063 580 2413 646 monachus
2477 581 2623 646 Cor-

312 674 626 752 beiensiS,
688 680 755 740 et
809 674 1144 759 Remigius
1202 676 1269 740 in
1331 675 1877 760 archiepiscopatu
1939 677 2361 763 Lugdunensi
2422 681 2621 743 Amo·

314 770 482 834 lonis
541 792 882 837 successor.
985 771 1464 855 Litemauxit,
1531 773 1700 857 quod
1755 773 1983 840 Scotus
2042 774 2358 859 Erigen'a,
2423 796 2621 858 quum

313 870 532 949 partes
578 867 911 932 Hincmari
958 868 1340 934 Rhemensis
1386 877 1854 953 propugnaret,
1910 871 2104 955 hujus
2150 894 2342 936 suasu
2390 872 2622 935 librum

316 962 512 1027 edidit
556 963 633 1027 de
676 964 1299 1047 praedestinatione,
1359 967 1423 1029 in
1482 987 1609 1050 quo
1666 988 1889 1031 revera
1948 989 2193 1033 errores
2239 966 2626 1051 Pelagianos

317 1059 600 1143 aliosque
655 1061 896 1126 multos
957 1085 1071 1145 pro
1135 1063 1350 1126 fallaci
1414 1083 1530 1125 sua
1597 1084 1672 1126 ac
1734 1064 2164 1146 pantheistica
2232 1063 2632 1147 philosophia

316 1156 735 1238 proponebat.
810 1156 1053 1242 Synodi
1102 1159 1300 1224 etiam
1344 1160 1559 1242 plures
1606 1161 1674 1222 in
1714 1160 1841 1223 ista
1885 1163 2321 1226 controversia
2370 1162 2629 1224 habit-ae

317 1257 490 1327 sunt,
539 1253 702 1317 aliae
750 1256 893 1319 aliis
937 1256 1341 1339 specietenus
1389 1256 1737 1338 oppositae.

501 1394 600 1457 13.
666 1393 1087 1468 Quaestiones
1147 1395 1554 1501 praecipuae,
1623 1416 1787 1478 quae
1856 1396 2138 1479 agitatae
2202 1399 2382 1472 sunt,
2447 1402 2630 1460 erant
2723 1404 2899 1446 Indoles

317 1489 394 1552 de
454 1486 653 1552 unica
722 1491 1125 1574 §electorum)
1192 1491 1293 1554 vel
1329 1488 1650 1584 AEfflffl.
1701 1488 2078 1574 (electorum
2156 1498 2223 1555 et
2295 1491 2626 1557 damnato·
2684 1468 2929 1570 θ’ζξζῗω

317 1584 488 1667 111111)
549 1585 1167 1675 praedestinatione,
1226 1588 1302 1652 de
1357 1589 1641 1652 salvifica
1690 1589 2029 1652 voluntate
2076 1586 2229 1665 Dei,
2293 1590 2367 1652 de
2422 1595 2632 1653 morte

319 1677 671 1746 Christi-*⁴m
630 1707 748 1769 pro
827 1678 1153 1764 omnibus,
1238 1692 1304 1749 et
1379 1685 1454 1748 de
1530 1685 1831 1749 libertate
1910 1706 1983 1748 ac
2065 1687 2294 1769 gratia.
2414 1677 2633 1761 V'ides,

319 1779 746 1862 disceptatum
812 1781 1012 1845 fuisse
1080 1783 1157 1847 de
1224 1781 1711 1866 quaestionibus
1774 1781 1902 1845 illis
1970 1780 2398 1859 difficillimis,
2467 1804 2632 1866 quae

322 1878 514 1939 etiam
562 1879 909 1959 posteriore
956 1882 1173 1942 aetate
1220 1879 1454 1962 passim
1504 1877 1841 1961 theologos
1889 1883 2391 1942 commoverunt.
2478 1879 2633 1942 Cae-

323 1979 530 2036 terum
604 1974 780 2037 brevi
850 1978 994 2057 post
1063 1976 1219 2039 satis
1286 1973 1532 2065 patuit,
1602 1975 1692 2061 iq
1736 1973 2034 2058 dogmate
2104 1975 2244 2037 illos
2314 1975 2638 2057 episcopos

322 2071 622 2153 virosque
683 2071 903 2136 doctos
965 2069 1212 2135 Galliae
1282 2093 1415 2135 non
1483 2056 1874 2143 dissensisse·
1982 2070 2413 2135 Proveniebat
2472 2071 2638 2135 vide-

325 2168 477 2230 licet
523 2167 835 2231 dissensio
899 2190 974 2232 ex
1028 2167 1402 2231 confusione
1464 2167 1911 2243 terminorum,
1974 2167 2081 2250 qui
2145 2173 2364 2250 postea
2430 2170 2638 2251 magis

324 2264 594 2327 fuerunt
636 2263 918 2339 definiti,
910 2248 1229 2348 quando
1272 2248 1942 2348 praedestin—ationem
1995 2270 2060 2326 et
2106 2264 2642 2346 reprobationem,

327 2362 729 2424 voluntatem
797 2358 921 2425 Dei
983 2360 1470 2424 antecedentem
1535 2365 1601 2423 et
1666 2364 2193 2443 consequentem,
2259 2361 2641 2424 satisfactio·

329 2478 477 2520 nem
557 2454 792 2522 Christi
867 2457 1292 2522 sufficientem
1368 2461 1436 2522 et
1510 2456 1868 2535 efficacem,
1942 2478 2135 2540 opera
2211 2457 2379 2522 bona
2412 2517 2417 2526 ,
2452 2462 2644 2521 natu·

329 2555 491 2617 ralia
548 2558 612 2617 et
666 2555 1212 2637 supernaturalia,
1272 2553 1526 2618 scholae
1585 2559 1882 2617 accurate
1946 2554 2138 2619 etiam
2201 2554 2269 2617 in
2325 2556 2462 2637 ipsa
2514 2561 2643 2617 ter-

329 2652 680 2735 minologia
725 2651 1181 2727 distinxerunt,
1229 2672 1303 2714 ac
1349 2650 1816 2715 determinatus
1862 2650 2163 2733 loquendi
2213 2651 2436 2714 modus
2475 2671 2643 2714 com·

332 2749 587 2811 munior
651 2749 863 2812 factus
930 2754 1047 2812 est.
1145 2747 1251 2812 Ita
1312 2748 1381 2810 111
1447 2748 1573 2811 acri
1637 2747 1750 2810 illa
1813 2748 2245 2812 controversia
2307 2747 2383 2810 de
2446 2745 2648 2815 unica

332 2844 431 2908 vel
484 2843 746 2926 ⁸qemina
803 2845 1392 2929 praedestinatione
1438 2844 1782 2926 manifeste
1843 2844 2155 2909 dissensio
2213 2845 2511 2927 provenit
2567 2833 2684 2956 ex[

332 2942 711 3006 confusione
757 2942 1031 3026 quadam
1081 2950 1148 3006 et
1192 2940 1381 3005 modo
1439 2940 1763 3023 loquendi.
1859 2938 2231 3003 Generatim
2293 2939 2645 3022 praedesti-

336 3038 543 3114 nati0,
605 3040 701 3102 uti
748 3043 976 3102 notum
1023 3043 1152 3115 est,
1213 3037 1333 3101 dici
1397 3040 1612 3119 potest
1668 3058 1856 3100 omne
1921 3037 2254 3100 consilium
2305 3036 2455 3111 Dei,
2518 3057 2650 3118 quo

333 3136 618 3218 disponit
664 3140 729 3200 et
774 3137 916 3199 vult
961 3134 1370 3200 existentiam
1418 3134 1872 3216 cujuscumque
1919 3132 2018 3196 sui
2064 3133 2271 3215 operis
2318 3132 2396 3195 ad
2445 3136 2646 3194 extra.

335 3231 540 3297 Sensu
587 3233 794 3317 magis
853 3233 1074 3296 stricto
1120 3235 1340 3294 tamen
1406 3234 1472 3293 et
1528 3252 1645 3293 usu
1716 3229 2035 3292 communi
2101 3250 2333 3293 nomen
2389 3227 2650 3311 praede-

336 3330 710 3394 stinationis
770 3351 905 3394 non
966 3327 1334 3403 adhibetur,
1398 3326 1524 3390 nisi
1588 3326 1667 3389 de
1726 3324 2142 3408 dispositione
2207 3347 2470 3408 operum
2526 3319 2681 3465 DeiY

337 3428 405 3490 in
486 3427 708 3491 ordine
785 3426 863 3490 ad
939 3424 1213 3490 salutem
1290 3427 1619 3487 aeternam
1697 3426 2137 3487 creaturarum
2215 3421 2647 3485 rationalium.

340 3524 613 3607 Antiqui
679 3527 895 3587 autem
965 3522 1291 3586 interdum
1360 3519 1620 3585 nomine
1685 3520 1807 3584 hoc
1868 3520 2059 3583 etiam
2124 3520 2508 3594 utebantur,
2571 3521 2650 3581 ut

338 3621 757 3705 designarent
803 3619 1125 3686 decretum
1172 3616 1296 3681 Dei
1341 3623 1678 3680 aeternum
1725 3614 2035 3699 puniendi
2080 3618 2464 3698 peccatores,
2511 3615 2648 3697 qui-

340 3718 460 3781 bus
525 3740 600 3782 ex
661 3717 966 3800 praevisis
1021 3715 1298 3799 peccatis
1359 3714 1840 3778 damnationem
1909 3711 2450 3795 praedestinatam
2513 3732 2651 3774 esse

342 3811 729 3896 dicebant.¹)
837 3813 1057 3895 Atque
1118 3812 1238 3877 hoc
1301 3809 1487 3875 modo
1551 3809 1943 3874 Prudentius
2005 3808 2334 3873 Trecensis
2404 3812 2468 3871 et
2540 3807 2649 3890 qui

342 3934 486 3975 cum
532 3912 669 3994 ipso
717 3917 902 3975 erant
946 3910 1267 3994 geminam
1318 3906 1973 3991 praedestinationem
2032 3905 2427 3969 asserebant.
2505 3903 2652 3966 Fre—

526 4172 567 4241 ¹)
606 4172 711 4226 Cfr.
740 4177 1036 4227 tractatum
1075 4175 1319 4225 nostrum
1358 4170 1443 4223 De
1480 4168 1597 4222 Deo
1634 4185 1742 4222 uno
1779 4168 1842 4222 P.
1881 4169 1953 4220 ΙΙ.
1996 4166 2052 4219 O.
2091 4165 2195 4219 ΙΙΙ.
2234 4170 2291 4219 et
2328 4165 2422 4218 IV.
