3270 5028
878 472 961 528 De
1000 471 1382 526 Decretalibus
1419 470 1996 526 Pseudo-Isidorianis.
2493 471 2596 522 315

283 636 475 679 causa
538 613 887 678 victoriam.
913 611 959 694 1)
1070 612 1194 677 Sed
1259 611 1446 675 aliter
1513 612 1594 675 ab
1658 611 1989 676 Hadriano
2054 617 2120 676 et
2181 634 2218 675 a
2286 609 2597 675 Romanis

283 732 385 775 res
432 711 628 774 fuisse
689 708 1057 794 dispositas,
1122 708 1417 772 videlicet
1472 712 1790 772 statutum
1852 709 2078 786 fuisse,
2142 712 2216 771 ut
2271 728 2385 789 per
2429 707 2598 790 lega-

282 812 381 871 tos
429 807 763 871 Pontificis
806 808 876 871 in
915 805 1137 880 >Gallia
1184 827 1422 869 novum
1469 826 1696 869 causae
1743 827 2023 875 examen,
2057 805 2270 881 fieret,
2330 825 2400 867 ac
2447 802 2595 866 dein

280 905 713 987 subsequente
771 924 945 967 anno
1007 901 1250 967 Romae
1305 902 1375 964 in
1434 902 1703 965 concilio
1762 901 2149 985 amplissimo
2214 903 2353 965 tota
2410 920 2597 963 causa

282 996 822 1079 retractaretur.2)
912 997 1080 1064 Suus
1126 999 1329 1083 igitur
1374 997 1477 1061 hic
1523 1004 1621 1061 est
1666 999 1838 1063 locus
1885 997 2072 1061 alicui
2119 991 2390 1079 synodo,
2435 1016 2596 1078 quae

283 1119 507 1161 mense
574 1096 750 1162 Julio
823 1118 876 1159 a.
938 1096 1064 1159 869
1128 1095 1370 1160 Romae
1438 1093 1662 1158 habita
1730 1094 1844 1173 sit,
1924 1114 2216 1177 quaeque
2286 1090 2591 1177 ejusmodi

282 1194 691 1277 dispositioni
750 1194 957 1257 locum
1019 1193 1280 1257 dederit.
1344 1228 1428 1235 —
1494 1189 1592 1253 Ex
1647 1190 1963 1255 relatione
2020 1189 2354 1253 Hincmari
2420 1189 2595 1252 colli-

283 1291 489 1373 gitur,
571 1290 637 1353 in
707 1297 927 1353 monte
999 1288 1263 1353 Cassino
1332 1288 1457 1351 ista
1525 1286 1810 1350 nondum
1881 1284 2311 1350 determinata
2377 1285 2597 1358 fuisse,

287 1387 530 1450 Romae
578 1386 953 1450 Letharium
1006 1388 1142 1469 jam
1193 1386 1429 1468 optime
1477 1384 1602 1447 sibi
1650 1384 1867 1447 omnia
1915 1383 2136 1447 cedere
2186 1382 2600 1466 existimasse,

284 1484 396 1547 sed
457 1483 643 1546 aliter
706 1483 787 1545 ab
842 1482 1174 1546 Hadriano
1239 1484 1305 1545 et
1366 1504 1403 1545 a
1471 1480 1782 1544 Romanis
1842 1483 2161 1543 statutum
2221 1480 2435 1543 fuisse.
2525 1476 2598 1539 Id

285 1579 506 1662 aliqua
566 1579 810 1661 synodo
873 1578 1097 1642 habita
1160 1577 1477 1654 evenisse,
1544 1598 1658 1660 per
1723 1598 1792 1641 se
1857 1578 2017 1641 satis
2084 1576 2410 1659 probabile
2473 1578 2598 1648 est3

283 1677 357 1739 in
426 1675 732 1759 ejusmodi
802 1674 1117 1758 synodum
1187 1678 1402 1737 autem
1469 1695 1570 1749 ea,
1635 1695 1802 1758 quae
1865 1674 1933 1737 in
2006 1673 2296 1737 oratione
2342 1672 2419 1735 de
2473 1693 2602 1755 qua

286 1772 537 1855 agimus
605 1774 1061 1847 continentur,
1141 1772 1315 1835 omni
1382 1792 1459 1833 ex
1532 1774 1716 1853 parte
1787 1771 2199 1835 conveniunt.
2313 1768 2449 1832 Imo
2519 1769 2600 1831 ab

282 1873 539 1933 oratore
605 1891 678 1933 ea
739 1869 1019 1951 praecise
1078 1868 1148 1931 in
1206 1889 1397 1932 causa
1444 1865 1753 1931 ¹Lotharii
1817 1865 2067 1950 agenda
2129 1869 2598 1950 proponuntur,

285 1988 450 2049 quae
497 1987 574 2029 ex
622 1965 970 2029 Hincmaro
1017 1964 1099 2028 ab
1144 1964 1473 2028 Hadriano
1518 1967 1584 2027 et
1631 1963 1941 2027 Romanis
1987 1965 2240 2028 decreta
2286 1959 2521 2044 sunt.³)

470 2225 507 2291 ¹)
550 2226 715 2292 „Inde
758 2227 996 2280 secunda
1040 2225 1182 2279 feria
1218 2225 1445 2278 Romam
1490 2224 1836 2293 ingredienS,
1884 2224 1941 2276 in
1988 2223 2196 2291 palatio
2237 2220 2603 2275 Lateranensi

287 2323 410 2360 cum
458 2306 578 2372 ipso
635 2305 935 2372 apostolico
988 2305 1302 2373 prandidit,
1359 2312 1414 2358 et
1461 2303 1608 2358 datis
1658 2304 1708 2358 ei
1759 2302 2071 2356 muneribus
2129 2303 2185 2355 in
2231 2302 2378 2355 vasis
2424 2299 2603 2353 aureis

288 2391 347 2439 01
398 2383 680 2451 argenteis
728 2384 994 2451 obtinuit,
1052 2389 1115 2438 ut
1171 2384 1222 2438 ei
1271 2381 1529 2437 Pontifex
1583 2384 1797 2436 laenam
1853 2388 1909 2435 et
1963 2382 2202 2449 palmam
2256 2397 2320 2434 ac
2373 2380 2603 2434 ferulam

290 2466 480 2527 daret,
532 2462 677 2516 sicut
728 2468 785 2518 et
830 2463 978 2518 fecit.
1057 2463 1205 2530 Quae
1256 2479 1483 2519 munera
1529 2463 1610 2517 ita
1659 2463 1774 2530 ipse
1825 2466 1883 2516 et
1930 2460 2011 2514 sui
2060 2459 2408 2528 interpretati
2459 2462 2602 2523 sunt,

290 2542 550 2598 videlicet
586 2551 649 2596 ut
683 2558 780 2610 per
814 2543 1026 2596 laenam
1066 2544 1133 2597 de
1170 2543 1471 2596 Waldrada
1509 2542 1892 2606 revestiretur,
1929 2557 2026 2608 per
2061 2540 2296 2608 palmam
2332 2537 2601 2591 victorem

291 2637 351 2675 se
389 2621 448 2674 in
484 2621 570 2674 his
608 2637 745 2688 quae
787 2630 1041 2689 coeperat
1077 2623 1499 2687 demonstraret,
1534 2638 1633 2690 per
1668 2621 1897 2675 ferulam
1936 2618 2218 2687 episcopos
2257 2633 2387 2672 suae
2412 2617 2604 2670 volun-

289 2700 400 2754 tati
455 2701 781 2755 resistentes
836 2702 1153 2756 obsistendo
1212 2701 1622 2770 distringeret.“
1718 2699 1960 2753 Annales
2017 2701 2086 2752 ad
2140 2715 2188 2752 a.
2235 2701 2337 2751 869
2351 2717 2364 2763 ;
2419 2696 2603 2758 Pertz,

470 2857 515 2928 ²)
568 2858 705 2928 „Sed
752 2859 919 2913 aliter
968 2858 1035 2911 ab
1085 2860 1272 2913 eodem
1321 2875 1466 2926 papa
1518 2864 1575 2912 et
1624 2856 1886 2910 Roman-is
1937 2856 2087 2910 fuere
2136 2852 2428 2922 disposita:
2480 2869 2640 2906 nam.

290 2937 435 2992 idem
471 2937 719 3005 pontifex
755 2937 1070 2990 Formosum
1122 2936 1431 3004 episcopum
1481 2942 1538 2991 et
1574 2937 1740 2990 alium
1791 2936 1956 2989 etiam
2002 2951 2121 2988 cum
2171 2949 2234 2987 οο
2281 2931 2605 2999 episcopum,

291 3018 348 3071 in
386 3016 486 3070 has
527 3016 831 3070 Galliarum
869 3021 1055 3083 partes
1093 3016 1391 3070 mittendos
1432 3014 1730 3082 disposuit,
1776 3020 1839 3068 ut
1877 3030 1997 3081 cum
2042 3012 2361 3079 pluralitate
2401 3009 2605 3077 episco-

292 3113 482 3164 porum
521 3097 587 3149 de
625 3094 711 3148 his
750 3109 886 3161 quae
926 3093 1220 3146 Lotharius
1257 3094 1481 3160 petebat
1517 3098 1851 3158 tractarent,
1906 3098 1964 3146 et
1999 3091 2084 3144 illi
2121 3090 2384 3145 kalendas
2422 3088 2606 3140 martii

290 3191 429 3243 quae
469 3175 697 3227 inventa
732 3173 913 3227 forent
948 3171 1008 3224 111
1046 3173 1251 3238 synodo
1289 3172 1688 3238 renuntiarent,
1729 3187 1888 3239 quam
1914 3171 2119 3224 Romae
2156 3170 2212 3222 111
2250 3169 2384 3235 ipsis
2420 3168 2607 3221 kalen-

293 3255 380 3308 dis
418 3254 603 3308 martii
641 3250 1014 3318 denuntiavit,
1062 3267 1165 3318 quo
1204 3251 1369 3304 etiam
1408 3257 1642 3319 quatuor
1677 3251 1961 3318 episcopos
2008 3264 2076 3303 ex
2111 3263 2286 3316 regno
2322 3246 2607 3313 Ludovici,

295 3335 449 3403 regis
478 3333 817 3398 Germaniae,
856 3348 975 3384 011111
1010 3329 1184 3397 ipsius
1210 3330 1434 3399 legatiS,
1464 3336 1521 3384 et
1549 3336 1782 3396 quatuor
1819 3328 2102 3395 episcopos
2132 3344 2197 3382 ex
2225 3343 2400 3395 regno
2428 3325 2607 3380 Caroli

293 3431 418 3468 cum
455 3413 573 3481 ejus
611 3411 843 3480 legatiS,
894 3415 950 3464 et
989 3410 1246 3476 quosdam
1284 3409 1567 3477 episcopos
1604 3426 1671 3462 ex
1707 3424 1880 3476 regno
1917 3407 2172 3461 Lotharii
2210 3406 2460 3474 epistolis
2497 3406 2607 3459 suis

296 3495 399 3547 hac
436 3491 746 3546 conditione
785 3489 969 3544 venire
1005 3488 1311 3556 praecepit,
1359 3495 1423 3543 ut
1462 3504 1598 3554 quae
1645 3488 1703 3540 111
1741 3488 1947 3555 synodo
1986 3488 2077 3541 vel
2126 3486 2485 3541 examinanda
2521 3485 2608 3539 vel

294 3572 541 3640 gerenda
577 3570 788 3635 forent,
826 3568 883 3622 in
919 3567 1171 3636 personis
1210 3568 1441 3621 aliorum
1479 3567 1886 3633 confirmarent,
1925 3574 2039 3621 tam
2078 3581 2144 3620 ex
2179 3564 2609 3619 occidentalibus

297 3650 542 3719 partibus
579 3665 739 3716 quam
776 3664 844 3703 ex
883 3646 1254 3701 orientalibus
1328 3646 1484 3701 Unde
1519 3646 1718 3700 missos
1758 3662 1914 3712 suOS,
1962 3660 2095 3712 quos
2132 3660 2307 3712 nuper
2343 3644 2609 3697 Constan-

294 3728 585 3797 tinopolim
634 3744 732 3795 pro
771 3727 1119 3781 contentione
1168 3742 1327 3793 quam
1367 3725 1661 3779 orientales
1709 3742 1828 3779 011111
1866 3724 2094 3778 Nicolao
2141 3739 2285 3791 papa
2320 3722 2610 3785 habebant,

293 3809 543 3874 miserat,
580 3814 712 3861 tunc
748 3811 1011 3861 venturos
1052 3806 1323 3872 sperabat.
1333 3803 1358 3831 ‘⁴
1434 3805 1663 3859 Ibidem.

478 3885 525 3954 ³)
564 3886 716 3940 Dicit
754 3892 962 3940 orator:
1015 3885 1157 3953 „Nos
1197 3884 1340 3938 enim
1385 3884 1621 3950 petimus
1670 3887 1729 3936 et
1774 3882 2054 3936 humiliter
2101 3882 2445 3950 suggerendo
2491 3895 2612 3946 pre-

298 3982 482 4020 camur
526 3982 590 4018 ac
638 3981 738 4032 per
784 3980 969 4018 omnes
1006 3964 1111 4017 Dei
1158 3963 1427 4029 virtuteS,
1474 3967 1738 4030 quantum
1782 3976 2096 4027 possumus,
2143 3961 2486 4029 adjuramus,
2533 3964 2611 4023 ut,

300 4045 350 4098 si
385 4043 568 4112 placet
614 4045 679 4098 de
719 4044 863 4098 sedis
908 4043 1246 4110 apostolicae
1276 4042 1484 4111 judicio
1531 4040 1846 4106 retractari,
1896 4040 1998 4093 hoc
2035 4047 2239 4107 agatur
2287 4038 2518 4093 concilio
2557 4043 2614 4091 et

298 4127 542 4177 tractatu
580 4139 686 4177 non
725 4123 897 4176 solum
933 4128 1255 4189 nostrorum,
1294 4122 1391 4175 sed
1421 4121 1587 4175 etiam
1625 4121 1857 4173 istorum
1895 4134 2188 4185 regnorum
2219 4117 2612 4185 episcoporum,

301 4218 512 4257 necnon
554 4207 626 4267 et,
669 4202 715 4256 si
753 4202 869 4256 fieri
906 4201 1506 4269 potest,·orientalium
1542 4205 1835 4265 utcumque
1873 4197 2220 4262 antistitum,
2254 4196 2346 4250 ubi
2386 4196 2612 4260 scelera,
