3270 5028
1049 421 1410 482 Pontificatus
1449 426 1487 480 J
1489 427 1682 481 oannis
1709 381 1863 481 VIII.
2005 458 2014 465 -
2139 441 2146 448 ³
2510 430 2618 482 219

415 522 447 540 Ν

297 569 453 636 liam
512 571 836 656 profectus
901 571 1020 633 est.
1127 567 1356 633 Plures
1416 568 1653 633 ibidem
1710 569 1988 651 synodos
2050 569 2307 650 habuit,
2382 570 2615 653 quibus

298 656 493 733 rebus
546 665 987 732 ecclesiasticis
1048 674 1199 749 apte
1257 665 1553 749 providit.
1655 665 1872 729 Trecis
1939 667 2273 731 coronavit
2335 663 2612 743 Ludovi-

300 787 445 831 cum
487 763 756 856 Balbum
813 764 881 827 in
937 784 1153 848 regem
1204 763 1484 840 Galliae,
1544 766 1610 826 et
1664 760 1743 826 ad
1801 761 2237 827 defensionem
2293 762 2490 829 Urbis
2549 767 2616 827 et

302 848 621 927 ecclesiae
650 860 981 924 Romanae
1027 881 1172 922 eum
1229 859 1525 923 hortatus
1573 862 1689 922 est.
1779 859 2026 922 Verum
2071 857 2434 924 Ludovicus
2475 863 2611 945 jam

300 958 523 1022 morbo
579 959 908 1039 correptus
967 977 1139 1020 anno
1196 959 1503 1038 sequente
1558 955 1694 1019 vita
1749 955 2040 1020 excessit.
2132 955 2436 1021 Pontifex
2480 957 2614 1022 Ro-

299 1076 471 1118 mam
517 1053 818 1118 reductus
861 1055 961 1116 est
1007 1075 1043 1116 a
1089 1050 1349 1127 Bosone
1388 1051 1548 1116 duce
1594 1052 1998 1127 Provinciae,
2061 1074 2247 1136 quem
2294 1054 2362 1118 in
2409 1055 2611 1118 filium

296 1159 368 1214 et
415 1150 816 1217 defensorem
860 1171 1042 1213 suum
1091 1147 1496 1233 adoptavit-st)

478 1299 588 1362 62.
657 1299 853 1363 Anno
916 1296 1044 1362 880
1106 1297 1268 1362 obiit
1298 1297 1822 1373 Carolomannus
1871 1296 2176 1362 Ludovici
2247 1296 2613 1362 Germanici

297 1396 499 1475 filius,
560 1418 759 1479 quum
797 1397 935 1479 jam
979 1417 1082 1458 res
1134 1416 1207 1460 eo
1252 1415 1518 1479 vergere
1567 1394 1969 1471 viderentur,
2029 1397 2103 1456 ut
2147 1395 2285 1476 ipse
2331 1395 2439 1478 qui
2485 1417 2612 1458 ma-

297 1514 491 1577 gnam
551 1492 652 1556 sui
714 1513 923 1574 spem
951 1491 1305 1568 excitabat,
1368 1515 1406 1554 a
1464 1491 1721 1556 Joanne
1777 1487 1959 1555 VIII.
2021 1489 2089 1554 in
2105 1487 2633 1573 Imperatorem¹

296 1593 639 1654 crearetur.
754 1586 963 1651 Tunc
1003 1588 1234 1667 Italiae
1296 1610 1406 1652 seu
1471 1587 1958 1672 Longobardiae
2027 1607 2298 1671 regnum
2368 1589 2614 1671 accepit

302 1683 605 1771 Carolus
645 1681 922 1747 Crassus
997 1686 1169 1768 ejus
1207 1684 1440 1761 frater,
1519 1691 1586 1748 et
1650 1704 1851 1769 regno
1918 1683 2301 1748 Germaniae
2364 1685 2610 1773 potitus
2640 1697 2820 1740 Cuolus
2843 1699 2930 1741 111

299 1766 401 1846 est
431 1762 793 1847 Ludovicus
825 1781 1070 1865 junior,
1119 1782 1283 1845 alter
1317 1780 1772 1847 Carolomanni
1803 1778 2021 1845 frater.
2086 1779 2376 1845 Joannes
2408 1780 2610 1852 VIII.
2735 1762 2845 1814 Imp

297 1883 377 1943 ut
419 1878 743 1943 Ecclesiae
813 1882 880 1942 et
928 1877 1092 1941 Urbi
1147 1879 1421 1942 maxime
1494 1882 1721 1942 contra
1775 1876 2127 1942 Saracenos
2183 1881 2610 1988 protectorem

297 1975 664 2057 suscitaret,
734 1997 905 2039 anno
969 1976 1090 2038 881
1161 1974 1461 2039 Carolum
1527 1973 1836 2069 Crassum
1893 1972 2132 2065 Romae
2198 1973 2266 2037 in
2333 1974 2613 2064 Impera-

298 2076 504 2137 torem
567 2072 921 2145 coronavit.
1024 2070 1145 2136 Sed
1214 2058 1537 2135 Pontifex
1581 2071 1652 2135 in
1716 2063 1836 2135 sua
1894 2092 2004 2154 spe
2068 2072 2421 2135 frustratus
2473 2075 2608 2154 est3

299 2139 815 2234 mim
880 2169 1156 2251 Imperio
1235 2168 1514 2253 gerendo
1580 2190 1648 2231 se
1717 2189 1945 2251 parum
2014 2162 2231 2250 aptum
2303 2167 2610 2244 ostendit,

298 2269 365 2329 et
441 2286 637 2348 quum
713 2265 1216 2330 dominationem
1292 2265 1684 2347 imperialem
1757 2266 1826 2328 in
1901 2263 2208 2329 ditionem
2279 2264 2610 2329 Pontificis

297 2361 744 2426 vehementius
798 2364 1091 2445 urgeret,
1149 2362 1216 2425 in
1265 2359 1677 2425 Germaniam
1733 2383 2055 2446 regressus
2108 2360 2369 2426 Italiam
2418 2358 2606 2425 Sara-

296 2479 602 2525 cenorum
662 2457 1005 2541 direptioni
1068 2461 1135 2521 et
1198 2463 1576 2543 magnatum
1638 2459 2029 2525 factionibus
2092 2457 2444 2543 expositam
2508 2479 2611 2523 re-

299 2555 504 2639 liquit.
570 2590 650 2600 —
709 2556 883 2638 Quae
942 2554 1228 2620 Joannes
1298 2555 1525 2621 fecerit
1585 2556 1795 2640 quoad
1859 2556 2134 2621 schisma
2195 2555 2476 2668 Photia9
2526 2579 2608 2631 m,

296 2652 425 2715 alia
457 2651 924 2716 Dissertatione
953 2650 1327 2716 videbimus
1413 2650 1594 2716 Obiit
1639 2654 1773 2735 ipse
1814 2674 1984 2717 anno
2024 2654 2149 2716 882
2200 2652 2300 2715 die
2349 2653 2448 2716 15.
2464 2579 2609 2717 {Je-

294 2748 608 2832 cembris;
670 2752 938 2812 censent
994 2748 1250 2831 quidam
1314 2755 1639 2827 auctores,
1699 2751 1765 2813 in
1824 2750 2043 2833 aliqua
2088 2749 2400 2813 nobilium
2456 2771 2607 2814 con-

290 2845 624 2929 juratione
684 2867 830 2909 eum
890 2846 1177 2910 violenta
1233 2850 1439 2910 morte
1498 2846 1929 2910 succubuisse.
2038 2844 2314 2923 Romae,
2387 2846 2610 2909 scribit

479 3122 520 3189 1)
562 3121 771 3189 Operae
807 3120 1043 3189 pretium
1085 3125 1172 3174 est
1210 3121 1520 3186 advertere,
1569 3121 1837 3174 Joannem
1876 3118 2119 3173 noluisse
2168 3135 2428 3175 coronare
2465 3120 2609 3179 Ade-

296 3201 498 3270 laidem
530 3201 818 3269 reginam,
876 3202 1137 3266 quantum
1179 3200 1398 3254 videtur
1445 3200 1572 3266 quia
1632 3215 1752 3253 eam
1800 3199 1945 3252 haud
1995 3198 2225 3267 agnovit
2280 3204 2345 3252 ut
2388 3215 2609 3254 uxorem

297 3280 623 3349 legitimam.
727 3279 912 3333 Etiam
967 3277 1026 3331 in
1078 3278 1438 3332 matrimoniis
1490 3278 1760 3333 Ludovici
1813 3278 1970 3332 Balbi
2037 3282 2262 3345 apparet
2319 3277 2611 3346 disciplina

296 3360 482 3414 laxior
516 3359 844 3411 Francorum
886 3358 1060 3426 quoad
1099 3351 1640 3412 indissolubilitatem
1677 3358 2048 3416 matrimonii..
2103 3356 2414 3411 Ludovicus
2453 3357 2608 3411 duxit

288 3440 409 3507 Jam
447 3454 589 3491 anno
627 3440 730 3491 862
767 3437 826 3491 in
861 3454 1083 3492 uxorem
1118 3438 1494 3506 Ansgardem,
1545 3453 1613 3491 ex
1658 3453 1764 3504 qua
1812 3436 2004 3491 habuit
2046 3438 2181 3490 duos
2218 3435 2359 3490 filios
2396 3436 2610 3505 03.ιρῴο-

297 3534 555 3581 QO
603 3515 750 3585 (864)
791 3522 846 3570 et
882 3517 1217 3590 LQiovicum
1246 3517 1419 3584 ’(866).
1501 3516 1606 3571 Sed
1648 3509 1798 3569 anno*
1837 3519 1939 3570 867
1986 3516 2179 3584 adegit
2226 3532 2348 3570 eum
2386 3515 2609 3570 Carolus

296 3598 504 3652 Calvus
539 3602 725 3665 pater,
772 3601 833 3650 ut
869 3598 1216 3665 Ansgardem
1262 3595 1592 3662 dimitteret,
1647 3612 1709 3651 eo
1758 3596 1899 3662 quod
1937 3596 2110 3662 ips’am
2149 3595 2323 3649 inscio
2360 3601 2517 3663 patre
2554 3600 2611 3649 et

296 3678 418 3732 sine
469 3677 589 3745 ejus
638 3692 905 3731 consensu
954 3676 1221 3731 duxisset.
1301 3676 1444 3729 Hinc
1496 3676 1789 3729 secundum
1842 3675 1999 3743 leges
2044 3674 2287 3729 familiae
2332 3673 2610 3729 matrimo-

298 3757 447 3810 nium
503 3757 654 3810 istud
708 3771 829 3811 esse
886 3757 1220 3811 solvendum.
1302 3756 1608 3809 Mandante
1664 3760 1822 3822 patre
1876 3759 2007 3808 tunc
2064 3753 2222 3808 duxit
2272 3753 2609 3809 Adelaidem.

297 3837 437 3890 Post
472 3840 709 3889 mortem
754 3851 884 3890 vero
939 3836 1114 3903 patris
1159 3834 1469 3890 Ludovicus
1528 3833 1800 3903 cogitavit
1856 3834 1922 3888 de
1970 3833 2298 3888 dimittenda
2342 3833 2609 3888 Adelaide

299 3920 359 3969 et
393 3914 716 3971 resumenda
753 3908 1061 3983 Ansgarde,⁴
1098 3914 1193 3969 sed
1229 3912 1495 3967 inhibitus
1533 3918 1621 3967 est
1657 3929 1689 3966 a
1726 3912 2055 3980 proceribus.
2110 3911 2367 3981 Episcopi
2409 3919 2608 3978 autem,

297 3994 445 4047 inter
482 4008 614 4059 quos
654 3994 942 4061 praecipue
974 3992 1300 4047 Hincmarus
1335 3990 1690 4057 RhemensiS,
1741 3991 2005 4045 videntur
2047 3993 2449 4046 matrimonium
2488 4008 2607 4046 cum

299 4071 565 4143 Adelaide
612 4077 673 4125 ut
716 4073 955 4126 validum
999 4072 1272 4126 habuisse.
1367 4071 1473 4125 Cfr.
1519 4071 1883 4139 Damberger,
1941 4071 2002 4123 B.
2054 4072 2158 4126 III.
2208 4088 2258 4138 p.
2307 4074 2437 4137 364,
2487 4073 2607 4135 696,

298 4154 419 4216 697,
460 4154 577 4204 705.
1548 4193 1553 4196 ,
1712 4194 1716 4198 .
2218 4197 2223 4201 ,
