3270 5028
644 438 759 488 400
1331 436 1509 489 XVII.
1549 437 1630 491 De
1669 436 1966 491 schismate
2003 436 2287 490 Photiano.

657 572 837 639 Sedis
882 574 1280 659 singularem
1337 578 1857 661 praecellentiam
1915 578 2427 644 adstruendam.“
2451 576 2498 659 ¹)
2592 578 2719 644 Sed
2765 599 3010 662 quum

655 671 771 735 illa
832 670 909 735 de
972 673 1350 756 pentarchia
1420 675 1749 740 sententia
1820 680 2159 761 tantopere
2221 674 2653 741 Orientalium
2717 675 3009 740 animos

658 768 1066 851 pervasisset,
1129 770 1379 836 facilius
1440 775 1663 855 postea
1709 773 1790 836 ad
1842 773 2117 838 schisma
2173 778 2607 857 pervenerunt
2664 776 2730 836 et
2772 774 2851 837 in
2905 776 3015 834 ed

656 873 1151 948 perseverarunt
1186 869 1686 946 contendente&
1733 870 2162 954 patriarcham
2210 869 2575 934 Romanum
2622 893 2660 934 a
2704 868 3001 953 reliquis

658 961 886 1026 merito
933 984 1087 1054 esse>
1122 964 1497 1030 derelictum
1543 966 1624 1030 ob
1673 987 1936 1031 errores.
2029 966 2117 1031 Et
2165 969 2303 1051 jam
2360 966 2473 1030 illa
2529 970 2746 1030 aetate
2792 965 2999 1029 varia

655 1058 1032 1123 acciderunt
1078 1083 1156 1125 ex
1204 1066 1383 1145 parte
1432 1062 1849 1139 Graecorum,
1906 1065 2137 1147 quibus
2183 1063 2642 1143 ostendebant,
2688 1061 2995 1127 indolem

660 1156 971 1237 primatus
1037 1162 1103 1221 et
1157 1159 1623 1242 jurisdictionis
1686 1158 1963 1225 Romani
2027 1160 2360 1226 Pontificis
2425 1161 2595 1225 haud
2667 1161 2821 1224 satis
2899 1159 2994 1221 ab

659 1250 785 1314 illis
830 1253 1101 1336 perspici
1158 1260 1224 1319 et
1278 1256 1756 1339 comprehendi,
1815 1263 1882 1321 et
1939 1279 2131 1340 aegre
2184 1258 2579 1322 tantum‘ob
2628 1256 2993 1320 necessita-

661 1350 794 1411 tem
844 1346 1157 1436 suseipi.2)

345 1488 633 1562 Libollideei
843 1482 946 1545 93.
1002 1482 1223 1566 Atque
1268 1484 1387 1548 hoc
1434 1485 1569 1549 loco
1623 1487 2178 1551 commemoranda
2223 1487 2493 1551 veniunt
2543 1508 2618 1551 ea
2661 1507 2825 1569 quae
2882 1505 2989 1547 ac-

411 1554 563 1597 aman.
613 1663 616 1666 Ι
668 1579 961 1643 ciderunt
1018 1579 1224 1663 quoad
1282 1579 1522 1645 libellos
1537 1580 1749 1674 Qi,
1814 1605 1970 1667 quos
2027 1605 2247 1648 omnes
2304 1583 2578 1668 episcopi
2638 1587 2704 1646 et
2759 1580 2986 1646 clerici

666 1675 744 1741 ad
788 1675 1139 1740 Concilium
1200 1677 1462 1743 admissi
1518 1681 1776 1764 signare
1834 1680 2211 1745 debuerant.
2304 1680 2402 1744 Ex
2461 1680 2740 1746 dicendis
2800 1678 2988 1741 enim

663 1773 891 1836 dubius
937 1793 1152 1835 rerum
1200 1779 1409 1839 status
1453 1777 1900 1861 fluctuansque
1943 1775 2370 1842 Orientalium
2415 1778 2697 1853 animus,
2745 1798 2819 1841 ac
2863 1795 2988 1858 pe-

665 1869 866 1934 ricula
912 1869 1060 1934 inde
1108 1871 1514 1938 imminentia
1561 1874 2055 1957 conspicientur.
2133 1874 2294 1938 Rem
2340 1875 2492 1957 ipsis
2539 1873 2748 1937 verbis
2793 1871 2986 1935 Ana-

660 1966 845 2030 stasii
895 1988 1284 2047 enarremus,
1334 1972 1445 2053 qui
1490 1972 1560 2034 in
1605 1972 1735 2034 suis
1783 1971 1862 2035 ad
1894 1971 2247 2036 versionem
2281 1970 2547 2036 Concilii
2592 1970 2765 2034 notis
2815 1990 2988 2052 quae

663 2063 1037 2129 acciderunt
1083 2065 1162 2127 ad
1210 2066 1428 2130 vivum
1474 2066 1786 2152 depingit.
1845 2104 1911 2112 —
1968 2066 2396 2151 „Postquam,
2443 2088 2685 2144 omnes,
2731 2066 2985 2141 scribit,

671 2183 789 2223 sua
852 2160 1270 2245 chirographa
1340 2163 1635 2227 fecerunt
1705 2170 1771 2228 et
1838 2165 2112 2229 testibus
2184 2165 2485 2228 roborata
2551 2162 2986 2241 tradiderunt,

663 2264 1085 2321 surrexerunt
1144 2259 1402 2341 quidam
1460 2283 1708 2343 eorum,
1775 2267 1840 2325 et
1886 2260 1963 2324 ad
2024 2261 2491 2326 sanctissimum
2544 2257 2983 2344 patriarcham

669 2354 1001 2437 Ignatium
1064 2359 1259 2438 atque
1322 2357 1401 2421 ad
1465 2357 1776 2423 Basilium
1840 2359 2011 2442 pium
2080 2349 2539 2441 Imperatorem
2605 2355 2983 2420 accedentes

671 2458 915 2516 secreto
946 2451 1266 2532 dixerunt,
1301 2477 1432 2519 non
1468 2455 1629 2520 bene
1661 2455 1901 2520 factum
1933 2454 2147 2533 fuisse,
2175 2461 2254 2521 ut
2287 2454 2615 2521 ecclesiam
2646 2451 2980 2518 CPtanam

668 2553 858 2613 tanta
899 2550 1296 2634 subjectione
1339 2553 1666 2617 Romanae
1714 2553 1899 2618 subdi
1947 2553 2251 2618 ecclesiae
2296 2551 2722 2637 permiserint,
2767 2550 2859 2613 ita
2905 2554 2981 2611 ut

669 2645 835 2710 hanc
884 2647 942 2709 ei
987 2649 1299 2731 tanquam
1339 2648 1632 2713 dominae
1681 2650 1978 2714 ancillam
2012 2649 2418 2715 tradiderint.
2483 2649 2718 2726 Quibus
2766 2645 2978 2709 verbis

670 2742 1027 2826 Imperator
1081 2752 1458 2824 commotus,
1514 2747 1717 2830 jussit
1769 2747 2178 2830 primoribuS,
2227 2747 2337 2830 qui
2383 2747 2764 2811 vicariorum
2808 2742 2974 2825 Apo·

663 2840 934 2904 stolicae
967 2839 1145 2905 Sedis
1195 2843 1497 2926 obsequio
1543 2843 1838 2927 deputati
1871 2848 2072 2922 erant,
2116 2847 2192 2908 ut
2237 2865 2380 2909 cum
2423 2844 2521 2908 illi
2568 2842 2649 2906 ad
2696 2841 2973 2924 aliquam

671 2937 1000 3002 ecclesiam
1044 2961 1187 3002 cum
1227 2940 1359 3003 suis
1405 2944 1778 3024 pergerent,
1831 2941 1954 3023 ipsi
1995 2941 2393 3004 mansionem
2440 2961 2660 3004 eorum
2707 2935 2976 3022 ingressi

669 3034 1098 3120 chirographa
1168 3037 1281 3099 illa
1341 3038 1619 3101 latenter
1686 3037 2035 3101 auferrent.
2130 3037 2297 3101 Nam
2360 3059 2464 3101 eos
2526 3036 2740 3120 palam
2799 3055 2973 3097 scan-

670 3131 946 3198 dalizare
1001 3135 1260 3217 penitus
1310 3135 1662 3199 recusabat.
1756 3133 1914 3198 Cum
1971 3155 2121 3218 ergo
2167 3134 2415 3212 vicarii,
2474 3131 2768 3196 Donatus
2816 3129 2973 3194 scili-

665 3235 776 3295 cet
821 3235 884 3294 et
929 3229 1292 3314 Stephanus
1349 3231 1626 3314 episcopi
1687 3235 1880 3316 atque
1929 3230 2218 3295 Marinus
2274 3231 2599 3307 diaconuS,
2663 3229 2740 3293 ad
2789 3227 2970 3292 collo·

663 3328 996 3392 -cutionem
1042 3327 1443 3412 patriarchae
1489 3330 1941 3410 perrexissent,
1989 3328 2302 3408 custodes,
2348 3328 2520 3392 fures
2565 3326 2741 3402 facti,
2787 3346 2972 3409 pene-

672 3429 922 3489 trantes
968 3425 1226 3490 domum
1259 3425 1616 3510 ⁴quamdam
1670 3429 1919 3509 partem
1965 3425 2256 3489 clanculo
2310 3447 2392 3489 ex
2451 3423 2807 3489 numerosis
2851 3421 2974 3485 illis

661 3522 1113 3608 chirographis
1160 3523 1503 3588 abstulere.
1573 3523 1707 3598 Quo
1751 3523 1846 3586 illi
1893 3523 2134 3587 reversi
2179 3528 2501 3607 comperto
2545 3521 2765 3586 taliter
2809 3519 2974 3583 inter

674 3621 800 3684 alia
857 3619 1238 3704 Imperatori
1305 3622 1644 3704 loquentes
1711 3619 1956 3694 dixere3
2032 3617 2166 3683 Nos
2236 3619 2495 3702 quidem
2565 3617 2835 3682 Romam
2894 3616 2971 3680 ob

674 3717 906 3782 amissa
946 3716 1367 3803 chirographa
1408 3718 1614 3782 redire
1662 3739 1794 3782 non
1822 3714 2214 3792 audebimUS,
2261 3721 2334 3780 tu
2379 3718 2599 3780 tamen
2643 3714 2972 3779 inchoatae

673 3835 790 3896 pro
828 3813 1148 3880 Ecclesiae
1191 3819 1367 3879 statu
1415 3815 1675 3898 pietatis
1721 3813 1885 3877 nihil
1934 3813 2194 3878 omnino
2225 3812 2529 3877 mercedis
2575 3810 2969 3876 lucraberiS.“

855 4025 897 4091 1)
935 4025 1017 4079 De
1053 4025 1262 4080 Eccles.
1302 4024 1509 4093 discipl.
1547 4025 1608 4077 P.
1648 4024 1692 4077 I.
1735 4024 1796 4077 L.
1834 4025 1876 4077 I.
1918 4040 1961 4077 c.
2002 4023 2158 4076 XIII.
2196 4040 2248 4076 n.
2289 4025 2337 4075 7.

852 4103 895 4172 ²)
949 4105 1055 4159 Cfr.
1106 4105 1173 4159 de
1221 4104 1323 4158 hac
1369 4103 1583 4158 theoria
1635 4103 1992 4171 pentarchiae
2036 4101 2506 4171 patriarchatuum
2546 4098 2967 4168 Hergenrother‚

673 4184 905 4239 Photius
945 4184 1008 4238 T.
1049 4184 1122 4236 II.
1163 4202 1213 4253 p.
1257 4187 1355 4238 132
1394 4199 1507 4250 sqq.
