3270 5028
1064 415 1147 469 De
1184 414 1532 469 institutione
1569 413 1811 481 Imperii.
2497 420 2595 471 171

274 578 445 622 mus.
537 556 940 622 Venerabilis
991 578 1142 621 vero
1196 556 1448 639 praesul
1505 556 1745 638 inquit:
1803 555 2376 620 Praedecessorum
2433 576 2596 621 meo·

276 675 436 720 rum
481 651 876 732 Pontificum
929 650 1205 734 vestigia
1257 671 1518 732 sequor,
1580 655 1641 714 et
1701 652 1776 717 de
1834 651 2075 716 talibus
2125 650 2321 734 falsis
2378 652 2594 717 crimi-

184 774 195 783 ·
276 749 682 829 nationibus,
730 770 894 831 quae
931 768 1127 831 super
1169 769 1267 812 me
1301 747 1601 830 nequiter
1646 752 2054 828 exarserunt,
2102 769 2201 812 me
2241 748 2596 830 purificare

269 850 561 933 paratus
605 849 811 911 sum.“
826 846 877 929 1)
967 847 1194 911 Altero
1240 867 1392 910 vero
1448 846 1549 909 die
1607 846 1741 909 Leo
1790 846 1907 910 ΙΙΙ.
1966 852 2192 910 sancta
2242 846 2597 930 Evangelia

279 946 649 1028 complexus
708 944 1050 1008 ambonem
1110 941 1510 1020 conscendit,
1578 948 1643 1005 et,
1711 964 1924 1007 coram
1998 943 2294 1007 omnibus
2357 944 2594 1008 ordini-

282 1043 404 1104 bus
446 1063 513 1105 se
559 1041 639 1104 ab
687 1040 921 1104 affictis
965 1039 1087 1103 sibi
1137 1039 1696 1103 criminationibus
1736 1040 2111 1124 juramento
2153 1041 2470 1124 purgavit.

460 1210 519 1272 6.
579 1206 1017 1272 sacratissimi
1070 1211 1286 1271 autem
1347 1205 1599 1271 Natalis
1648 1205 1911 1269 Domini
1973 1205 2073 1268 die
2131 1227 2271 1269 cum
2330 1205 2592 1270 Carolus
2611 1215 2757 1258 aaron
2785 1229 2923 1287 ‚coro-

278 1326 394 1370 rex
443 1304 522 1368 ad
566 1305 827 1368 Missam
875 1309 1029 1368 ante
1078 1304 1557 1368 Confessionem
1604 1304 1777 1367 beati
1827 1302 2008 1365 Petri
2055 1303 2411 1378 assisteret,
2463 1302 2593 1385 Ig—‚eo
2705 1280 2839 1320 ”am

276 1402 458 1493 Papa
504 1394 893 1478 solemniter
920 1419 1070 1477 eum
1127 1402 1197 1464 in
1243 1399 1706 1490 Imperatorem
1753 1400 2214 1471 Romanorum
2244 1400 2592 1479 coronavit.

278 1499 410 1562 Res
474 1500 543 1562 in
618 1496 763 1562 Vita
828 1496 1072 1562 Leonis
1133 1495 1274 1560 III.
1349 1497 1517 1562 hisee
1582 1497 1789 1560 verbis
1850 1496 2152 1559 refertur.
2220 1494 2379 1559 Post
2439 1494 2593 1561 haec

277 1594 656 1661 adveniente
719 1594 821 1659 die
877 1592 1092 1658 natali
1148 1592 1428 1657 Domini
1484 1592 1717 1658 Nostri
1773 1593 1934 1658 Jesu
1984 1587 2265 1670 Christi,
2325 1591 2400 1656 in
2441 1592 2592 1675 jam

276 1691 453 1756 dicta
530 1691 799 1756 basilica
875 1691 1044 1755 beati
1108 1689 1295 1755 Petri
1366 1690 1663 1772 Apostoli
1734 1712 1950 1757 omnes
2015 1693 2257 1759 iterum
2332 1709 2591 1772 conqre-

270 1789 420 1872 qati
472 1792 667 1853 sunt:
725 1792 786 1851 et
845 1791 1000 1852 tunc
1060 1786 1448 1852 venerabilis
1510 1791 1571 1852 et
1632 1787 1953 1868 almificus
2012 1787 2323 1870 Pontifex
2376 1785 2591 1851 mani-

279 1884 400 1949 bus
467 1883 606 1947 suis
658 1883 956 1965 propriis
1024 1883 1327 1948 Carolum
1380 1883 1864 1965 pretiosissima
1936 1905 2174 1951 corona
2241 1882 2591 1949 coronavit.

288 1980 474 2045 Tunc
518 1978 813 2044 universi
867 1978 1084 2059 fideles
1126 1980 1446 2060 Romani,
1504 1981 1792 2046 videntes
1848 1987 2103 2049 tantam
2158 1980 2591 2064 defensionem

277 2081 339 2142 et
399 2075 828 2157 dilectionem,
889 2097 1086 2158 quam
1141 2097 1297 2158 erya
1358 2081 1654 2142 sanctam
1708 2079 2082 2145 Romanam
2145 2076 2473 2143 ecclesiam
2531 2081 2592 2142 et

275 2176 419 2256 ejus
463 2172 789 2238 vicarium
852 2172 1108 2250 habuit,
1172 2172 1580 2247 unanimiter
1643 2175 1926 2241 altisona
1985 2197 2161 2254 voce,
2226 2174 2359 2239 Dei
2417 2179 2590 2239 nutu

276 2275 470 2351 atque
532 2269 702 2335 beati
765 2270 951 2335 Petri
1011 2268 1468 2352 Apostolorum
1519 2271 1852 2355 principis
1915 2277 1975 2338 et
2037 2270 2344 2355 clavigeri
2401 2270 2590 2354 reqni

277 2367 595 2432 coelorum
657 2366 1217 2432 exclamaverunt:
1285 2365 1563 2447 „Carolo
1622 2368 1920 2451 piissimo
1979 2370 2278 2452 Auyusto‘
2345 2389 2387 2433 a
2446 2367 2590 2432 Deo

277 2468 599 2543 coronato,
646 2484 901 2548 ma9n0,
945 2464 1213 2547 pacifico
1260 2464 1658 2548 Imperatori
1702 2465 1841 2532 vita
1887 2472 1947 2532 et
1991 2466 2326 2532 victoria.“
2416 2465 2591 2531 Ante

275 2583 534 2628 sacram
589 2562 1048 2645 confessionem
1106 2561 1275 2627 beati
1318 2562 1504 2628 Petri
1550 2564 1846 2646 Apostoli
1888 2565 2115 2646 plures
2171 2568 2427 2629 sanctos
2483 2561 2586 2627 in-

275 2653 574 2725 vocantes
620 2663 719 2723 ter
763 2658 1007 2723 dictum
1052 2664 1147 2724 est
1158 2682 1180 2744 ;
1228 2664 1290 2723 et
1333 2659 1414 2723 ab
1461 2659 1761 2725 omnibus
1806 2660 2197 2727 constitutus
2242 2665 2335 2725 est
2376 2659 2587 2741 Impe-

276 2761 464 2821 rator
507 2755 977 2821 Romanorum.
1067 2755 1264 2820 Illioo
1324 2756 1777 2823 sanctissimus
1824 2758 2117 2823 Antistes
2170 2762 2232 2822 et
2276 2756 2591 2838 Pontifex

276 2851 477 2919 unxit
533 2851 609 2916 in
653 2851 1124 2935 Imperatorem
1185 2853 1314 2917 oleo
1369 2858 1590 2918 sancto
1641 2853 1973 2934 Carolum‚
2031 2859 2091 2918 et
2137 2853 2588 2919 excellentissi-

275 2943 457 3015 mum
501 2947 714 3028 filium
761 2949 901 3031 ejus
944 2948 1017 3014 in
1062 2969 1272 3031 reyem
1318 2948 1388 3014 in
1438 2949 1577 3032 ipso
1625 2950 1729 3015 die
1773 2950 1988 3016 natali
2035 2950 2311 3015 Domini
2356 2948 2588 3014 Nostri

277 3047 439 3112 Jesu
489 3043 761 3110 Christi.
854 3046 949 3109 Et
990 3045 1204 3109 Missa
1250 3050 1548 3128 peracta,
1602 3051 1756 3129 post
1792 3048 2296 3115 *celebrationem
2354 3044 2588 3110 missa-

276 3164 429 3209 rum
492 3141 726 3207 obtulit
782 3141 921 3225 ipse
978 3141 1432 3207 serenissimus
1470 3144 1797 3225 ¹Domnus
1856 3144 2227 3226 Imperator
2298 3162 2587 3207 mensam

276 3243 654 3322 arqenteam
692 3259 837 3305 cum
881 3238 1159 3321 pedibus
1204 3238 1361 3304 suis.
1455 3238 1583 3304 Sed
1634 3245 1695 3304 et
1738 3241 1813 3305 in
1859 3239 2255 3322 confessione
2303 3238 2587 3322 ejusdem

278 3336 412 3402 Dei
462 3335 757 3418 Apostoli
800 3335 1030 3402 obtulit
1076 3356 1214 3402 una
1261 3357 1406 3401 cum
1442 3335 2056 3420 praecellentissimo
2099 3335 2235 3416 filio
2280 3356 2397 3401 suo
2443 3355 2592 3419 reqe

277 3438 339 3499 et
400 3433 665 3513 filiabus
735 3431 992 3497 diversa
1054 3452 1211 3497 vasa
1281 3454 1361 3498 ex
1430 3454 1596 3499 auro
1655 3433 2017 3517 purissimo
2084 3432 2159 3498 in
2223 3431 2588 3497 ministerio

276 3530 491 3614 ipsius
552 3550 825 3595 mensae.
891 3559 966 3577 -⁴·
1030 3530 1273 3595 Eadem
1335 3532 1470 3596 fere
1534 3533 1787 3596 ratione
1853 3536 2120 3596 eventus
2181 3532 2462 3596 refertur
2519 3532 2590 3595 in

277 3628 648 3693 Annalibus
695 3627 1051 3712 Eginhardi
1097 3629 1176 3692 ad
1225 3625 1429 3709 80l.²)
1516 3628 1597 3693 In
1659 3627 1807 3692 Vita
1856 3625 2075 3693 Caroli
2120 3633 2337 3692 autem
2386 3627 2590 3712 Egin-

279 3726 516 3790 hardus
588 3724 744 3795 haee
814 3724 1041 3790 habet:
1120 3724 1401 3789 Romam
1465 3722 1729 3789 veniens
1792 3728 2060 3807 propter
2123 3723 2588 3806 reparandum,

458 3993 503 4062 ¹)
541 3995 710 4049 Liber
743 3995 936 4063 pontif.
987 3995 1113 4050 Vita
1149 3993 1350 4049 Leonis
1386 3994 1501 4048 ΙΙΙ.
1541 4011 1583 4047 c.
1625 3995 1711 4047 21.

456 4073 501 4141 2)
539 4074 712 4141 Quum
749 4075 910 4128 multi
954 4091 1155 4129 novum
1194 4091 1391 4128 annum
1436 4074 1746 4141 inciperent
1790 4089 1823 4127 a
1861 4074 1948 4128 die
1984 4074 2317 4128 Nativitatis
2351 4073 2591 4138 Domini,

282 4152 562 4207 coronatio
601 4153 783 4207 Caroli
820 4154 885 4207 ab
925 4154 1049 4208 aliis
1089 4169 1230 4207 anno
1269 4156 1389 4219 800,
1427 4154 1494 4206 ab
1534 4153 1658 4206 aliis
1697 4169 1839 4207 anno
1876 4155 1978 4207 801
2017 4152 2365 4207 adscribitur.
