3270 5028
913 429 998 484 De
1033 429 1431 491 Decretalibus,
1451 426 2034 485 Pseudo-Isidorianis.
2523 435 2626 486 259

314 570 547 634 seriem
605 570 1131 636 documentorum
1190 593 1354 654 quae
1414 593 1567 635 suae
1628 572 1992 636 collectioni
2049 572 2346 650 inseruit,
2413 573 2505 637 ita
2541 575 2624 636 1in

321 666 730 732 Praefatione
779 668 1108 751 exprimit:
1156 665 1456 732 Isidorus
1490 666 1819 732 Mercator
1849 687 2073 733 servus
2108 666 2361 732 Christi
2405 667 2627 733 lectori

319 781 617 828 conservo
661 783 779 828 suo
835 767 898 828 et
945 782 1194 845 parens
1246 762 1320 828 in
1365 762 1655 828 Domino
1711 763 2001 829 salutem.
2055 801 2127 809 —
2186 762 2541 847 Compellor
2583 786 2624 830 a

318 858 544 924 multis
614 863 748 925 tam
822 859 1132 942 episcopis
1210 880 1406 943 quam
1483 859 1758 943 reliquis
1829 860 2035 925 servis
2102 860 2235 925 Dei
2302 881 2625 927 canonum

317 954 673 1021 sententias
728 957 1020 1038 colliqere
1075 961 1136 1022 et
1196 978 1328 1022 uno
1388 956 1464 1022 in
1519 956 1846 1022 volumine
1901 956 2190 1040 rediyere
2238 962 2297 1021 et
2340 957 2415 1022 de
2460 958 2623 1024 mul-

319 1051 405 1117 tis
467 1073 673 1119 unum
731 1053 964 1136 facere.
1001 1093 1043 1118 -.
1107 1105 1120 1118 .
1184 1104 1198 1119 .
1257 1052 1345 1118 In
1405 1053 1737 1137 principio
1799 1075 1948 1118 vero
2011 1053 2365 1119 voluminis
2426 1053 2626 1138 huJ'us

318 1148 601 1229 qualiter
645 1150 990 1216 concilium
1034 1150 1212 1233 apud
1255 1171 1374 1215 nos
1413 1150 1772 1216 celebratur
1805 1150 2177 1233 posuimus,
2232 1155 2310 1216 ut
2355 1151 2470 1233 qui
2513 1172 2625 1217 no-

316 1248 527 1310 strum
576 1247 867 1312 ordinem
908 1238 1094 1329 sequi
1139 1246 1489 1328 voluerint,
1545 1247 1759 1312 sciant
1803 1246 2087 1329 qualiter
2129 1247 2244 1312 hoc
2289 1268 2479 1331 aqere
2523 1248 2623 1312 de-

318 1341 523 1407 beant.
619 1343 748 1433 Qui
786 1345 1005 1410 autem
1058 1343 1174 1409 hoc
1210 1342 1417 1426 'ayere
1473 1342 1704 1409 melius
1758 1343 2096 1427 eleqerint,
2151 1342 2411 1427 faciant
2458 1345 2627 1426 quod

301 1438 489 1521 justo
550 1441 982 1523 canonicoque
1045 1446 1237 1522 atque
1298 1440 1780 1522 sapientissimo
1844 1440 2112 1505 consilio
2157 1440 2622 1524 judicaverint.

317 1535 620 1618 Denique
674 1542 938 1621 propter
995 1559 1216 1604 eorum
1270 1537 1724 1602 auctoritatem
1782 1538 2051 1603 caeteris
2096 1537 2385 1603 conciliis
2431 1559 2623 1621 prae-

305 1633 652 1715 posuimus
697 1655 972 1700 canones
1017 1635 1131 1716 qui
1175 1632 1488 1700 dicuntur
1535 1633 2022 1717 Apostolorum,
2080 1633 2224 1699 licet
2269 1655 2313 1700 a
2362 1634 2623 1717 quibus-

317 1729 469 1794 dam
528 1731 885 1814 apocryphi
945 1730 1280 1811 dicantur,
1348 1730 1659 1812 quoniam
1712 1731 1933 1814 plures
1993 1752 2095 1795 eos
2154 1730 2505 1814 recipiunt,
2566 1737 2626 1796 et

318 1827 528 1891 sancti
582 1828 816 1894 Patres
871 1850 1093 1894 eorum
1150 1827 1506 1894 sententias
1560 1827 1863 1909 synodali
1922 1827 2310 1893 auctoritate
2369 1827 2624 1892 robora·

316 1929 552 1989 verunt
610 1930 668 1990 et
714 1926 889 1991 inter
948 1924 1295 1991 canonicas
1338 1929 1707 2006 posuerunt
1757 1923 2279 1991 Constitutiones.
2371 1924 2627 1990 Deinde

319 2022 754 2101 quarumdam
798 2022 1218 2105 epistolarum
1264 2021 1517 2086 decreta
1548 2021 1842 2086 virorum
1889 2020 2384 2104 apostolicorum
2418 2021 2623 2086 inter-

317 2117 700 2198 sedavimuS,
746 2119 817 2183 id
861 2125 955 2184 est
991 2117 1356 2198 Clementis,
1409 2116 1726 2201 Anacleti,
1773 2117 2078 2183 Evaristi
2121 2122 2182 2181 et
2227 2121 2624 2183 caeterorum

319 2213 855 2297 Apostolicorum,
906 2236 1071 2298 quas
1113 2215 1425 2280 hactenus
1468 2214 1753 2296 reperire
1786 2213 2127 2297 potuimus
2171 2213 2475 2296 epistolas
2520 2235 2624 2279 us-

319 2331 439 2393 que
491 2312 578 2377 ad
621 2311 1009 2379 Silvestrum
1055 2312 1346 2394 Papam:
1389 2311 1811 2393 postmodum
1862 2332 2011 2376 vero
2056 2310 2418 2376 Nicaenam
2473 2331 2623 2393 syn-

319 2407 510 2473 odum
555 2409 1010 2476 constituimus
1045 2413 1316 2492 propter
1360 2407 1815 2475 auctoritatem
1861 2408 2143 2490 ejusdem
2191 2406 2415 2490 maqni
2466 2406 2624 2473 Con-

320 2504 491 2571 cilii:
549 2506 842 2589 deinceps
901 2507 1305 2573 diversorum
1367 2505 1783 2575 conciliorum
1842 2505 2240 2571 Graecorum
2300 2526 2376 2570 ac
2436 2505 2624 2571 Lati-

318 2623 555 2669 norum
598 2604 731 2669 sive
778 2625 942 2687 quae
982 2609 1195 2687 antea,
1242 2627 1356 2673 seu
1403 2625 1567 2689 quae
1603 2604 2016 2686 postmodum
2040 2602 2240 2685 facta
2284 2607 2457 2680 sunt,
2506 2602 2623 2667 sub

317 2700 544 2766 ordine
587 2722 1009 2767 numerorum
1064 2722 1139 2767 ac
1185 2707 1545 2786 temporum
1601 2699 1910 2784 capitulis
1955 2700 2095 2764 suis
2153 2698 2463 2764 distincta
2507 2698 2624 2763 sub

317 2798 518 2880 hujus
560 2787 914 2864 ‘voluminis
958 2803 1219 2881 aspectu
1257 2799 1630 2879 locavimus,
1678 2796 2088 2880 subjicientes
2132 2795 2329 2860 etiam
2371 2794 2625 2877 reliqua

315 2894 568 2959 decreta
598 2894 990 2959 Praesulum
1024 2896 1476 2963 Romanorum
1508 2915 1711 2978 usque
1756 2893 1841 2958 ad
1878 2897 2177 2957 sanctum
2215 2891 2624 2974 Greqorium,

317 2994 378 3056 et
424 2992 739 3072 quasdam
785 2991 1090 3074 epistolas
1130 2993 1358 3075 ipsius.

497 3118 603 3180 46.
678 3115 781 3179 Ita
843 3115 1044 3197 igitur
1111 3121 1242 3180 tres
1319 3120 1533 3199 partes
1602 3115 1673 3178 in
1742 3113 1861 3176 hac
1932 3109 2325 3174 Col-lectione
2393 3108 2625 3172 distin-

316 3219 629 3297 guuntur.
723 3209 955 3274 Prima
1004 3231 1172 3292 pars
1232 3217 1488 3296 praeter
1549 3210 1838 3275 ordinem
1893 3206 2161 3271 Concilii
2223 3210 2289 3269 et
2349 3227 2626 3269 canones

319 3309 775 3393 Apostolorum
821 3309 1326 3393 quinquaginta,
1375 3308 1671 3373 continet
1717 3304 2087 3369 Decretales
2133 3324 2403 3367 numero
2449 3323 2625 3366 sexa·

317 3408 502 3491 ginta
573 3427 612 3468 a
686 3403 1016 3468 Clemente
1092 3426 1293 3488 usque
1368 3404 1448 3469 ad
1524 3401 1965 3467 Melchiadem.
2085 3400 2244 3463 Illae
2322 3399 2627 3481 epistolae

2665 761 2848 803 Pseudo·
2856 761 2918 803 Isi
2925 784 2936 790 -

2734 821 2876 865 donus.

2663 3117 2945 3160 collectionis

2716 3178 2889 3221 divisio.

247 3540 255 3548 ,
318 3502 716 3586 apocryphae
763 3504 947 3577 sunt,
1007 3504 1074 3565 eb
1127 3502 1208 3565 ab
1264 3502 1402 3585 ipso
1448 3500 1690 3565 Isidoro
1748 3503 2085 3574 consutae,
2147 3497 2428 3580 exceptis
2474 3496 2627 3560 clua-
2711 3547 2719 3555 .

318 3600 439 3663 bus
505 3598 791 3682 epistolis
863 3595 1241 3681 apocryphis
1305 3597 1686 3674 Clementis,
1760 3617 1924 3679 quae
1988 3617 2066 3659 ex
2134 3597 2318 3677 parte
2378 3593 2629 3677 jamdu-

318 3697 469 3760 dum
508 3694 1155 3772 circumferebantur,
1211 3694 1319 3760 sed
1366 3696 1447 3758 ab
1493 3692 1742 3758 Isidoro
1791 3692 2143 3757 Mercatore
2191 3694 2414 3755 auctae
2458 3693 2626 3754 sunt.

319 3791 534 3856 Etiam
602 3792 871 3874 epistola
916 3791 1165 3856 Aurelii
1229 3790 1765 3876 Carthaginensis
1829 3789 1909 3853 ad
1954 3788 2335 3864 Damasum,
2406 3791 2472 3851 et
2536 3808 2628 3850 re-

321 4017 480 4069 minis
532 4017 839 4085 ignoratur.
931 4018 1036 4072 Ofr.
1093 4016 1417 4083 Hinschiu5‚
1470 4016 1789 4071 Decretales
1842 4013 2444 4069 Pseudo-Isidorianae
2498 4029 2625 4081 pag.

319 4095 579 4151 CCXXX.
616 4125 683 4135 —
722 4096 1008 4151 Caeterum
1054 4101 1243 4150 notum
1289 4101 1406 4160 est,
1453 4095 1620 4151 etiam
1669 4094 1991 4163 scriptorem
2036 4092 2464 4147 ecclesiasticum
2510 4108 2629 4147 sae-

319 4177 428 4231 culi
467 4176 645 4245 quinti
680 4175 913 4258 Marium
952 4175 1308 4231 Mercatorem
1349 4175 1632 4244 appellari.
2390 4257 2417 4287 *

2321 4261 2384 4311 17
