3270 5028
927 472 1175 526 Eventus
1216 478 1340 539 post
1379 472 1677 525 Concilium
1716 486 1825 525 oec.
1855 471 2012 524 VIII.
2524 473 2627 524 413

501 614 643 677 105.
699 613 1083 677 Praesertim
1141 634 1291 675 vero
1341 611 1796 695 Imperatorem
1855 614 1977 676 sibi
2025 605 2436 676 reconciliare
2493 611 2963 713 stu-{ffifssgggf‘ff

320 711 490 784 duit,
563 715 757 793 atque
820 732 934 793 per
991 708 1224 793 gradus
1289 710 1664 792 procedenS‚
1738 710 2016 792 primum
2080 709 2326 773 duabus
2389 708 2627 771 litteris
2760 732 2855 773 liat.

321 812 683 889 opportuno
736 811 1023 889 tempore
1056 807 1137 869 ad
1184 827 1330 871 eum
1387 807 1640 870 directis
1689 806 1933 881 effecit,
1992 811 2066 870 ut
2113 807 2316 890 major
2362 805 2627 869 libertas

320 904 377 967 ei
423 903 903 979 concederetur3
953 904 1102 966 dein
1146 925 1293 968 vero
1342 904 1644 982 obtinuit,
1694 908 1768 967 ut
1812 904 1883 967 in
1931 903 2418 986 quaestionibus
2466 922 2630 986 quae

320 1000 740 1063 eruditionem
774 1004 840 1063 et
872 1000 1211 1064 scientiam
1244 1001 1626 1084 spectabant
1667 1000 2025 1082 Imperator
2064 1023 2179 1084 per
2214 1000 2402 1076 viros,
2441 1020 2630 1080 opera

329 1095 538 1161 Photii
587 1096 812 1160 callide
852 1097 1275 1172 intermissos⁹
1322 1098 1513 1180 hujus
1557 1097 1951 1162 sententiam
1999 1100 2263 1180 peteret.
2358 1094 2631 1158 Demum

320 1192 604 1260 favorem
660 1191 1074 1276 Imperatoris
1145 1216 1423 1277 eousque
1489 1194 1609 1257 sibi
1674 1194 2069 1269 conciliavit,
2135 1197 2210 1256 ut
2270 1191 2510 1255 reditus
2576 1190 2633 1253 ei

321 1290 778 1354 concederetur
833 1294 898 1353 et
944 1292 1077 1372 ipse
1125 1289 1203 1353 ad
1259 1275 1424 1354 filios
1472 1289 1694 1354 Basilii
1737 1290 2157 1354 instruendos
2204 1291 2272 1353 in
2320 1288 2630 1371 palatium

321 1390 765 1450 accerseretur.
837 1384 1200 1450 Secundum
1234 1384 1498 1450 Nicetae
1546 1387 1990 1451 narrationem
2038 1387 2314 1450 maxime
2363 1383 2632 1448 artificio

322 1482 595 1566 quodam
640 1482 1051 1547 fraudulento
1098 1471 1407 1546 Basili‘um
1455 1483 1577 1546 sibi
1623 1483 1931 1547 devinxit.
2022 1482 2184 1545 Erat
2231 1482 2465 1565 quippe
2514 1478 2632 1542 Ba-

321 1579 500 1642 silius
559 1578 946 1659 Imperator,
1006 1579 1100 1641 uti
1159 1579 1464 1654 diximuS‚
1527 1580 1792 1643 obscuro
1852 1581 1987 1645 loco
2045 1584 2266 1654 natus,
2328 1583 2392 1642 et
2448 1577 2632 1639 vehe-

323 1681 574 1738 menter
620 1674 907 1753 dolebat,
962 1697 1029 1738 se
1089 1675 1345 1738 nullum
1392 1675 1659 1739 illustris
1714 1678 1813 1741 sui
1873 1677 2128 1760 generis
2178 1675 2629 1739 documentum

322 1771 548 1834 afferre
595 1793 797 1853 posse.
873 1770 1144 1835 Photius
1182 1771 1383 1855 igitur
1430 1773 1540 1855 qui
1587 1773 1810 1856 inepta
1855 1774 1982 1836 ista
2018 1771 2436 1855 Imperatoris
2483 1774 2634 1833 vota

321 1870 609 1942 noverat,
656 1868 1100 1952 genealogiam
1148 1870 1487 1950 quamdam
1529 1868 1752 1956 Basilii
1801 1870 1946 1933 dolo
1993 1870 2327 1944 confinxit,
2377 1867 2631 1931 multis-

324 1985 447 2046 que
495 1964 730 2028 fabulis
778 1963 1135 2042 adornavit,
1186 1967 1255 2028 in
1302 1987 1429 2048 qua
1474 1964 1701 2029 Basilii
1745 1987 1946 2050 genus
1991 1989 2028 2031 a
2065 1965 2360 2029 'Tiridate
2410 1964 2632 2027 Arme·

323 2083 552 2124 norum
616 2082 763 2145 rege
818 2065 994 2125 recta
1054 2062 1483 2126 derivabatur.
1576 2062 1765 2126 Hanc
1825 2064 2267 2147 genealogiam
2329 2062 2397 2124 in
2452 2063 2629 2124 vetu-

323 2157 614 2221 stissimis
672 2159 1059 2223 membranis
1116 2159 1441 2223 ementitis
1497 2159 1973 2223 characteribus
2018 2157 2474 2222 Alexandrinis
2522 2156 2630 2219 de-

323 2254 624 2335 scriptam
696 2258 760 2317 et
826 2256 1114 2339 antiquis
1183 2256 1419 2320 chartis
1483 2256 1883 2331 obvolutam,
1962 2277 2157 2338 opera
2222 2252 2633 2336 Theophanis

325 2351 539 2414 clerici
583 2352 742 2433 regii
791 2351 1025 2415 Photio
1075 2352 1300 2429 dediti,
1360 2357 1671 2435 tanquam
1731 2352 2186 2416 documentum
2241 2350 2489 2414 arcanis
2537 2371 2631 2412 re·

324 2448 562 2510 fertum
636 2451 700 2510 et
765 2448 835 2511 in
903 2447 1289 2512 bibliotheca
1355 2450 1720 2527 inventum,
1797 2447 2040 2513 Basilio
2109 2446 2500 2512 offerendam
2570 2450 2633 2509 et

325 2544 889 2608 commendandam
962 2547 1224 2609 curavit.
1337 2546 1544 2623 Quum
1609 2545 1886 2610 Basilius
1954 2546 2206 2610 obscuri
2266 2545 2631 2609 documenti

326 2639 815 2723 explicationem
885 2643 1296 2707 vehementer
1369 2642 1787 2720 desideraret,
1864 2642 2289 2725 Theophanes
2357 2663 2424 2704 se
2493 2662 2629 2704 eam

324 2737 567 2800 nescire
612 2737 816 2801 fassus
875 2742 1002 2816 est,
1067 2744 1131 2802 et
1178 2762 1383 2802 unum
1428 2738 1734 2803 Photium
1794 2740 1995 2802 totius
2051 2739 2222 2801 orbis
2282 2737 2628 2801 eruditissi-

324 2856 494 2896 mum
562 2835 764 2897 virum
828 2857 971 2898 eum
1036 2835 1308 2900 codicem
1376 2836 1722 2919 explanare
1785 2858 1970 2918 posse
2032 2835 2324 2899 asseruit.
2431 2832 2631 2915 Eryo,

322 2931 543 2995 scribit
599 2929 857 2994 Nicetas
911 2933 980 2995 in
1029 2932 1188 2995 Vita
1243 2931 1561 3015 Ignatii‚¹)
1620 2931 1931 3012 extemplo
1991 2930 2077 2994 acl
2123 2929 2431 2994 Photiam
2485 2929 2632 2993 mit-

326 3024 508 3089 titur.
579 3025 915 3091 Praetexit
957 3027 1083 3107 ille,
1130 3027 1301 3092 nulli
1337 3048 1526 3110 posse
1572 3048 1889 3093 arcanam
1936 3027 2120 3107 illud,
2167 3026 2301 3091 nisi
2345 3025 2467 3090 soli
2498 3026 2633 3089 Im-

316 3122 614 3203 peratori
646 3123 973 3203 committi,
1022 3125 1096 3188 de
1142 3145 1265 3205 qao
1295 3124 1463 3189 illud
1492 3124 1709 3205 ipsam
1744 3123 2181 3206 perscriptum
2214 3127 2386 3187 esset.
2461 3121 2636 3202 Quid

324 3218 586 3301 iyitar?
633 3220 891 3301 capitur
921 3220 1351 3304 Imperatoris
1377 3221 1673 3303 facilitas
1703 3221 1822 3286 hac
1850 3221 2099 3303 fabula,
2133 3225 2193 3284 et
2224 3241 2367 3284 cam
2399 3219 2636 3284 Photio

2673 1759 2939 1810 Genealogia

2746 1821 2862 1862 ficta.

324 3316 395 3380 in
450 3315 743 3398 qratiam
801 3317 985 3382 redit.
1079 3317 1297 3383 Solent
1344 3317 1516 3382 enim
1569 3319 1835 3401 faustae
1898 3317 2194 3399 quamvis
2242 3316 2631 3382 vanissimae

316 3411 794 3495 praedictiones
838 3414 1151 3479 eoecelsam
1195 3418 1255 3479 et
1303 3414 1553 3497 yloriae
1606 3414 2106 3497 appetentiorem
2165 3413 2444 3479 indolem
2502 3413 2632 3477 ela-

327 3510 473 3573 dere
536 3513 597 3571 et
662 3530 967 3576 enervare
1029 3510 1414 3593 penitusque
1485 3511 1558 3576 in
1624 3533 1811 3577 suam
1880 3515 2260 3593 potestatem
2331 3509 2631 3592 rediffere,

329 3608 508 3671 Haec
552 3605 728 3670 inter
773 3606 1106 3673 Basiliam
1150 3612 1211 3671 et
1255 3608 1565 3674 Photiam
1612 3608 1792 3691 oriyo
1834 3607 2341 3690 familiaritatis.
2356 3608 2409 3691 2)

329 3811 385 3864 in
425 3813 679 3865 damnato
712 3811 927 3878 saepius
965 3816 1023 3864 et
1060 3809 1437 3877 multipliciter
1461 3809 1679 3864 homine
1706 3825 1813 3863 non
1840 3810 2025 3876 potuit
2064 3826 2183 3864 esse
2220 3811 2420 3877 absque
2460 3811 2637 3878 suspi-

330 3890 482 3944 cione
531 3890 867 3944 inhaerentis
916 3889 1213 3944 Anastasio
1266 3889 1490 3956 culpae.‘
1578 3888 1686 3943 Cfr.
1736 3889 1804 3942 ad
1852 3905 1967 3943 rem
2005 3889 2442 3957 Hergenrother‚
2492 3889 2637 3943 Pho-

328 3968 457 4034 tiuS,
494 3969 567 4021 Π.
608 3986 696 4036 pp.
735 3971 838 4022 228
877 3983 990 4036 sqq.

510 4048 549 4113 1)
588 4047 722 4101 Vita
758 4047 986 4115 Ignatii,
1026 4064 1108 4114 ap.
1146 4047 1328 4101 Labbe
1358 4048 1512 4100 VIII.
1554 4050 1708 4101 1177.

507 4126 548 4195 ²)
585 4128 644 4180 L.
675 4144 716 4179 c.
749 4130 901 4181 1251.
939 4157 1007 4163 —
1045 4127 1189 4179 Illud
1226 4128 1282 4179 in
1319 4127 1651 4196 genealogia
1688 4126 1798 4180 ista
1833 4126 2139 4181 habebatur
2176 4126 2408 4180 maxime
2439 4125 2634 4178 mirum

330 4214 387 4259 et
426 4222 710 4271 arcanum,
760 4207 901 4272 quod
948 4208 1162 4273 quando
1214 4207 1281 4260 ad
1328 4212 1540 4272 patrem
1590 4205 1782 4258 Basilii
1835 4210 2025 4260 auctor
2061 4206 2344 4274 pervenit,
2394 4204 2636 4273 scripsit,
