3270 5028
768 411 1164 479 Expenduntur
1202 413 1582 469 accusationes
1621 413 1680 468 in
1715 415 1870 469 Rom.
1907 413 2219 469 Pontifices
2542 418 2643 470 159

294 550 613 614 omnium
675 552 1184 617 Christianorum
1242 559 1453 637 patre,
1511 556 1704 635 plane
1762 557 2033 640 indigna
2092 557 2199 621 sit.
2287 554 2644 642 Indignum

292 667 458 710 sane
535 670 716 727 esse,
772 654 844 713 ut
900 650 982 714 ob
1045 651 1328 714 rationes
1387 652 1681 734 politicas
1743 653 2052 735 ejusmodi
2118 653 2334 718 odium
2399 653 2469 717 in
2532 676 2643 718 na·

291 743 565 807 tionem
644 747 928 830 aliquam
995 747 1414 831 concipiatur.
1529 748 1939 832 Turpissimis
2008 750 2310 814 conviciis
2382 749 2642 835 Longo-

291 838 544 905 bardos
596 841 668 905 in
716 865 790 907 ea
835 843 1105 927 epistola
1150 843 1349 924 affici,
1400 849 1464 908 et
1509 867 1786 929 eousque
1838 846 2179 929 abreptum
2229 868 2365 910 esse
2414 846 2642 910 Ponti·
2809 846 2855 890 V

292 935 517 1013 ficem,
567 945 650 1002 ut
680 940 1092 1004 matrimonia
1123 963 1263 1005 cum
1315 942 1569 1020 exteris,
1616 941 1948 1052 probanda
1992 943 2206 1025 potius
2252 942 2426 1007 inter
2457 942 2643 1006 Chri-

294 1034 566 1191 (sitianos
613 1040 835 1215 1{itque
895 1036 1245 1114 laudanda,
1314 1058 1429 1102 ceu
1493 1039 1851 1122 perniciosa
1914 1043 1980 1102 et
2043 1038 2447 1149 abhorrenda
2506 1043 2644 1103 tra-

343 1134 603 1196 uceret.

493 1272 609 1335 85.
672 1271 1055 1336 Afferuntur
1111 1277 1329 1336 autem
1400 1278 1467 1337 et
1495 1274 1972 1369 improbantur
2029 1297 2105 1339 ex
2168 1277 2438 1358 epistola
2497 1274 2636 1342 Ste—
2655 1275 2973 1379 ΕΡΙζξὲἒῗξθῃ·

295 1368 515 1450 phani
586 1371 927 1453 praecipue
988 1369 1125 1434 illa.
1196 1370 1466 1455 „Itaque
1512 1374 1774 1435 nostrae
1829 1372 2152 1454 perlatum
2214 1376 2312 1436 est
2362 1373 2638 1454 notioni,

296 1465 484 1547 quod
570 1469 743 1530 certe
820 1488 965 1530 cum
1052 1487 1288 1549 magno
1363 1467 1570 1532 cordis
1644 1467 1857 1531 dolore
1932 1467 2230 1532 dicimus,
2318 1491 2393 1532 eo
2470 1470 2640 1552 quod

294 1559 695 1627 Desiderius
772 1550 1340 1647 Longobardorum
1417 1586 1529 1627 rex
1598 1568 1879 1628 vestram
1954 1564 2335 1647 persuadere
2408 1565 2639 1649 digno-

296 1658 520 1723 scitur
585 1659 1060 1742 excellentiam,
1120 1682 1302 1724 suam
1367 1660 1566 1724 filiam
1628 1662 1741 1724 uni
1808 1683 1885 1724 ex
1947 1665 2165 1725 vestra
2223 1662 2639 1728 fraternitate

296 1754 371 1817 in
434 1756 775 1820 connubio
833 1757 1134 1839 copulari.
1240 1757 1419 1832 Quod
1482 1761 1653 1821 certe
1715 1757 1768 1820 si
1828 1758 1923 1820 ita
1972 1763 2102 1836 est,
2167 1757 2323 1822 haec
2385 1761 2639 1842 proprie

298 1851 642 1916 diabolica
700 1856 800 1917 est
860 1853 1198 1931 immissio,
1262 1859 1326 1916 et
1387 1875 1520 1917 non
1585 1858 1722 1916 tam
1789 1853 2184 1917 matrimonii
2246 1856 2639 1939 conjunctio,

299 1949 420 2013 sed
492 1951 892 2015 consortium
966 1950 1394 2033 nequissimae
1470 1949 1949 2014 adinventionis
2014 1971 2149 2013 esse
2216 1951 2485 2016 videtur.
2552 1990 2640 1999 —

301 2045 641 2122 Quoniam
700 2046 916 2128 plures
973 2046 1425 2129 comperimuS,
1484 2047 1653 2110 sicut
1709 2046 1964 2109 divinae
2011 2044 2375 2129 Scripturae
2435 2048 2639 2114 histo·

300 2142 408 2206 ria
479 2142 904 2220 instruimur,
978 2165 1093 2226 per
1167 2143 1418 2206 alienae
1486 2143 1767 2207 nationis
1842 2143 2154 2225 injustam
2229 2145 2523 2227 copulam
2600 2170 2639 2211 a

301 2240 643 2303 mandatis
692 2239 812 2303 Dei
859 2241 1114 2304 deviare
1161 2247 1228 2305 et
1271 2241 1341 2303 in
1388 2260 1625 2323 magno
1684 2238 2016 2303 devolutos
2062 2238 2368 2303 facinore.
2461 2242 2637 2318 Quae

304 2341 411 2400 est
492 2337 699 2417 enim,
792 2337 1386 2420 praecellentissimi
1459 2337 1574 2399 filii
1652 2335 1868 2419 magni
1946 2356 2163 2419 regeS,
2252 2337 2400 2400 talis
2478 2339 2637 2403 desi-

303 2434 598 2517 pientia,
675 2438 751 2497 ut
818 2434 1069 2518 penitus
1132 2434 1233 2497 vel
1300 2433 1422 2498 dici
1497 2434 1719 2498 liceat:
1792 2431 1962 2517 quod
2024 2436 2236 2495 vestra
2307 2437 2640 2518 praeclara

306 2530 719 2595 Francorum
763 2552 956 2615 genS,
1025 2553 1188 2614 quae
1245 2553 1471 2613 super·
1501 2552 1723 2595 omnes
1782 2533 2012 2613 gentes
2075 2530 2307 2607 enitet,
2374 2537 2441 2596 et
2498 2537 2636 2597 tam

307 2627 702 2711 splendiflua
769 2650 842 2692 ac
919 2628 1319 2692 nobilissima
1384 2619 1621 2711 regalis
1692 2630 1939 2689 vestrae
2006 2626 2337 2707 potentiae
2407 2630 2635 2710 proleS,

306 2724 564 2807 perfida
631 2760 713 2770 —
777 2725 944 2809 quod
1006 2725 1175 2789 absit
1238 2760 1321 2770 --
1387 2745 1460 2788 ac
1526 2722 1998 2788 foetentissima
2062 2719 2636 2805 Longobardorum

309 2825 518 2906 gente
563 2822 923 2904 polluatur,
985 2843 1147 2906 quae
1208 2823 1276 2886 in
1334 2842 1604 2886 numero
1662 2820 1958 2904 gentium
2013 2840 2421 2903 nequaquam
2469 2844 2635 2887 com-

311 2922 620 3001 putatur,
691 2918 770 2981 de
833 2920 1016 3001 cujus
1083 2919 1347 2983 natione
1416 2921 1484 2980 et
1549 2919 1945 3000 leprosorum
2014 2935 2218 2998 genus
2289 2917 2443 2980 oriri
2511 2940 2639 2982 cer-

314 3020 466 3079 tum
536 3020 653 3079 est.
772 3013 1008 3079 Nullus
1088 3016 1293 3093 enim,
1369 3015 1480 3098 qui
1554 3017 1839 3077 mentem
1917 3033 2138 3076 sanam
2214 3011 2441 3092 habet,
2517 3015 2643 3079 hoc

316 3112 635 3194 suspicari
701 3117 943 3195 potest,
1017 3118 1090 3175 ut
1156 3111 1319 3177 tales
1389 3110 1885 3174 nominatissimi
1957 3128 2139 3192 reges
2206 3113 2390 3174 tanto
2459 3113 2636 3176 dete-

316 3209 547 3273 stabili
608 3213 804 3292 atque
867 3209 1278 3273 abominabili
1345 3208 1642 3290 contagio
1707 3207 2133 3289 implicentur.
2224 3206 2399 3283 Quae
2464 3209 2637 3272 enim

315 3306 593 3370 societas
663 3306 785 3370 luci
855 3305 938 3369 ad
1006 3305 1346 3369 tenebras?
1422 3308 1535 3367 aut
1593 3325 1755 3387 quae
1821 3326 1972 3387 pars
2040 3305 2215 3369 fideli
2279 3326 2424 3368 cum
2487 3305 2637 3368 infi-

317 3402 470 3466 deli.
530 3452 544 3465 .
593 3453 608 3467 .
657 3451 672 3467 .
734 3402 966 3467 Nullus
1030 3425 1107 3468 ex
1153 3401 1382 3465 vestris
1436 3400 1839 3483 parentibuS,
1908 3402 2150 3466 scilicet
2209 3422 2418 3485 neque
2480 3423 2638 3465 avus

317 3510 567 3577 vester,
624 3522 834 3584 neque
879 3521 1186 3584 proaVUS,
1246 3498 1356 3562 sed
1402 3518 1521 3561 nec
1565 3500 1775 3559 vester
1825 3499 2085 3581 genitor
2134 3520 2212 3562 ex
2259 3498 2385 3561 alio
2433 3518 2641 3581 regno

319 3596 425 3659 vel
489 3604 798 3660 extranea
857 3597 1125 3660 natione
1181 3595 1524 3678 conjugem
1584 3592 1847 3674 accepit.
1942 3594 2033 3658 Et
2094 3595 2238 3678 quis
2298 3594 2375 3657 de
2423 3599 2638 3657 vestro

322 3692 721 3757 nobilissimo
768 3714 1005 3777 genere
1059 3713 1127 3755 se
1183 3690 1626 3755 contaminare
1674 3696 1788 3752 aut
1843 3690 2249 3754 commiscere
2296 3712 2436 3753 cum
2484 3689 2635 3753 hor-

322 3789 464 3853 rida
512 3788 1082 3874 Longobardorum
1139 3794 1335 3873 gente
1403 3786 1709 3869 dignatus
1771 3789 1901 3863 est,
1965 3791 2039 3849 ut
2093 3808 2270 3851 nunc
2324 3808 2437 3851 vos
2494 3808 2635 3849 sua-

323 3886 593 3963 demini,
647 3920 735 3931 -—-
789 3887 954 3970 quod
1001 3889 1256 3950 avertat
1301 3882 1646 3963 DominuS,
1706 3917 1794 3928 —-
1852 3881 2055 3946 eidem
2114 3882 2407 3946 horribili
2452 3881 2637 3966 genti

506 4146 548 4213 1)
586 4146 645 4199 L.
685 4163 731 4200 c.
768 4162 821 4213 p.
858 4148 979 4200 255.
