3270 5028
365 1014 660 1057 Decreta-lium

423 1076 606 1119 indoles,

687 441 791 493 268
881 529 894 538 ‚
1037 442 1184 495 XVI.
1225 444 1432 499 Causae
1472 447 1711 501 celebres
1750 453 1806 502 et
1840 448 2156 503 Decretales
2192 447 2653 501 Pseudo-Isidori.

687 583 829 657 bat,
893 605 1039 647 eum
1096 606 1247 667 prae
1304 587 1501 651 oculis
1563 588 1861 654 habuisse
1922 590 2236 673 possimus
2295 612 2671 673 supponere.
2708 553 2718 588 Ι
2761 590 3024 666 Quum-

688 700 813 762 que
877 700 1093 744 versus
1162 703 1405 745 annum
1474 686 1601 747 853
1673 685 1978 751 Collectio
2044 688 2171 752 ista
2237 687 2704 771 divulgaretur,
2781 690 3019 750 status

688 798 901 840 rerum
950 782 1264 860 quantum
1314 778 1392 842 ad
1436 780 1592 845 istos
1640 783 1808 847 viros
1854 804 2200 914 eorumque
2251 805 2507 847 causam
2553 784 2818 862 attinet,
2857 784 3014 867 jam

690 877 976 939 mutatus
1026 879 1183 938 erat.

867 1016 969 1078 57.
1007 1014 1321 1080 Omnibus
1351 1019 1679 1101 perpensis
1710 1041 2062 1096 censemus,
2096 1020 2560 1086 admittendam
2593 1043 2747 1097 esse,
2788 1018 3010 1104 quoad

690 1112 1031 1187 consilium
1101 1111 1674 1191 Pseudo-Isidori,
1747 1138 1883 1180 eam
1948 1118 2370 1195 sententiam,
2443 1140 2637 1202 quam
2705 1116 3014 1201 pluribus

689 1210 1038 1274 Hinschius
1069 1231 1273 1293 ‚opere
1320 1210 1517 1275 citato
1565 1212 1818 1276 evolvit.
1910 1213 2091 1277 Haec
2144 1215 2345 1298 igitur
2402 1214 2734 1279 advertere
2783 1215 3011 1297 juvat.

692 1307 815 1371 Per
875 1311 1143 1370 eventus
1198 1308 1310 1389 qui
1357 1308 1476 1398 sub
1525 1307 1848 1374 Ludovico
1901 1308 2021 1373 Pio
2083 1311 2345 1394 ejusque
2402 1311 2551 1374 filiis
2606 1310 3010 1384 acciderunt,

621 1405 628 1412 ’
689 1426 801 1486 per
864 1404 1122 1468 dissidia
1187 1404 1300 1468 illa
1366 1410 1431 1469 et
1499 1405 1670 1468 bella
1735 1407 1908 1469 inter
1968 1406 2425 1490 Imperatorem
2491 1409 2754 1491 ejusque
2812 1404 3013 1484 filios,

688 1505 751 1565 et
798 1506 1014 1584 partes
1072 1523 1232 1584 quae
1280 1502 1378 1564 vel
1442 1502 1611 1585 patri
1660 1503 1759 1566 vel
1819 1503 1964 1567 filiis
2015 1502 2301 1567 addictae
2357 1509 2547 1568 erant
2604 1526 2678 1568 ac
2729 1502 3007 1586 proceri·

687 1598 805 1661 bus
865 1602 1003 1660 tum
1066 1598 1502 1662 ecclesiasticis
1564 1605 1703 1662 tum
1761 1600 1936 1663 laicis
1991 1600 2406 1677 constabant,
2463 1601 2648 1665 valde
2696 1599 3010 1663 turbatus

690 1699 830 1757 erat
893 1698 1102 1757 status
1165 1716 1379 1757 rerum
1447 1695 2012 1760 ecclesiasticarum
2071 1696 2139 1759 in
2204 1695 2447 1773 Gallia,
2512 1703 2577 1761 et
2637 1696 2859 1780 religio
2927 1715 3011 1757 ac

688 1812 894 1854 mores
951 1791 1154 1873 magis
1201 1792 1531 1875 magisque
1588 1791 1785 1855 dilabi
1841 1792 2246 1857 videbantur.
2346 1792 2537 1856 Multi
2596 1798 2808 1857 autem
2865 1811 3007 1853 me·

689 1889 815 1951 rito
863 1887 1351 1964 existimabant,
1411 1888 1602 1971 idque
1649 1889 1717 1951 in
1762 1890 1952 1973 variis
2010 1888 2272 1972 synodis
2326 1890 2790 1971 pr0clamatum
2838 1892 3008 1964 erat,

688 1984 845 2049 illud
911 1986 979 2047 in
1048 1983 1399 2047 remedium
1470 1986 1746 2048 maxime
1816 2008 1948 2050 esse
2022 1984 2483 2064 adhibendum,
2559 1990 2632 2049 ut
2699 1985 3009 2069 dignitati

691 2086 898 2145 status
947 2081 1356 2146 ecclesiastici
1406 2082 1848 2165 provideretur
1895 2087 1969 2166 'et
2027 2088 2393 2159 caveretur,
2456 2105 2537 2146 ne
2591 2087 2871 2166 potestas
2917 2082 3008 2145 ci·

692 2178 866 2254 vilis,
937 2176 1324 2261 Imperator,
1393 2201 1577 2263 reges
1641 2201 1714 2243 ac
1780 2200 2100 2262 procereS,
2171 2180 2491 2263 episcopos
2559 2183 2866 2244 vexarent
2935 2183 3014 2242 et

697 2274 1138 2338 dominatione
1201 2296 1315 2339 sua
1358 2276 1819 2359 opprimerent,
1880 2298 1961 2340 ne
2017 2276 2189 2339 bona
2249 2276 2673 2340 ecclesiastica
2733 2298 2770 2339 a
2824 2276 3011 2339 laicis

697 2375 1200 2453 usurparentur,
1267 2393 1427 2435 neve
1482 2372 1820 2436 arbitrario
1878 2373 2065 2436 modo
2122 2373 2447 2454 praesules
2506 2372 2765 2456 injustis
2825 2392 3014 2435 accu—

695 2467 1050 2532 sationibus
1096 2472 1555 2552 appeterentur
1600 2474 1665 2533 et
1711 2491 1744 2533 e
1789 2468 2043 2533 sedibus
2089 2469 2219 2532 suis
2265 2466 2712 2552 dejicerentur.
2788 2466 3016 2533 Variis

695 2566 764 2628 in
809 2566 1069 2647 synodis
1114 2565 1364 2629 decreta
1411 2566 1549 2630 istis
1594 2566 1671 2630 de
1716 2566 1906 2629 rebus
1953 2566 2246 2630 confecta
2293 2572 2513 2645 eran't,
2571 2567 2813 2650 optima
2868 2565 3014 2650 qui-

697 2662 871 2738 dem,
933 2662 1041 2725 sed
1085 2662 1234 2726 dein
1286 2662 1456 2726 haud
1501 2665 1855 2728 observata.
1952 2663 2089 2727 Imo
2143 2685 2417 2727 canones
2464 2687 2517 2727 a.
2569 2664 2694 2727 845
2742 2663 2813 2726 in
2858 2683 3012 2727 con-

696 2759 841 2823 cilio
890 2758 1204 2823 Meldensi
1260 2760 1336 2824 ad
1395 2759 1871 2824 reformandum
1930 2754 2183 2824 statum
2233 2760 2724 2824 ecclesiasticum
2774 2759 3012 2824 consti-

696 2855 852 2932 tuti,
920 2856 1096 2920 brevi
1155 2862 1300 2940 post
1353 2856 1419 2919 in
1474 2861 1798 2920 conventu
1852 2857 2016 2940 apud
2065 2855 2456 2939 Sparnacum
2516 2858 2908 2940 congregato
2968 2878 3015 2920 a

695 2953 1062 3036 proceribus
1100 2954 1277 3017 laicis
1323 2954 1544 3038 reJ'ecti
1587 2957 1760 3017 sunt.

873 3101 975 3167 58.
1052 3102 1319 3166 Censuit
1390 3102 1592 3186 igitur
1669 3100 1950 3166 Isidorus
2026 3100 2378 3180 Mercator,
2448 3101 2630 3165 valde
2700 3106 3009 3184 opportu-

697 3221 851 3262 num
917 3198 1055 3263 fore
1120 3199 1199 3262 ad
1263 3200 1544 3283 aliquam
1606 3220 1816 3262 rerum
1886 3198 2331 3271 mutationem,
2366 3197 2860 3282 procurandam,
2928 3202 3013 3259 ut

697 3293 1004 3359 Collectio
1083 3297 1393 3379 quaedam
1456 3318 1770 3360 canonum
1840 3300 1906 3357 et
1974 3295 2375 3358 decretorum
2447 3295 2716 3377 amplior
2778 3294 3011 3376 vulga-

696 3395 906 3470 retur,
999 3397 1200 3476 utque
1271 3394 1340 3457 in
1421 3394 1642 3457 eadem
1714 3392 1830 3456 sub
1908 3391 2292 3456 auctoritate
2371 3398 2662 3454 veterum
2722 3389 3005 3463 „Pontifi-

697 3509 837 3552 cum
902 3510 975 3553 ea
1061 3495 1613 3573 proponerentur,
1704 3510 1868 3573 quae
1951 3511 1988 3551 a
2062 3488 2316 3568 synodis
2398 3486 2761 3551 recentibus
2835 3507 3011 3549 com—

699 3585 1017 3663 mendata,
1089 3587 1369 3670 proficua
1441 3586 1830 3650 videbantur
1900 3584 1978 3648 ad
2047 3607 2146 3648 res
2209 3586 2276 3648 in
2349 3584 2576 3648 melius
2646 3581 3013 3653 vertendas,

697 3685 870 3750 Hinc
928 3687 1098 3751 bona
1157 3685 1414 3769 quidem
1475 3684 1839 3748 intentione
1901 3687 1967 3746 et
2029 3689 2167 3757 arte
2224 3682 2538 3766 singulari
2593 3681 2655 3744 id
2717 3679 3004 3762 perfecit,

698 3783 869 3867 quod
917 3788 1083 3847 certe
1146 3782 1459 3865 vituperio
1519 3781 1785 3865 dignum
1851 3785 1967 3844 est.
2075 3778 2446 3862 Composuit
2509 3777 2798 3841 videlicet
2864 3797 3004 3858 spu·

698 3882 826 3944 rias
878 3881 1020 3944 illas
1081 3879 1450 3944 Deci-etales
1508 3878 1947 3942 Romanorum
2003 3875 2389 3940 Pontificum
2455 3875 2738 3957 priorum
2793 3894 3007 3936 saecu-

700 3979 938 4053 lorum,
996 3977 1066 4040 in
1111 3977 1316 4060 iisque
1373 3975 1748 4059 praesertim
1798 3980 2015 4058 urget,
2075 3994 2238 4058 quae
2296 3972 2373 4035 ad
2419 3969 2834 4034 relevandum
2881 3975 3006 4033 sta-

698 4082 840 4139 tum
889 4073 1384 4138 ecclesiasticum
1431 4094 1541 4154 pro
1588 4076 1945 4155 temporum
2005 4069 2327 4153 adjunctis
2375 4067 2719 4132 faciebant.
2815 4066 3004 4130 Prae·

700 4173 882 4256 cipue
947 4171 1012 4234 in
1075 4170 1151 4235 iis
1222 4167 1288 4232 1⁰
1347 4167 1729 4251 dignitatem
1794 4173 1860 4230 et
1912 4165 2483 4249 praeeminentiam
2538 4168 2747 4228 status
2809 4164 3009 4228 eccle-
