3270 5028
1071 471 1430 527 Pontificatus
1467 471 1667 526 Leonis
1702 471 1798 525 IV.
2000 494 2005 497 -
2484 473 2589 524 209

273 615 491 699 thal&
530 616 599 679 in
649 617 1009 680 consortem
1056 613 1318 697 Imperii
1363 613 1705 697 adoptatus
1751 612 2011 690 fuisset,
2057 614 2196 696 ipse
2241 634 2412 676 anno
2461 612 2588 676 850

277 712 554 777 Romam
602 712 810 792 venit,
870 715 1065 794 atque
1126 732 1175 774 a
1218 708 1459 792 IAEQEP„
1492 707 1629 789 IVfL
1671 709 1738 773 in
1797 708 2257 792 Imperatorem
2321 729 2589 787 corona-

276 816 409 891 13933-ι
464 812 579 872 est.
692 805 939 871 Iterum
1008 805 1279 870 Romam
1354 805 1723 889 properavit
1790 827 1963 869 anno
2033 806 2189 888 855,
2266 827 2464 889 quum
2531 806 2591 868 ei

275 905 440 968 falso
486 905 760 968 relatum
817 907 985 967 esset
1037 902 1114 966 de
1175 900 1593 986 quorumdam
1642 900 2143 984 machinatione,
2198 904 2272 964 ut
2321 901 2589 965 Romam

275 998 545 1066 Graecis
603 998 952 1064 traderent.
1059 997 1163 1061 Ex
1210 995 1559 1061 Anastasio
1615 1018 1754 1061 rem
1810 997 2192 1075 referamus,
2252 1020 2450 1082 quum
2512 1018 2590 1060 ex

277 1121 352 1162 ea
395 1097 550 1160 satis
606 1095 1061 1180 perspiciatur,
1125 1115 1445 1178 quaenam
1503 1094 1705 1158 fuerit
1762 1093 2173 1177 Imperatoris
2228 1095 2296 1158 in
2359 1093 2593 1158 Roma·

277 1216 396 1257 nos
462 1193 828 1257 auctoritaS.
944 1190 1201 1275 „Hujus
1265 1188 1552 1273 (Leonis)
1620 1190 2049 1273 temporibus,
2122 1190 2348 1255 scribit
2412 1191 2590 1253 Ana·
2620 1181 2917 1288 Dssfiffiffim

272 1291 546 1367 stasiuS,
604 1287 863 1371 quidam
913 1287 1144 1352 Daniel
1192 1287 1498 1371 magister
1554 1286 1836 1351 militum
1891 1288 2255 1370 iniquitatis
2313 1309 2387 1351 ac
2429 1289 2593 1351 stul·
2859 1276 2870 1287 ’

278 1387 464 1451 titiae
509 1385 676 1448 mole
724 1388 1049 1464 caecatus,
1106 1383 1182 1446 ad
1230 1383 1637 1448 serenissima
1698 1383 1914 1447 domni
1962 1380 2268 1448 Ludovici
2312 1383 2593 1468 Impera-

276 1484 436 1549 toris
482 1482 759 1564 vestigia
803 1481 1200 1564 properavit,
1262 1481 1447 1564 eique
1493 1479 1702 1544 multa
1756 1480 1921 1544 falsa
1967 1485 2034 1543 et
2075 1480 2336 1544 inutilia
2379 1481 2593 1556 verba,

279 1590 447 1665 quae
491 1578 664 1661 credi
718 1579 900 1642 nullo
954 1576 1141 1641 modo
1198 1580 1492 1660 possunt,
1550 1597 1741 1660 super
1784 1574 2168 1640 Gratianum
2209 1576 2595 1641 eminentis-

278 1678 509 1741 simum
555 1675 934 1759 magistrum
977 1672 1249 1737 militum
1301 1677 1367 1736 et
1397 1671 1674 1737 Romani
1722 1673 1951 1755 palatii
1995 1674 2324 1758 egregium
2358 1672 2595 1757 Super-

278 1775 469 1839 istam
526 1792 598 1835 ac
654 1769 1104 1835 Consiliarium
1163 1770 1368 1834 dicere
1425 1791 1556 1834 non
1611 1769 1954 1834 dubitavit.
2047 1768 2216 1833 Nam
2270 1770 2596 1834 instanter

277 1891 427 1933 eum
474 1867 813 1932 accusabat
859 1866 939 1929 ob
984 1866 1290 1930 falsitatis
1335 1865 1664 1942 invidiam,
1712 1865 1925 1929 dicens
1971 1866 2380 1949 Imperatori:
2438 1866 2595 1931 Gra-

284 1967 500 2028 tianus
544 1961 878 2027 Roma-nae
924 1963 1101 2026 urbis
1145 1960 1504 2046 Superista,
1561 1984 1755 2045 quem
1801 1984 1953 2046 erga
2000 1985 2111 2028 vos
2156 1963 2408 2027 fidelem
2458 1985 2597 2028 esse

280 2060 568 2140 creditiS,
624 2059 784 2123 mihi
839 2059 958 2123 soli
1011 2059 1082 2124 in
1125 2060 1310 2125 domo
1366 2081 1485 2123 sua
1526 2059 1794 2122 nimium
1854 2080 2044 2142 super
2087 2058 2373 2124 Francos
2431 2082 2598 2124 mur-

281 2178 544 2221 murans
600 2155 763 2220 dixit
819 2160 1090 2219 secrete:
1154 2154 1319 2231 Quia
1372 2154 1607 2220 Franci
1674 2155 1838 2219 nihil
1896 2156 2083 2221 nobis
2138 2157 2289 2220 boni
2347 2157 2598 2222 faciunt

282 2274 494 2337 neque
541 2251 931 2336 adjutorium
979 2252 1319 2336 praebent,¹
1378 2252 1488 2316 sed
1534 2254 1739 2337 magis
1786 2274 1950 2337 quae
1996 2257 2218 2318 nostra
2260 2258 2414 2318 sunt
2462 2255 2597 2318 vio-

280 2353 496 2415 lenter
554 2349 817 2414 tollunt.
909 2348 1118 2425 Quare
1178 2371 1308 2413 non
1374 2349 1752 2413 advocamus
1812 2349 2115 2431 GraecoS‚
2178 2356 2245 2414 et
2304 2372 2448 2415 cum
2506 2351 2597 2416 eis

283 2446 508 2511 foedus
570 2436 761 2529 pacis*
809 2449 1263 2529 componentes
1324 2443 1722 2510 Francorum
1787 2468 2001 2531 regem
2060 2452 2127 2511 et
2188 2453 2451 2533 gentem
2520 2447 2598 2512 de

261 2548 509 2608 -nostro
550 2564 754 2627 regno
816 2547 882 2606 et
943 2543 1385 2608 dominatione
1437 2544 1860 2626 expellimus?
1951 2544 2086 2620 Quo
2143 2545 2388 2621 audito,
2449 2567 2596 2610 mox

282 2640 647 2725 praedictus
693 2639 1057 2724 Imperator
1114 2640 1427 2703 immenso
1484 2639 1708 2703 -furore
1755 2661 2088 2721 accensuS,
2151 2642 2291 2706 sine
2358 2643 2597 2706 litteris

281 2738 477 2801 etiam
542 2736 622 2801 ad
680 2736 1120 2801 Romanorum
1183 2736 1441 2800 directis
1504 2734 1886 2802 Pontificem
1952 2741 2018 2801 et
2079 2745 2403 2818 senatum,
2473 2739 2598 2805 Ro·

283 2856 456 2897 mam
520 2832 741 2897 venire
798 2833 1103 2898 velociter
1176 2832 1560 2916 procuravit.
1671 2832 1873 2909 Quem
1941 2838 2165 2899 tamen
2229 2837 2597 2902 venientem

284 2930 557 2995 domnus
622 2928 759 2993 Leo
800 2929 976 3013 Papa
1038 2929 1416 3006 honorifice,
1479 2930 1650 2993 sicut
1710 2951 1846 2994 mos
1912 2935 2039 3004 est,
2104 2953 2301 3015 supra
2362 2933 2598 3017 gradus

283 3028 561 3111 majores
625 3025 812 3090 Beati
858 3025 1037 3091 Petri
1083 3025 1381 3107 Apostoli
1442 3025 1726 3090 residens
1789 3027 2096 3111 suscepit,
2161 3033 2225 3092 et
2278 3029 2599 3094 mellifluis

280 3123 775 3207 praedicationis
821 3122 1034 3186 verbis
1081 3123 1333 3204 placare
1377 3122 1608 3204 coepit.
1657 3157 1741 3167 --
1787 3122 2075 3198 Quadam
2121 3146 2271 3188 vero
2316 3124 2417 3189 die
2463 3127 2600 3209 ipse

282 3219 646 3304 Imperator
718 3240 860 3282 cum
928 3218 1330 3283 sanctissimo
1400 3217 1619 3281 Leone
1690 3216 2035 3301 Pontifice,
2106 3219 2399 3284 omnibus
2466 3221 2599 3287 Ro·

263 3316 494 3380 manis
539 3314 922 3380 Proceribus
980 3314 1220 3397 pariter
1263 3319 1329 3377 et
1388 3314 1646 3398 optimis
1691 3313 1989 3396 Francis,
2052 3318 2117 3380 in
2166 3318 2352 3382 domo
2402 3341 2597 3403 quam

284 3413 514 3477 beatae
562 3413 902 3476 memoriae
947 3411 1080 3476 Leo
1126 3412 1357 3475 tertius
1390 3410 1567 3493 Papa
1600 3412 1796 3494 juxta
1842 3414 2165 3476 ecclesiam
2200 3412 2385 3478 Beati
2418 3414 2598 3481 Petri

284 3508 583 3593 Apostoli
645 3510 914 3583 fecerat,
990 3507 1398 3585 sedentibus,
1469 3507 1547 3572 de
1608 3507 1934 3591 praedicta
1996 3511 2400 3575 accusatione
2460 3514 2598 3597 pla-

281 3606 485 3669 citum
538 3603 783 3668 habuit.
873 3604 1059 3668 Tunc
1104 3602 1342 3667 Daniel
1395 3603 1621 3686 iniqua
1676 3604 1896 3667 fronte
1943 3610 2255 3684 armatuS,
2308 3607 2596 3693 falsaque

281 3702 677 3786 cogitatione
749 3700 1036 3763 imbutus
1112 3700 1276 3764 dixit
1341 3700 1668 3763 omnibus:
1746 3700 1876 3764 Iste
1946 3701 2296 3768 Gratianus
2370 3704 2600 3771 habuit

261 3820 532 3862 ‚mecum
594 3796 960 3875 consilium,
1022 3796 1191 3860 hanc
1243 3794 1604 3861 Romanam
1666 3800 1905 3860 terram
1967 3797 2044 3862 de
2099 3803 2314 3864 vestra
2372 3803 2599 3868 tollere

285 3898 610 3978 potestate
675 3901 742 3956 et
802 3891 1061 3958 Graecis
1128 3893 1381 3958 tradere
1438 3894 1640 3959 illam.
1733 3893 1850 3958 Cui
1909 3896 2131 3960 statim
2199 3919 2332 3961 non
2388 3900 2597 3964 solum

286 3989 672 4066 Gratianus,
738 4011 960 4054 verum
1021 3990 1215 4053 etiam
1292 4011 1514 4054 omnes
1582 3990 1860 4055 Romani
1926 4014 2140 4057 coram
2204 3992 2598 4077 Imperatore

284 4086 622 4149 dixerunt:
671 4084 990 4163 MentiriS,
1037 4086 1217 4150 nullo
1263 4087 1451 4151 m'odo
1499 4090 1598 4151 est
1628 4108 1851 4157 verum
1890 4090 2058 4172 quod
2104 4089 2280 4154 dicis.
2352 4090 2599 4176 Cogno-

286 4204 466 4246 scens
524 4189 737 4246 autem
798 4182 1155 4265 Imperator
1212 4186 1277 4246 et
1332 4183 1539 4249 omnis
1588 4182 2030 4249 Romanorum
2075 4185 2598 4271 Francorumque

393 4294 655 4346 Jungmann,
683 4294 1039 4336 Dissertationes.
1093 4295 1216 4338 Tom.
1246 4295 1336 4337 111.
2219 4293 2284 4344 14
