3270 5028
605 388 712 440 152
1132 386 1282 439 XIV.
1318 386 1403 440 De
1440 386 1594 439 civili
1626 385 1697 438 Β.
1733 384 2019 438 Pontificis
2054 384 2381 451 principatu.

602 534 862 592 tantum
935 527 1316 591 exarchatus
1382 527 1904 591 Ravennatensis
1967 525 2259 589 Romano
2327 524 2632 590 Pontifici
2710 525 2936 588 trade-

603 626 816 688 batur.
908 624 1014 689 Ita
1059 622 1429 707 Stephanus
1483 630 1747 706 paratus
1795 630 1937 686 erat
1993 622 2205 685 denuo
2264 622 2785 704 experimentum
2830 621 2934 685 fa·

604 742 778 799 cere,
850 730 1071 783 utrum
1136 720 1257 783 hac
1317 720 1572 783 ratione
1643 741 1683 781 a
1751 716 2323 802 Longobardorum
2393 718 2940 782 infestationibus

603 817 883 880 Romani
926 817 1135 881 securi
1180 816 1411 900 degere
1455 820 1737 898 possent.
1831 815 2021 878 Haud
2065 816 2298 878 mirum
2341 815 2578 898 igitur,
2636 814 2696 877 si
2741 815 2938 878 novis

604 913 1096 977 difficultatibus
1152 935 1232 977 ex
1286 917 1469 995 parte
1519 910 2096 995 Longobardorum
2156 912 2346 991 ortis,
2412 910 2692 974 Romani
2748 909 2935 975 Pon·

603 1011 811 1074 tifices
870 1009 952 1072 ad
1015 1014 1203 1092 pacta
1263 1010 1379 1073 illa
1441 1010 1512 1072 in
1570 1009 1808 1071 litteris
1868 1009 1999 1073 suis
2063 1008 2575 1091 provocaverint.
2685 1006 2933 1071 Utrum

605 1107 865 1191 singula
911 1129 1078 1190 quae
1117 1106 1189 1169 in
1242 1106 1481 1169 litteris
1532 1106 1665 1168 illis
1715 1104 2066 1180 habentur,
2125 1111 2421 1187 spectent
2470 1104 2594 1169 hoc
2639 1109 2935 1188 pactum,

606 1226 691 1267 an
738 1225 890 1266 vero
935 1203 1421 1285 promissionem
1470 1201 1775 1265 Carisiaci
1819 1202 2078 1279 factam,
2121 1203 2480 1265 accuratius
2526 1201 2934 1279 examinare,

606 1303 876 1381 longum
936 1300 1139 1374 foret,
1202 1319 1321 1362 nec
1381 1320 1511 1361 una
1570 1305 1672 1361 est
1732 1304 2066 1361 auctorum
2122 1299 2469 1361 sententia.
2567 1297 2939 1382 Brunengo

606 1396 885 1460 advertit
904 1443 921 1471 ,
991 1394 1266 1458 codicem
1331 1417 1460 1478 quo
1525 1399 1904 1477 regerentur
1962 1393 2351 1458 Pontificum
2389 1401 2486 1457 .et
2541 1394 2936 1479 Longobar-

606 1493 835 1556 dorum
884 1493 1040 1574 jura
1092 1490 1245 1554 inde
1301 1515 1340 1555 a
1395 1513 1548 1574 pace
1605 1513 1747 1555 cum
1795 1490 2138 1573 Aistulpho
2197 1514 2256 1554 a.
2315 1491 2444 1554 754
2500 1492 2671 1555 inita
2723 1514 2935 1575 usque

609 1589 693 1651 ad
734 1587 977 1651 bellum
1028 1589 1186 1651 anni
1234 1589 1389 1665 774,
1447 1589 1644 1651 fuisse
1699 1587 1878 1649 illam
1931 1588 2429 1651 conventionem
2474 1609 2622 1651 cum
2671 1589 2936 1653 Aistul-

608 1684 758 1769 pho,
807 1706 924 1747 nec
968 1684 1098 1748 alia
1140 1684 1407 1766 petiisse
1454 1683 1835 1761 PontificeS‚
1880 1684 2007 1746 nisi
2052 1705 2219 1766 quae
2265 1684 2336 1746 in
2382 1686 2512 1748 ista
2554 1686 2733 1766 pacis
2779 1706 2940 1748 con-

610 1780 915 1844 ventione
959 1779 1399 1859 habebantur,
1447 1778 1735 1863 adeoque
1780 1779 1860 1842 ad
1904 1802 2044 1843 eam
2091 1785 2380 1863 spectare
2417 1782 2600 1843 varia
2644 1802 2812 1864 quae
2858 1782 2935 1845 in

610 1876 899 1958 epistolis
930 1877 1318 1941 Pontificum
1344 1876 1841 1953 continentur.¹)
1900 1875 2175 1940 Videtur
2203 1883 2426 1940 tamen
2457 1878 2698 1959 passim
2730 1878 2936 1942 etiam

612 1972 902 2036 anterior
946 1974 1061 2036 illa
1113 1973 1449 2056 promissio
1490 1974 1693 2057 tangi.
1751 2009 1834 2017 —
1891 1971 2016 2036 Sed
2063 1978 2234 2036 certe
2276 1996 2475 2057 quum
2523 1975 2761 2057 viginti
2809 1997 2936 2038 an-

610 2090 844 2133 norum
889 2089 1060 2131 novo
1105 2069 1546 2150 experimento
1589 2069 2014 2144 constitisset,
2063 2070 2525 2153 Longobardos
2570 2069 2744 2133 haud
2791 2092 2937 2134 ces-

612 2187 756 2228 sare
802 2165 885 2228 ab
924 2164 1347 2227 infestatione
1381 2164 1791 2243 Pontificum,
1835 2187 2162 2249 quumque
2209 2166 2477 2231 Carolus
2521 2189 2637 2230 rex
2683 2167 2934 2231 bellum

613 2266 844 2326 contra
885 2261 1032 2323 illos
1075 2261 1458 2342 suscepisset
1503 2266 1571 2322 et
1616 2262 1758 2342 jam
1802 2283 1877 2325 eo
1932 2284 2034 2324 res
2078 2263 2531 2341 adduceretur,
2592 2270 2668 2328 ut
2713 2270 2934 2328 totum

613 2379 885 2442 regnum
943 2356 1514 2440 Longobardorum
1573 2356 2040 2422 destrueretur:
2110 2358 2312 2422 veluti
2379 2383 2496 2442 per
2553 2382 2623 2423 se
2682 2360 2940 2443 primae

620 2455 839 2539 Pipini
881 2453 1291 2538 promissioni
1336 2474 1451 2516 seu
1498 2452 1834 2518 donationi
1879 2455 2113 2519 insitus
2157 2456 2338 2520 valor
2381 2456 2660 2522 redibat.
2736 2456 2936 2522 Unde

614 2574 830 2618 rerum
895 2551 1218 2634 adjunctis
1276 2550 1554 2613 maxime
1609 2573 1954 2615 consonum
2023 2559 2196 2628 erat,
2262 2561 2338 2615 ut
2398 2576 2600 2637 quum
2655 2554 2932 2619 Carolus

613 2656 904 2731 tempore
960 2646 1298 2711 Paschatis
1352 2669 1408 2709 a.
1461 2647 1588 2709 774
1639 2647 1906 2711 Romam
1965 2649 2274 2727 venisset,
2331 2649 2707 2715 Hadrianus
2768 2650 2937 2715 illud

615 2747 1073 2811 documentum
1126 2743 1478 2827 proferret,
1533 2741 1796 2808 Carolus
1839 2767 1990 2807 vero
2045 2747 2246 2828 patris
2298 2746 2717 2810 donatiouem
2773 2770 2935 2812 con-

612 2844 905 2906 firmaret
962 2846 1028 2905 et
1082 2843 1442 2904 renovaret.
1532 2839 1808 2905 Proinde
1863 2863 2029 2924 quae
2083 2842 2165 2905 ab
2220 2849 2480 2907 auctore
2539 2842 2728 2908 Vitae
2784 2844 2964 2921 Har

614 2937 844 3003 driani
908 2944 1291 3016 narrantur,
1367 2936 1654 3018 apprime
1717 2958 1862 3000 cum
1927 2939 2428 3003 circumstantiis
2491 2962 2707 3003 rerum
2774 2963 2935 3006 con·

615 3039 907 3101 veniunt.

797 3151 902 3213 77.
961 3149 1210 3214 Asserit
1269 3147 1593 3238 M-artens,
1659 3171 1697 3212 a
1741 3148 1970 3213 Carolo
2032 3157 2414 3232 renovatum
2477 3152 2940 3217 tantummodo

617 3270 757 3312 esse
814 3247 1104 3334 caritatis
1161 3250 1229 3309 et
1285 3245 1635 3312 amicitiae„
1661 3244 1887 3312 foedus
1942 3251 2132 3310 antea
2185 3269 2329 3310 cum
2383 3247 2613 3327 Pipino
2670 3249 2934 3322 initum,

615 3344 904 3427 illudque
959 3347 1216 3424 pactum
1273 3341 1562 3405 exhiberi
1615 3341 1744 3405 illis
1800 3342 2010 3405 verbis
2068 3342 2251 3406 Vatae
2304 3342 2655 3410 Hadm‘ani
2711 3365 2761 3408 c.
2806 3344 2939 3409 38.-

616 3440 1110 3524 „Conjungenti
1183 3460 1334 3502 vero
1407 3437 1625 3501 eodem
1701 3438 2237 3503 excellentissimo
2311 3462 2388 3504 ac
2462 3442 2937 3525 benignissimo

615 3537 847 3601 Carolo
909 3557 1090 3619 rege,
1169 3556 1390 3599 omnoe
1454 3534 1692 3622 gradus
1757 3535 2140 3618 singillatim
2211 3535 2494 3620 ejusdem
2568 3538 2933 3602 sacratissi-

614 3656 759 3698 mae
820 3632 999 3696 beati
1052 3632 1230 3696 Petri
1282 3631 1584 3694 ecclesiae
1644 3631 2048 3695 deosculatus
2114 3639 2247 3710 est,
2308 3640 2376 3698 et
2434 3637 2529 3699 ita
2586 3656 2791 3718 usque
2848 3636 2933 3700 ad

613 3729 1175 3814 praenominatum
1234 3728 1530 3811 pervenit
1574 3727 1976 3810 pontificem:
2037 3729 2149 3793 ubi
2201 3732 2270 3794 iu
2315 3733 2484 3795 atrio
2530 3753 2727 3815 super
2779 3754 2934 3816 gra-

614 3828 765 3903 duS,
815 3829 1007 3910 juxta
1053 3826 1223 3889 fores
1267 3824 1577 3916 ecclesiae
1622 3823 1997 3887 assistebat:
2057 3847 2260 3909 eoque
2314 3835 2641 3911 suscepto,
2699 3834 2938 3893 mutuo

798 4029 841 4096 ¹)
880 4029 961 4082 Le
995 4028 1203 4098 oriqim‘
1238 4032 1329 4082 etc.
1367 4044 1421 4095 p.
1459 4028 1565 4079 236
1602 4041 1736 4092 sqq..
1781 4030 1838 4080 et
1874 4027 1941 4080 L'
1977 4027 2167 4082 ultimo
2202 4029 2288 4083 dei
2319 4047 2380 4083 re
2414 4031 2790 4101 Lonqobardi,
2843 4032 2942 4086 Ci-

616 4110 760 4164 vilta
796 4108 988 4162 eattol.
1027 4108 1189 4176 1863;
1226 4107 1295 4160 v.
1331 4109 1381 4159 6.
1417 4121 1472 4172 p.
1508 4107 1629 4158 691.
1717 4173 1724 4180 Ι
