3270 5028
779 445 1179 513 Expenduntur
1217 445 1594 500 accusationes
1630 446 1689 499 in
1726 445 1880 500 Rom.
1920 446 2235 502 Pontifices.
2557 452 2655 504 161

347 587 547 653 monii
596 589 741 679 [ιφ
799 588 1145 664 contracti,
1210 593 1277 651 et
1340 589 1549 672 legem
1606 587 1891 652 divinam
1952 611 2082 672 qua
2143 590 2332 654 aliam
2394 613 2657 657 uxorem

346 704 598 748 sumere
649 683 1082 766 prohibeatur.
1184 683 1501 767 „Impium
1560 685 1735 748 enim
1790 689 1915 761 est,
1970 686 2219 760 scribit,
2283 691 2359 750 ut
2400 688 2500 751 vel
2547 709 2657 770 pe-

346 782 522 845 nitus
576 781 805 843 vestris
866 780 1172 844 ascendat
1232 780 1555 857 cordibus,
1615 781 1773 845 alias
1832 804 2060 846 uxores
2121 784 2404 866 accipere
2465 806 2660 867 super

347 900 472 954 eaS,
520 899 679 961 quas
719 876 1014 959 primitus
1059 899 1172 941 vos
1219 882 1462 942 certum
1510 882 1607 942 est
1655 878 1998 961 accepisse.
2089 878 2240 944 Non
2286 880 2466 944 vobis
2512 902 2657 945 con·

343 974 525 1038 venit
566 974 699 1037 tale
755 975 976 1058 peragi
1024 974 1236 1052 nefas,
1297 974 1407 1057 qui
1468 975 1683 1058 legem
1729 974 1853 1038 Dei
1913 976 2181 1053 tenetiS,
2245 980 2310 1040 et
2369 977 2528 1041 alios
2575 999 2657 1041 ne

343 1071 503 1134 talia
546 1075 747 1154 agant
792 1071 1130 1154 corripitis,
1223 1070 1398 1134 Haec
1453 1070 1688 1154 quippe
1743 1092 2033 1156 paganae
2094 1063 2325 1155 gentes
2382 1073 2655 1139 faciunt.

345 1166 515 1230 Nam
561 1166 729 1231 absit
774 1165 892 1230 hoc
939 1189 977 1230 a
1020 1167 1227 1246 vobis,
1274 1167 1385 1249 qui
1431 1167 1715 1250 perfecte
1764 1168 1918 1232 estis
1964 1169 2328 1247 christiani,
2386 1175 2452 1234 et
2496 1191 2656 1254 gens

343 1266 568 1327 sancta
610 1267 807 1345 atque
860 1264 1077 1347 regale
1135 1264 1291 1327 estis
1350 1262 1795 1328 sacerdotium.
1888 1264 2335 1329 Recordamini
2391 1270 2456 1330 et
2512 1287 2656 1330 con-

343 1359 647 1423 siderate:
712 1359 894 1442 quia,
969 1361 1109 1424 oleo
1182 1367 1409 1423 sancto
1485 1361 1664 1424 uncti
1725 1382 1840 1444 per
1901 1383 2132 1425 manus
2197 1362 2414 1426 vicarii
2483 1363 2656 1426 beati

344 1457 554 1533 Petri,
620 1457 879 1529 coelesti
940 1456 1388 1521 benedictione
1460 1458 1614 1520 estis
1682 1458 2093 1531 sanctificati;
2162 1463 2228 1522 et
2300 1460 2655 1523 cavendum

342 1553 522 1616 vobis
569 1557 695 1634 est,
748 1575 831 1615 ne
877 1553 1082 1617 tantis
1127 1553 1415 1617 reatibus
1461 1553 1894 1635 implicemini.
1937 1589 2024 1598 —
2070 1553 2473 1620 Mementote
2519 1555 2656 1637 hoc,

343 1650 937 1733 praecellentissimi
996 1650 1142 1714 filii:
1207 1650 1378 1734 quod
1438 1656 1701 1714 sanctae
1764 1650 2224 1715 recordationis
2287 1652 2655 1734 praedeces-

342 1769 449 1812 sor
495 1750 717 1810 noster
762 1745 1033 1811 domnus
1065 1745 1430 1829 Stephanus
1474 1768 1642 1830 papa
1687 1747 2263 1811 excellentissimae
2309 1748 2653 1812 memoriae

340 1845 699 1927 genitorem
755 1848 1038 1907 vestrum
1096 1843 1478 1920 obtestavit,
1536 1847 1607 1907 ut
1663 1865 2073 1927 nequaquam
2124 1845 2654 1927 praesumpsisset

344 1940 667 2004 dimittere
735 1939 1059 2003 dominam
1137 1943 1203 2002 et
1277 1940 1660 2024 genitricem
1723 1943 2029 2015 vestram3
2106 1943 2171 2003 et
2246 1940 2409 2022 ipse,
2486 1942 2654 2004 sicut

341 2058 561 2100 revera
639 2035 1204 2100 christianissimus
1291 2057 1437 2113 rex,
1528 2037 1666 2118 ejus
1743 2036 2094 2100 salutiferis
2184 2036 2655 2120 obtemperavit

340 2132 666 2197 monitis.“

518 2230 624 2291 88.
693 2225 821 2312 Sed
881 2249 1008 2311 quo
1071 2227 1393 2292 efficacius
1454 2227 1776 2310 principes
1837 2233 2148 2307 moveret,
2211 2231 2338 2294 alia
2399 2253 2653 2314 quoque

340 2323 702 2407 Stephanus
749 2324 937 2388 affert
982 2328 1366 2407 argumenta
1415 2324 1647 2407 quibus
1693 2324 2136 2390 vehementius
2185 2332 2410 2411 urget,
2454 2349 2649 2411 quam

339 2421 603 2485 nocivae
674 2427 740 2483 et
806 2420 1143 2484 indecorae
1211 2421 1345 2484 sint
1417 2421 1565 2483 illae
1633 2422 1920 2504 nuptiae.
2041 2422 2138 2487 Ea
2208 2423 2468 2507 quidem
2526 2443 2652 2505 per

338 2537 404 2581 se
462 2539 590 2581 non
651 2522 911 2581 tantum
970 2518 1218 2595 valent,
1283 2525 1599 2601 quantum
1660 2519 1821 2582 illud
1880 2519 2052 2602 quod
2113 2521 2300 2585 modo
2356 2522 2648 2605 exposui-

339 2637 513 2695 muS,
565 2614 675 2678 sed
721 2615 955 2698 passim
1001 2613 1334 2678 hominum
1382 2616 1629 2679 animos
1690 2616 1885 2679 etiam
1930 2618 2135 2701 magis
2182 2618 2428 2681 feriunt
2476 2620 2648 2702 ejus-

337 2711 510 2775 modi
582 2713 894 2793 rationeS,
967 2713 1021 2774 si
1097 2732 1242 2774 cum
1304 2712 1368 2774 vi
1444 2712 1659 2795 aliqua
1735 2716 1800 2776 et
1866 2715 2239 2797 eloquenter
2317 2737 2644 2797 exponun-

338 2813 462 2874 tur.
553 2807 762 2883 Quum
808 2829 959 2871 vero
1011 2807 1335 2872 connubia
1379 2829 1522 2871 cum
1579 2809 1907 2872 extraneis
1963 2810 2335 2874 mulieribus
2381 2816 2455 2874 ut
2500 2833 2648 2894 per-

333 2905 577 2969 niciosa
637 2904 943 2969 Pontifex
996 2897 1340 2984 describit,
1409 2903 1474 2967 id
1545 2927 1953 2989 nequaquam
2026 2905 2323 2971 absolute
2385 2910 2451 2970 et
2512 2908 2649 2970 uni-

335 2989 568 3067 versim
622 3023 851 3087 urgere
901 3002 1066 3078 vult,
1125 3000 1236 3065 sed
1285 3002 1356 3064 in
1417 3003 1894 3084 comparatione
1949 3001 2222 3085 quadam
2278 3004 2647 3087 argumenti

333 3100 428 3162 vis
493 3099 619 3163 sita
685 3102 798 3163 est.
909 3097 1428 3183 Argumentatur
1497 3097 1795 3162 videlicet
1861 3097 2169 3162 Pontifex
2238 3121 2316 3162 ex
2392 3100 2646 3182 antiqui

332 3195 605 3259 foederis
662 3197 1084 3279 praescript0‚
1139 3217 1267 3278 quo
1310 3193 1627 3263 Dominus
1681 3193 2075 3259 Judaeorum
2132 3195 2456 3259 connubia
2504 3219 2647 3261 cum

335 3292 706 3356 mulieribus
739 3291 1124 3375 alienigenis
1172 3295 1236 3354 et
1284 3290 1682 3355 idololatriae
1725 3290 1955 3355 deditis
1996 3293 2315 3375 reprobat,
2362 3296 2429 3355 et
2474 3293 2645 3357 mala

332 3412 496 3473 quae
554 3389 704 3452 inde
760 3389 1048 3471 regibu8‚
1115 3410 1165 3451 e.
1211 3408 1271 3472 g.
1320 3384 1651 3452 Salomoni
1708 3391 1774 3450 et
1818 3387 2043 3451 Achab
2102 3395 2487 3466 evenerunt,
2551 3413 2645 3454 re-

333 3486 500 3550 colit.
591 3484 824 3549 Franci
871 3486 1112 3549 electus
1162 3484 1283 3548 Dei
1329 3485 1600 3568 populus
1646 3488 1799 3547 sunt
1845 3483 2177 3564 Pontifici,
2227 3485 2641 3571 Longobardi

330 3590 559 3667 gentes
601 3583 750 3646 illae
797 3582 1202 3664 alienigenae
1253 3584 1319 3644 et
1365 3585 1653 3658 exterae,
1702 3602 1780 3644 ex
1829 3582 2061 3665 quibus
2106 3605 2339 3668 uxores
2385 3606 2641 3650 sumere

331 3679 506 3743 Deus
549 3678 973 3743 interdixerat
1018 3677 1299 3743 Judaeis.
1392 3677 1583 3741 Haud
1630 3679 1863 3741 mirum
1910 3701 2059 3742 vero
2108 3684 2234 3756 est,
2280 3680 2449 3764 quod
2497 3704 2641 3764 pro·

330 3782 475 3860 pter
546 3774 1120 3858 Longobardorum
1199 3774 1535 3839 saevitiam
1613 3777 1679 3838 et
1754 3775 2206 3842 infestationes
2275 3779 2641 3856 continuae,

330 3873 448 3936 tali
505 3872 980 3955 comparatione
1039 3872 1356 3936 niteretur
1413 3869 1749 3948 Pontifex,
1807 3873 2181 3954 praesertim
2243 3896 2441 3957 quum
2493 3872 2642 3939 Sedi

330 3969 737 4052 Apostolicae
783 3972 958 4033 certa
1002 3967 1284 4051 pericula
1328 3967 1664 4030 imminere
1709 3968 2128 4050 praevideret.

506 4066 606 4129 89.
674 4064 903 4150 Itaque
968 4087 1102 4128 non
1173 4062 1455 4147 praecise
1512 4062 1594 4126 ob
1654 4061 2095 4129 diversitatem
2147 4067 2463 4145 nationiS,
2533 4068 2640 4133 sed

331 4162 414 4226 ob
454 4158 825 4242 periculum
870 4157 1340 4243 Rev-versionis,
1400 4158 1514 4222 illa
1560 4160 1884 4224 connubia
1942 4184 2085 4227 cum
2139 4169 2334 4248 gente
2381 4165 2639 4251 Longo-

359 4240 695 4252 fflnmw-p----q-a-

433 4272 697 4323 Jungmann,
729 4272 1085 4314 Dissertationes.
1137 4271 1261 4313 Tom.
1288 4270 1377 4311 ΙΙΙ.
2260 4270 2322 4322 11

2909 3313 2934 3336 δ

2686 3497 2949 3550 Expendun-

2773 3561 2860 3600 tur.
