3270 5028
659 426 763 476 318
1001 422 1148 475 XVI.
1189 420 1396 475 Causae
1436 419 1676 475 celebres
1716 425 1772 473 et
1807 420 2124 475 Decretales
2162 420 2624 474 Pseudo—Isidori.

661 564 909 649 gaudus
983 563 1382 627 Trevirensis
1458 585 1496 625 a
1574 561 1837 626 Nicolao
1909 584 1947 625 a
2028 562 2479 626 communione
2551 563 2807 636 remoti,
2895 562 3000 644 ab

663 660 993 725 Hadriano
1039 658 1119 723 II.
1166 681 1407 724 sacram
1454 659 1969 725 communionem
2018 660 2082 722 in
2139 658 2241 722 die
2304 659 2732 723 coronationis
2777 660 2999 742 ipsius

664 752 1119 839 receperant.1)
1210 755 1315 819 Ad
1361 755 1515 820 haec
1561 757 1735 820 facta
1780 753 2010 819 alludit
2052 762 2270 820 orator
2315 756 2443 819 illis
2488 756 2725 820 verbis:
2776 754 2991 832 „Cae-

662 859 874 917 terum
950 845 1363 935 perpendite,
1441 852 1835 936 quaesimus,
1921 851 2201 936 qualiter
2276 852 2386 916 isti
2458 852 2721 916 correcti
2798 863 2992 929 sunt,

663 950 773 1033 qui
849 970 979 1012 non
1053 942 1259 1012 solum
1327 950 1781 1013 correctionem
1850 970 2028 1012 suam
2106 970 2517 1032 nequaquam
2593 948 2991 1032 ostendunt,

664 1052 731 1108 et
776 1044 1012 1109 delicta
1055 1066 1200 1122 sua,
1255 1066 1420 1128 quae
1468 1045 1664 1111 etiam
1710 1051 1945 1121 terras,
2007 1049 2082 1107 ut
2139 1044 2377 1121 fertur,
2434 1047 2780 1126 occupant,
2839 1066 2985 1108 non

664 1142 1083 1219 confitentur,
1147 1163 1370 1205 verum
1425 1142 1653 1218 etiam,
1715 1142 1880 1205 sicut
1933 1141 2283 1206 multorum
2342 1141 2571 1205 relatio
2630 1146 2695 1205 et
2739 1141 2988 1223 scripta

664 1242 1021 1316 testantur,
1099 1238 1371 1302 vetitum
1439 1238 1559 1301 sibi
1641 1238 1923 1301 officium
2001 1237 2263 1322 quidam
2339 1237 2566 1301 horum
2641 1258 2989 1319 usurpasse

666 1334 969 1411 refertur,
1055 1333 1316 1416 quidam
1391 1338 1609 1397 autem
1685 1338 1839 1397 ante
1915 1334 2313 1422 audientiam
2391 1337 2618 1397 contra
2694 1355 2984 1397 canones

666 1431 1199 1509 communicasse,
1256 1429 1422 1493 sicut
1467 1451 1534 1493 se
1579 1451 1871 1492 murmur
1931 1431 2235 1494 ecclesiae
2283 1429 2508 1508 habet,
2566 1429 2728 1512 proh
2773 1429 2980 1504 dolor,

667 1524 1172 1608 criminatur.“²)
1285 1526 1492 1602 Quum
1561 1526 1978 1609 Teutgaudus
2046 1549 2220 1592 anno
2289 1527 2415 1590 869
2486 1519 2624 1611 jam
2693 1526 2985 1607 obiisset,

666 1628 871 1709 patet,
950 1623 1319 1688 Zachariam
1383 1621 1808 1705 Anagninum
1895 1622 2260 1706 episcopum
2336 1622 2438 1687 hic
2512 1622 2834 1707 designari
2903 1631 2985 1687 ut

667 1744 840 1799 eum,
906 1720 1019 1803 qui
1084 1723 1235 1783 ante
1304 1718 1695 1782 audientiam
1762 1724 1990 1784 contra
2050 1742 2326 1785 canones
2391 1720 2985 1799 communicaverit,

666 1819 831 1881 sicut
896 1838 963 1880 se
1026 1838 1312 1879 murmur
1376 1815 1679 1879 ecclesiae
1744 1814 1958 1880 habet.
2070 1816 2372 1900 Carpitur
2435 1816 2608 1881 hisce
2663 1816 2985 1880 indirecte

668 1913 1065 1988 Hadrianus,
1149 1914 1261 1996 qui
1337 1934 1481 1975 eum
1556 1911 1634 1974 ad
1713 1915 2224 1977 communionem
2297 1914 2582 1997 admisit3
2661 1914 2984 1997 simulque

667 2010 859 2074 dubio
906 2009 1180 2093 quodam
1226 2008 1412 2073 modo
1469 2031 1569 2072 res
1630 2009 2040 2091 exprimitur,
2097 2009 2293 2089 (sicut
2337 2032 2405 2074 se
2444 2032 2734 2073 murmur
2781 2011 2984 2073 eccle—

668 2107 799 2171 siae
844 2103 1090 2190 habet).
1190 2106 1693 2188 peremptorium
1755 2105 1904 2169 inde
1966 2107 2223 2190 colliges
2283 2111 2765 2190 argumentum,
2839 2106 2983 2170 Ha-

665 2204 963 2267 drianum
1023 2203 1135 2286 qui
1191 2201 1683 2266 ecclesiasticam
1741 2204 2251 2267 communionem
2316 2203 2658 2267 Zachariae
2722 2226 2984 2268 conces·

665 2302 750 2364 sit
814 2298 929 2363 sub
996 2318 1285 2381 conqrua
1351 2296 1826 2378 satisfactione,
1897 2299 1990 2363 uti
2058 2300 2127 2363 in
2176 2299 2332 2363 Vita
2399 2300 2715 2365 Hadriani
2783 2322 2832 2364 c.
2892 2299 2980 2366 X.

666 2397 917 2474 dicitur,
965 2396 1135 2459 haud
1184 2417 1322 2459 esse
1370 2399 1688 2459 oratorem
1738 2394 1937 2474 hunc,
1984 2395 2096 2479 qui
2131 2396 2209 2459 ad
2255 2397 2570 2479 synodum
2615 2398 2980 2461 orationem

666 2493 912 2559 habuit.
1024 2491 1297 2557 Videtur
1364 2492 1696 2575 episcopus
1767 2492 1872 2556 hic
1944 2492 2156 2575 potius
2230 2491 2473 2558 Romae
2549 2493 2829 2558 abfuisse
2898 2514 2983 2558 eo

665 2594 954 2674 tempore
1014 2612 1138 2674 quo
1184 2589 1553 2654 Hadrianus
1601 2593 2010 2653 consecratus
2058 2596 2185 2666 est,
2240 2612 2435 2673 quum
2494 2591 2743 2656 incerto
2786 2589 2983 2655 modo

666 2686 743 2750 de
788 2687 900 2750 illo
947 2686 1118 2750 facto
1160 2687 1484 2769 loquatur.

351 2867 486 2907 Forte
515 2866 624 2906 For·
848 2850 991 2914 115.
1057 2848 1275 2931 Atque
1338 2850 1497 2913 haec
1529 2850 1841 2914 ‘absentia
1906 2873 2036 2914 una
2092 2873 2170 2915 ex
2231 2850 2588 2914 rationibus
2647 2854 2770 2928 est,
2835 2851 2977 2934 qui·

413 2939 572 3009 ¹¹¹⁰⁸¹¹SI
666 2950 780 3013 bus
828 2949 1057 3012 nititur
1112 2949 1483 3030 conJ‘ectura
1540 2948 1917 3029 probabilis,
1976 2946 2353 3012 Formosum
2412 2948 2772 3030 episcopum
2820 2946 2973 3012 Por·

664 3053 959 3110 tuensem
1025 3047 1343 3107 oratorem
1421 3043 1602 3107 illum
1676 3066 1810 3107 esse
1887 3046 1999 3127 qui
2073 3046 2429 3109 orationem
2503 3043 2582 3107 ad
2656 3044 2973 3127 synodum

668 3140 1135 3226 pronuntiavit.
1227 3138 1597 3216 FormosuS,
1665 3139 1777 3223 qui
1837 3141 2013 3205 inter
2074 3142 2396 3224 praesules
2458 3144 2616 3204 tunc
2681 3141 2975 3207 doctrina

669 3245 734 3302 et
779 3238 1009 3322 peritia
1063 3237 1134 3300 in
1191 3238 1467 3320 negotiis
1528 3237 1828 3320 gerendis
1888 3239 2243 3314 eminebat,
2301 3236 2559 3321 quando
2606 3236 2975 3300 Hadrianus

668 3340 1073 3421 consecratus
1137 3337 1236 3396 est
1290 3333 1391 3397 die
1458 3334 1557 3397 14.
1599 3331 1972 3397 Decembris
2029 3356 2084 3398 a.
2145 3334 2300 3412 867,
2372 3335 2653 3397 nondum
2698 3333 2974 3396 redierat

668 3453 704 3498 a
752 3453 869 3496 sua
915 3430 992 3493 ad
1032 3427 1347 3512 Bulgaros
1392 3429 1714 3509 missione,
1761 3431 1858 3494 uti
1906 3435 2129 3494 auctor
2167 3429 2350 3493 Vitae
2380 3427 2723 3493 Hadriani
2768 3451 2818 3493 c.
2850 3427 2970 3492 IX.

666 3529 885 3593 refert.
976 3526 1169 3589 Brevi
1216 3531 1361 3608 post
1405 3531 1626 3589 tamen
1673 3548 1966 3590 reversus
2014 3531 2140 3610 est3
2189 3526 2428 3590 etenim
2476 3527 2612 3608 ipse
2660 3548 2803 3590 cum
2849 3525 2974 3615 alio

667 3625 959 3710 praesule
1003 3623 1399 3687 consecravit
1439 3623 1509 3686 in
1556 3623 1880 3706 episcopos
1927 3623 2176 3707 aliquos
2224 3645 2302 3687 ex
2352 3622 2680 3706 discipulis
2725 3625 2973 3685 sancto-

666 3746 808 3786 rum
844 3719 1157 3785 Methodii
1201 3723 1265 3783 et
1299 3718 1544 3801 cyrilli,
1581 3720 1694 3803 qui
1735 3724 1894 3784 tunc
1928 3719 2172 3785 Romae
2205 3724 2416 3798 erant,
2449 3740 2720 3802 eamque
2753 3739 2971 3782 conse·

668 3820 1017 3884 orationem
1086 3817 1313 3880 merito
1371 3815 1490 3879 viri
1549 3815 1784 3879 eruditi
1848 3815 2087 3881 factam
2153 3816 2529 3880 existimant
2587 3815 2690 3879 die
2755 3815 2812 3877 5.
2861 3812 2973 3878 Ja-

848 4076 887 4146 1)
924 4079 1181 4132 AnastaS.
1220 4075 1363 4131 Bibl.
1402 4075 1460 4130 in
1507 4076 1631 4132 Vita
1667 4076 1955 4130 Hadriani
1993 4094 2037 4130 c.
2075 4077 2142 4130 X.

847 4155 889 4225 2)
927 4156 989 4210 L.
1027 4172 1070 4209 c.
1107 4172 1159 4223 p.
1197 4158 1317 4209 537.
