3270 5028
319 914 563 958 Concilium

308 977 570 1019 Romanum.

621 439 727 492 204
1162 436 1247 490 De
1282 436 1516 504 Imperio
1553 441 1610 491 et
1650 438 1717 492 de
1754 437 2005 491 Ecclesia
2041 453 2181 492 saec.
2217 453 2377 492 nono.

621 584 1154 644 memorarentur.
1251 579 1586 643 Probabile
1635 583 1766 657 est,
1817 579 2263 663 juramentum
2317 580 2412 643 uti
2470 582 2683 643 exstat
2730 578 2939 643 fuisse

620 677 874 741 schema
930 674 1247 760 quoddam
1304 675 1611 740 Lothario
1674 675 1754 738 ab
1816 674 2013 758 ipsius
2068 675 2448 741 consiliariis
2507 675 2934 759 propositum,

618 772 788 838 haud
835 776 1057 838 tamen
1096 773 1368 857 juridice
1418 766 1821 856 sancitum.¹)

797 922 902 984 42.
982 919 1343 984 Celebravit
1409 919 1740 1005 Eugenius
1813 921 2008 984 etiam
2084 940 2255 983 anno
2320 917 2447 984 826
2521 940 2738 984 mense
2800 917 2933 983 No-

620 1017 863 1083 vembri
941 1016 1187 1081 Romae
1259 1017 1626 1093 concilium,
1710 1017 1810 1080 cui
1880 1016 2230 1080 adfuerunt
2305 1015 2583 1099 episcopi
2660 1026 2934 1080 numero

618 1113 960 1200 sexaginta
1024 1117 1184 1189 tres,
1259 1114 1612 1197 presbyteri
1683 1112 2163 1197 septemdecim,
2243 1116 2309 1176 et
2386 1112 2584 1196 aliqui
2661 1113 2937 1194 diaconi,

620 1204 841 1278 omnes
886 1233 961 1274 ex
994 1211 1095 1273 dis
1150 1211 1536 1287 ditionibus,
1599 1232 1765 1294 quae
1812 1210 1911 1274 vel
1960 1208 2254 1273 Romano
2303 1208 2604 1274 Pontifici
2650 1210 2749 1272 vel
2799 1209 2935 1277 Lu·

619 1309 842 1373 dovico
892 1309 1190 1392 Augusto
1236 1308 1306 1370 in
1351 1305 1546 1370 Italia
1590 1307 1924 1390 parebant.
1999 1303 2248 1388 Operae
2291 1307 2572 1388 pretium
2620 1311 2718 1370 est
2756 1328 2934 1370 com-

620 1425 975 1469 memorare
1020 1425 1330 1469 canonem
1378 1404 1550 1486 34³2
1595 1394 1796 1487 quum
1844 1425 1921 1467 ex
1967 1424 2041 1465 eo
2089 1406 2330 1486 pateat,
2381 1402 2459 1466 de
2505 1403 2935 1493 instructione

620 1525 694 1566 ac
756 1501 831 1565 de
905 1501 1136 1564 scholis
1210 1501 1279 1564 in
1353 1499 1543 1573 Italia
1607 1498 1989 1565 Pontificem
2055 1498 2237 1563 valde
2299 1499 2643 1564 sollicitum
2709 1499 2931 1564 fuisse.

620 1599 724 1663 De
771 1595 1158 1679 quibusdam
1205 1594 1382 1674 locis,
1430 1598 1676 1680 inquit,
1738 1594 1824 1659 ad
1867 1615 1984 1659 nos
2030 1593 2345 1676 refertur,
2404 1615 2535 1659 non
2581 1593 2936 1676 maqistros

617 1715 821 1776 neque
889 1712 1115 1759 curam
1182 1691 1471 1757 inveniri
1528 1713 1656 1774 pro
1726 1690 1966 1756 studiis
2039 1690 2429 1755 litterarum.
2542 1689 2793 1755 Idcirco
2854 1691 2935 1755 in
2955 1734 2968 1741 „

619 1789 946 1857 universis
1009 1787 1352 1871 episcopiis
1415 1787 1841 1871 subjectisque
1895 1787 2194 1870 plebibus
2257 1792 2317 1851 et
2383 1786 2536 1852 aliis
2599 1786 2777 1869 lociS,
2854 1787 2933 1852 in

624 1886 858 1969 quibus
901 1886 1249 1951 necessitas
1306 1885 1691 1965 occurrerit,
1755 1884 2018 1950 omnino
2080 1904 2241 1949 cura
2304 1888 2365 1948 et
2418 1883 2762 1967 diliqentia
2814 1883 2933 1948 lta-

621 1984 880 2060 beatur,
925 1987 1002 2048 ut
1046 1981 1350 2066 magistri
1392 1986 1453 2046 et
1497 1981 1784 2047 doctores
1830 1981 2351 2060 constituantur,
2400 1980 2514 2063 qui
2559 1979 2778 2045 studia
2825 1980 2933 2044 lit-

623 2085 915 2145 terarum
978 2078 1471 2160 liberaliumque
1527 2078 1779 2144 artium
1833 2097 1909 2142 ac
1964 2082 2192 2143 sancta
2248 2077 2549 2143 habentes
2605 2078 2930 2161 doqmata,

619 2176 880 2242 assidue
931 2176 1226 2255 doceant,
1290 2174 1448 2257 quia
1501 2174 1575 2240 in
1635 2175 1740 2240 his
1791 2175 2075 2240 maxime
2132 2174 2359 2240 divina
2415 2173 2935 2256 manifestantur

622 2277 814 2355 atque
844 2272 1265 2338 declarantur
1298 2271 1626 2336 mandata.
1691 2273 1879 2338 Hunc
1908 2295 2220 2338 canonem
2255 2274 2431 2338 brevi
2463 2278 2615 2357 post
2646 2272 2779 2337 Leo
2809 2273 2929 2338 IV.

623 2372 686 2435 iu
743 2371 1010 2436 concilio
1065 2370 1288 2434 habito
1355 2391 1412 2433 a.
1483 2371 1610 2433 854
1678 2370 2081 2434 confirmavit
2142 2371 2298 2434 item
2362 2391 2607 2440 canone
2653 2366 2795 2447 34⁰,
2863 2373 2932 2434 et

622 2467 826 2532 addit:
889 2465 984 2530 Et
1039 2464 1098 2530 si
1148 2463 1516 2531 liberalium
1563 2465 1813 2531 artium
1860 2469 2307 2549 praeceptores
2350 2464 2425 2532 in
2467 2463 2791 2549 plebibus,
2852 2470 2931 2531 ut

621 2562 881 2643 assolet,
943 2583 1100 2628 raro
1159 2562 1616 2642 inveniantur,
1680 2567 1896 2628 tamen
1952 2562 2215 2628 divinae
2280 2562 2663 2646 Scripturae
2724 2562 2928 2646 maqi·

620 2659 747 2725 stri
791 2663 852 2724 et
895 2658 1304 2725 institutores
1360 2658 1770 2725 ecclesiastici
1826 2659 2029 2741 officii
2080 2660 2462 2746 nullatenus
2511 2659 2752 2738 desint,
2813 2658 2930 2741 qui

622 2761 683 2821 et
750 2755 1129 2822 annualiter
1185 2755 1459 2839 proprio
1528 2755 1815 2839 episcopo
1890 2756 1966 2820 de
2034 2757 2315 2840 ejusdem
2388 2755 2663 2821 actionis
2745 2775 2931 2839 opere

621 2852 889 2918 sollicite
931 2851 1240 2934 inquisiti
1295 2852 1564 2917 debeant
1620 2853 2020 2936 respondere.
2121 2852 2298 2919 Nam
2355 2852 2639 2935 qualiter
2695 2852 2782 2918 ad
2836 2852 2931 2917 di—

621 2948 845 3015 vinum
894 2948 1148 3014 utiliter
1194 2948 1438 3014 cultum
1492 2948 1735 3031 aliquis
1779 2950 2073 3015 accedere
2113 2949 2350 3033 possit,
2406 2948 2541 3015 nisi
2583 2950 2778 3032 justa
2820 2948 2931 3013 in-

620 3045 974 3113 structione
1027 3044 1446 3129 doceatur?²)
1510 3083 1597 3091 —
1661 3047 1989 3124 Quaenam
2044 3050 2163 3112 sub
2219 3049 2493 3134 Eugenii
2551 3048 2929 3131 pontificatu

622 3145 689 3208 in
751 3143 1016 3209 Oriente
1073 3151 1138 3208 et
1198 3145 1269 3208 in
1332 3142 1544 3208 Gallia
1605 3144 1815 3254 quoad
1876 3147 2117 3209 cultum
2177 3167 2500 3210 sacrarum
2561 3144 2928 3228 Imaginum

624 3240 990 3316 acciderint,
1029 3242 1166 3324 jam
1205 3241 1756 3384 enarravimulsff‘n
1804 3242 1931 3306 alia
1976 3241 2465 3307 Dissertatione.

803 3389 904 3453 43.
971 3388 1181 3464 Quum
1243 3388 1576 3473 Eugenius
1639 3389 1691 3453 I.
1757 3410 1975 3452 mense
2040 3386 2336 3472 Augusto
2408 3388 2565 3452 anni
2627 3389 2752 3452 827
2820 3389 2928 3453 ob-

622 3486 820 3562 iisset,
867 3485 1170 3551 suffectus
1217 3486 1275 3549 ei
1317 3485 1444 3549 fuit
1485 3481 1877 3570 Valentinus
1901 3484 2229 3548 Romanus
2260 3488 2325 3549 et
2355 3484 2687 3549 Romanae
2734 3486 2931 3550 eccle-

623 3583 756 3648 siae
823 3580 1340 3657 archidiaconus,
1421 3580 1716 3646 omnibus
1795 3585 2052 3665 propter
2125 3582 2413 3667 egregias
2477 3582 2674 3647 animi
2747 3582 2928 3648 dotes

623 3678 1126 3763 acceptissimus3
1205 3678 1316 3742 sed
1390 3678 1610 3742 eodem
1678 3700 1881 3757 ann0,
1956 3682 2102 3762 post
2179 3678 2608 3764 quadraginta
2675 3679 2929 3744 circiter

623 3777 705 3840 ab
749 3775 1253 3857 inauguratione
1316 3796 1430 3838 sua
1493 3773 1655 3852 dies,
1720 3773 2027 3839 Pontifex
2083 3776 2221 3859 jam
2290 3796 2366 3839 ex
2436 3775 2557 3840 hac
2612 3777 2750 3840 vita
2811 3776 2927 3840 mi·

803 4011 840 4077 ¹)
890 4011 999 4065 Cfr.
1036 4011 1454 4079 Hergenrother
1500 4012 1567 4065 K.
1614 4011 1677 4065 G.
1727 4013 1771 4065 I.
1817 4013 1946 4080 5823
1995 4012 2099 4065 III.
2149 4014 2270 4066 209.
2353 4010 2588 4080 Phillips
2640 4010 2710 4065 Κ.
2757 4011 2823 4065 R.
2860 4010 2925 4064 V.

623 4108 674 4159 p.
714 4092 834 4144 775.
905 4090 1196 4156 Reumont,
1233 4090 1269 4143 1.
1309 4107 1352 4144 c.
1391 4107 1441 4158 p.
1483 4093 1599 4145 193.

732 4245 753 4264 ‚
802 4168 847 4239 ²)
886 4169 1088 4234 Labbe‚
1128 4169 1280 4225 Tom.
1309 4171 1464 4224 VIII.
1503 4188 1590 4239 pp.
1633 4172 1750 4224 112.
1794 4172 1907 4224 117.
