3270 5028
654 439 760 490 360
1326 434 1504 488 xvn.
1543 434 1625 487 De
1667 433 1960 488 schismate
1996 434 2284 488 Photiano.
2370 401 2377 408 '

655 578 841 642 enixe
888 575 1374 658 Imperatorem,
1433 582 1505 638 ut
1559 577 1885 659 postulata
1940 574 2305 659 adimpleat.
2401 576 2765 639 Anathema
2817 597 3007 640 vero

655 674 944 738 minatur
989 674 1317 747 universis,
1366 673 1478 755 qui
1522 671 1689 735 forte
1720 674 1969 735 litteras
2015 694 2161 736 suas
2194 674 2538 748 occultent,
2587 694 2667 740 ne
2712 672 2781 735 in
2829 695 2994 735 ma-

615 779 782 835 ‘nus
830 768 1161 834 Michaelis
1209 768 1615 852 perveniant,
1676 770 1777 832 vel
1826 769 1936 852 qui
1996 770 2237 852 aliquid
2282 770 2351 832 in
2398 769 2550 852 ipsis
2594 769 2998 833 immutent.

323 1154 468 1196 Photii
505 1155 635 1207 perti·

414 1228 553 1259 nacla.

656 866 897 931 Eodem
946 871 1233 948 tempore
1277 864 1582 928 Pontifex
1625 865 1820 928 etiam
1876 865 1955 927 ad
2015 867 2335 948 episcopos
2385 864 2671 930 Orientis
2726 865 2993 928 direxit

658 965 1022 1046 epistolam,
1080 984 1207 1045 qua
1253 982 1360 1025 eos
1407 966 1654 1037 monet,
1706 984 1786 1025 ne
1845 962 2090 1025 artibus
2137 960 2353 1026 Photii
2399 962 2849 1025 circumveniri
2898 984 2997 1025 se

654 1057 951 1141 sinant.¹)

831 1158 934 1220 50.v
988 1154 1551 1237 Constantinopoli
1604 1155 1873 1220 Photius
1921 1177 1992 1219 ac
2041 1157 2353 1239 principes
2401 1155 2648 1221 Nicolai
2707 1157 2994 1220 litteras»

654 1276 727 1317 ac
773 1253 1019 1317 monita
1064 1256 1469 1335 spreverunt,
1518 1257 1584 1314 et
1626 1252 1695 1314 in
1743 1252 1983 1334 coeptis
2029 1252 2475 1333 perstiterunt.
2568 1253 2703 1318 Nec
2746 1275 2980 1316 rerum

651 1350 932 1415 conditio
964 1353 1217 1412 mutata
1257 1348 1403 1423 fuit,
1453 1348 1711 1431 quando
1742 1370 1963 1411 mense
1996 1349 2207 1431 Aprili
2246 1372 2299 1412 a.
2335 1350 2460 1412 866
2493 1349 2732 1414 Bardas
2770 1352 2981 1433 jussu·

651 1446 1011 1522 Michaelis,
1072 1451 1137 1508 et
1190 1448 1451 1510 auctore
1504 1444 1818 1528 imprimis
1865 1444 2125 1509 Basilio
2175 1446 2564 1511 cubiculario
2607 1446 2971 1529 Imperatov

651 1547 738 1609 ris
753 1561 778 1621 ,f
824 1544 1065 1608 occisus
1112 1546 1230 1605 est.
1338 1540 1604 1604 Photius
1663 1542 1833 1605 illico
1885 1541 2109 1606 Basilii
2159 1544 2441 1607 favorem
2499 1547 2782 1608 sectatus
2840 1546 2982 1618 est,

654 1647 718 1706 et
762 1643 1096 1705 immemor
1149 1638 1604 1702 beneficiorum
1648 1660 1813 1721 quae
1850 1661 1888 1702 a
1933 1638 2145 1703 Barda
2191 1644 2549 1723 acceperat,
2609 1640 2719 1703 vili
2774 1639 2970 1703 obse·

652 1738 802 1823 quio
850 1738 930 1802 ad
976 1736 1355 1801 Michae‘lem
1401 1736 1559 1798 duas
1607 1735 1909 1817 epistolas
1958 1737 2243 1819 scripsit,
2290 1737 2520 1819 quibus
2564 1738 2633 1799 in
2681 1736 2973 1799 Bardam

652 1834 999 1901 invehebat
1032 1841 1098 1897 et
1127 1831 1513 1915 Imperatori
1543 1830 2011 1915 gratulabatur,
2043 1833 2213 1916 quod
2246 1837 2381 1916 ejus
2413 1833 2676 1897 insidias
2705 1832 2980 1915 effugis-—

651 1937 766 1996 set.
861 1930 1172 2014 Majorem
1219 1929 1413 1992 etiam
1465 1927 2070 2010 pseudopatriarcha
2114 1929 2430 1992 influxum
2477 1933 2636 1993 tunc
2681 1928 2964 2012 acquisi-

651 2030 765 2093 vit.
835 2063 912 2073 --
971 2027 1227 2091 Clerum
1270 2047 1417 2089 vero
1460 2023 1821 2102 CPtanum,
1881 2026 1952 2088 in
2007 2048 2133 2109 quo
2179 2028 2319 2109 jam
2379 2028 2616 2090 multos
2676 2026 2967 2091 habebat

650 2125 999 2209 discipulos
1061 2127 1127 2187 et
1183 2124 1444 2199 amicOS,
1503 2120 1794 2185 intimius
1849 2122 1971 2186 sibi
2028 2123 2350 2187 devincire
2407 2124 2586 2187 nisus
2640 2128 2740 2190 est
2786 2144 2972 2186 occa-

650 2224 831 2288 sione
892 2221 1324 2286 conversionis
1385 2218 1554 2302 regis
1615 2225 1682 2281 et
1742 2219 1959 2302 populi
2010 2218 2464 2303 Bulgarorum3
2525 2221 2978 2285 controversia

653 2320 824 2384 enim
889 2340 963 2381 ea
1020 2318 1085 2379 in
1149 2338 1342 2381 causa
1401 2338 1545 2378 cum
1592 2314 1846 2379 Latinis
1903 2322 2157 2393 exorta,
2218 2315 2490 2381 Photius
2547 2318 2846 2381 ecclesiae
2893 2324 2966 2380 et

633 2416 800 2481 -cleri
834 2414 1081 2478 CPtani
1130 2413 1435 2476 honorem
1468 2418 1534 2488 et
1570 2413 1724 2494 jura
1763 2412 1936 2476 visus
1986 2419 2107 2476 est,
2133 2413 2472 2477 vindicare.
2548 2414 2754 2489 Quum
2799 2413 2971 2477 haec

335 2716 621 2767 Bulgarorum

353 2787 591 2818 conversio.

652 2512 729 2577 de
791 2510 1091 2596 Bulgaris
1150 2508 1438 2593 quaestio
1502 2530 1641 2571 cum
1713 2508 2048 2574 eventibus
2116 2533 2280 2594 quae
2343 2516 2704 2594 sequuntur
2771 2510 2971 2574 valde

653 2631 945 2675 connexa
989 2609 1094 2687 sit,
1142 2605 1422 2670 breviter
1468 2626 1542 2668 ea
1587 2605 1664 2669 de
1709 2627 1779 2669 re
1826 2621 2110 2690 agamus,

829 2714 931 2777 51.
975 2712 1271 2796 Bulgari,
1318 2711 1858 2789 natiovAsiatica,
1906 2714 2158 2776 saeculo
2203 2714 2472 2796 septimo
2522 2713 2602 2792 (a.
2653 2710 2805 2794 679)
2854 2732 2966 2776 oc··-

652 2816 967 2896 cuparant
1020 2811 1346 2893 regionem
1399 2809 1572 2872 inter
1626 2807 2034 2892 Danastrim,
2099 2809 2466 2873 Danubium
2525 2817 2592 2873 et
2637 2810 2967 2872 Haemum

654 2905 990 2992 (Balkan)‚
1058 2906 1449 2989 imperioque
1514 2905 1818 2969 orientali
1876 2907 2114 2989 passim
2177 2929 2308 2971 non
2379 2907 2610 2990 exigua
2675 2905 2975 2989 pericula

652 3005 989 3090 parabant.
1062 3003 1257 3066 Anno
1306 3003 1431 3065 813
1480 3002 1744 3065 devictis
1779 3001 2035 3068 Graecis
2080 3024 2279 3086 usque
2327 3002 2969 3086 Constantinopolim

651 3104 1110 3185 pervenerunt,
1162 3103 1227 3162 et
1273 3098 1772 3180 Hadrianopolis
1817 3098 2358 3182 archiepiscopum
2408 3098 2768 3162 Manuelem
2815 3120 2965 3161 ma-

646 3219 977 3282 gnumque
1024 3197 1257 3260 civium
1287 3217 1623 3258 numerum
1672 3195 1740 3257 in
1787 3194 2159 3278 Bulgariam
2208 3195 2636 3279 abduxerunt,
2684 3217 2969 3278 quorum,

650 3294 951 3376 exemplis
1014 3299 1081 3356 et
1140 3291 1541 3356 sermonibus
1602 3291 1879 3373 permoti
1942 3293 2133 3355 multi
2197 3292 2655 3376 Bulgarorum,
2731 3291 2967 3355 relicta

648 3388 1039 3466 idololatria,
1097 3388 1472 3471 religionem
1528 3386 1943 3451 christianam
2011 3394 2444 3472 susceperunt.
2553 3386 2789 3453 Verum
2845 3390 2960 3471 ju-

649 3487 845 3549 bente
903 3506 1055 3567 rege
1102 3484 1501 3567 Cutragone,
1562 3485 1673 3567 qui
1725 3485 2082 3562 metuebat,
2134 3509 2218 3549 ne
2268 3494 2406 3551 tota
2464 3508 2622 3570 gens
2678 3485 2756 3549 ad
2810 3486 2964 3549 reli-

650 3584 909 3665 gionem
951 3581 1368 3645 christianam
1401 3582 1727 3658 transiret,
1783 3580 2048 3646 Manuel
2088 3570 2227 3646 cum
2276 3583 2565 3666 pluribus
2595 3583 2736 3647 aliis
2780 3583 2975 3645 inter

650 3678 966 3743 cruciatus
1026 3687 1327 3742 enecatus
1382 3680 1498 3742 est.
1596 3677 1823 3742 Postea
1879 3679 2054 3742 inter
2099 3679 2413 3764 Bulgaros
2469 3679 2814 3744 monachus
2861 3700 2965 3741 ca·

650 3776 864 3860 ptivus
908 3775 1213 3858 Kuphara
1257 3774 1670 3856 praedicavit,
1717 3796 1933 3859 regem
1979 3775 2278 3860 Bogorim
2325 3784 2540 3840 tamen
2586 3797 2966 3858 permovere

650 3931 984 3997 praeclaram
1022 3930 1415 3996 expositionem
1457 3932 1736 3985 doctrinae
1775 3937 1832 3985 et
1866 3931 2258 3999 principiorum
2285 3932 2446 4000 JuriS‚
2483 3931 2657 3984 multa
2685 3933 2967 3997 decerpta,

652 4015 710 4063 et
749 4008 974 4074 Corpori
1008 4008 1045 4061 J
1050 4009 1159 4062 uris
1200 4011 1445 4063 canonici
1480 4011 1691 4064 inserta
1723 4011 1912 4065 fuisse.

833 4087 874 4155 ¹)
914 4087 1020 4140 Ofr.
1057 4088 1487 4157 Hergenrother,
1535 4090 1784 4156 Photius‚
1823 4091 1884 4142 B.
1922 4090 1965 4143 I.
2004 4107 2054 4157 p.
2095 4092 2212 4142 579.
2286 4091 2565 4156 Excerpta
2602 4104 2668 4143 ex
2705 4089 2806 4141 hac
2845 4089 2966 4155 epi-—

652 4165 796 4219 stola
832 4170 1051 4219 exstant
1087 4184 1170 4235 ap.
1209 4167 1405 4229 Mansi,
1444 4168 1507 4220 T.
1545 4169 1694 4221 XVI.
1735 4186 1783 4234 p.
1821 4172 2116 4220 301—304.
