3270 5028
420 1528 635 1570 Primatus

377 1601 543 1641 semper
564 1589 682 1640 agni-

490 1654 574 1693 tus.

706 472 811 522 324
1303 515 1306 516 γ
1378 468 1554 522 XVII.
1592 469 1675 521 De
1719 466 2013 521 schismate
2051 468 2337 522 PhotianO.

706 611 929 688 sitate,
989 610 1276 674 intimius
1332 606 1474 672 Sedi
1524 607 1928 694 Apostolipae
1983 631 2122 673 sese
2170 608 2565 694 jungebant,
2631 620 2697 672 et
2752 611 3055 678 tantum,

707 708 777 770 in
834 707 1083 770 casibus
1147 704 1520 789 specialibus
1594 709 1659 769 et
1731 704 2254 770 extraordinariis
2308 704 2601 769 'Romani
2671 704 3035 769 Pontifices

706 804 1021 868 influtxum
1075 803 1424 866 salutarem
1472 802 1541 864 in
1590 801 1918 865 ecclesiam
1967 800 2294 865 CPtanam
2340 822 2634 867 exercere
2690 806 3030 885 poterant.

711 899 875 962 Dum
937 898 1158 982 quieta
1229 902 1417 961 erant
1476 902 1797 980 tempora,
1866 898 2037 961 illico
2098 899 2585 981 antagonismus
2644 901 2717 961 fet
2771 897 3032 961 invidia

706 995 1017 1078 quaedam
1084 993 1293 1078 quoad
1364 993 1629 1057 Romam
1691 998 1973 1058 veterem
2039 992 2602 1077 Constantinopoli
2675 1015 2741 1058 se
2811 995 3032 1058 mani·

705 1092 1063 1167 festabant3
1122 1091 1399 1174 dumque
1462 1089 1826 1154 Orientales
1877 1088 2240 1155 Occidentis
2302 1090 2585 1175 vigorem
2649 1112 2723 1154 ac
2780 1093 3028 1173 poten-

705 1188 861 1251 tiam
902 1189 1037 1271 jam
1102 1208 1340 1271 negare
1386 1209 1522 1251 non
1582 1190 1874 1269 possent,
1935 1187 2264 1263 simultate
2309 1185 2586 1269 superba
2614 1186 2883 1269 'ingenii
2949 1192 3029 1250 et

704 1282 938 1347 indolis
997 1284 1571 1366 praeeminentiam
1642 1304 1869 1367 urgere
1939 1283 2260 1360 solebant,
2329 1282 2762 1367 barbarosque
2833 1282 3027 1347 Occi-

705 1379 995 1443 dentales
1040 1379 1372 1443 habebant
1418 1379 1763 1461 despectui.

883 1533 936 1593 5.
997 1528 1352 1591 Primatum
1420 1530 1642 1590 tamen
1710 1525 1890 1591 Sedis
1953 1526 2362 1610 Apostolicae
2431 1525 2708 1606 Omani,
2749 1600 2753 1604 ¹
2788 1549 3027 1611 quam-

703 1625 799 1689 vis
863 1625 1100 1708 passim
1162 1624 1353 1688 variis
1426 1623 1840 1688 Pontificibus
1905 1645 2043 1687 sese
2102 1624 2543 1707 opposuissent
2605 1627 2671 1689 et
2730 1625 3029 1688 obstina-

704 1724 881 1786 tione
945 1700 1219 1822 quadam
1290 1724 1587 1804 proterva
1655 1720 2122 1784 communionis
2189 1721 2725 1804 interruptionem
2792 1743 3027 1804 provo·

706 1824 983 1895 cassent,
1033 1839 1233 1901 usque
1280 1816 1359 1880 ad
1407 1821 1699 1899 tempora
1730 1815 1950 1881 Photii
1995 1838 2130 1880 non
2176 1820 2590 1900 negaverant.
2666 1814 3023 1881 Notionem

706 1915 963 1998 quidem
1013 1916 1089 1979 de
1136 1913 1407 1997 singulis
1454 1913 1712 1997 juribus
1769 1914 2076 1996 primatui
2132 1911 2624 1978 inhaerentibus
2681 1913 3023 1977 confusam

706 2011 939 2075 dixeris
984 2012 1204 2087 fuisse,
1260 2011 1370 2073 sed
1428 2010 1762 2074 occasione
1819 2009 1970 2074 data
2026 2010 2365 2091 primatum
2426 2030 2565 2073 cum
2626 2010 3021 2073 auctoritate

707 2109 762 2172 ei
805 2109 1021 2171 ‘insita
1082 2107 1541 2191 agnoscebant.
1653 2106 1981 2170 Romanus
2045 2104 2351 2170 Pontifex
2413 2106 2608 2187 etiam
2673 2103 3021 2170 Orientali-

707 2205 824 2268 bus
883 2226 1013 2268 non
1077 2207 1337 2268 tantum
1401 2208 1539 2267 erat
1591 2201 1897 2286 primus·
1926 2208 1993 2266 et
2051 2208 2243 2285 caput
2309 2199 2710 2284 (κορυφαῖος)
2780 2204 3019 2286 episco-

706 2309 961 2384 porum,
1019 2300 1129 2363 sed
1176 2300 1369 2363 etiam
1424 2299 1829 2377 fatebantur,
1876 2321 2032 2368 ,eum
2089 2319 2222 2361 esse
2280 2296 2676 2379 superiorem
2723 2302 2788 2362 et
2829 2297 3018 2380 judi-

706 2416 836 2461 cem
885 2395 1394 2480 patriarcharum
1453 2395 1743 2460 aliorum.
1836 2394 2006 2461 Sane
2062 2394 2617 2459 consentientibus
2666 2392 3021 2458 Orientali-

708 2494 827 2559 bus
865 2496 1005 2578 jam
1050 2492 1263 2557 Julius
1310 2492 1773 2571 declaraverat,
1829 2491 2259 2557 Athanasium
2316 2512 2450 2555 non
2507 2512 2689 2574 posse
2739 2491 3020 2576 judicari

707 2597 772 2656 et
819 2591 1109 2655 damnari
1165 2591 1318 2653 sine,
1360 2591 1735 2668 interventu
1781 2588 1960 2654 Sedis
2019 2588 2381 2662 Romanae3
2440 2586 2846 2653 Coelestinus
2905 2587 3022 2650 da—

708 2691 1040 2753 mnaverat
1096 2685 1495 2762 Nestorium,
1561 2684 1692 2749 Leo
1745 2684 2148 2759 Dioscorum,
2217 2683 2550 2769 Agapetus
2602 2682 3022 2758 Anthimum;

707 2785 1202 2867 Chrysostomus
1267 2805 1413 2847 vero
1476 2786 1542 2846 et
1588 2781 1936 2845 Flavianus
1976 2780 2285 2865 judicium
2349 2785 2625 2844 sanctae
2665 2778 2846 2843 Sedis
2908 2803 3022 2844 ex·

705 2883 1046 2964 petierant.
1127 2881 1223 2944 Ex
1268 2880 1467 2965 gestis
1500 2877 1807 2948 Nectarii
1860 2877 2166 2952 Anatolii,
2216 2875 2544 2951 Germani,
2590 2880 2656 2960 et
2702 2898 2779 2939 ex
2826 2878 3024 2941 variis

710 2976 1135 3042 Orientalium
1184 2974 1686 3040 orthodoxorum
1733 2976 1941 3038 effatis
1988 2974 2348 3037 luculenter
2393 2976 2679 3056 apparet,
2735 2971 3025 3055 aym‘tio-

708 3094 850 3138 nem
899 3077 959 3137 et
1004 3072 1555 3151 confirmationem
1604 3071 1882 3135 Romani
1930 3069 2257 3134 Pontificis
2304 3068 2594 3133 habitam
2641 3091 2779 3133 esse
2826 3071 3023 3152 plane

706 3168 1169 3249 necessariam,
1226 3173 1302 3234 ut
1340 3169 1569 3252 aliquis
1625 3166 1991 3251 patriarcha
2034 3166 2364 3249 legitimus
2409 3161 2800 3245 censeretur.
2896 3165 3025 3230 Ro-

708 3289 968 3332 manum
1019 3266 1397 3343 Pontificem
1450 3262 1865 3346 appellabant
1922 3285 2055 3327 non
2111 3267 2363 3327 tantum
2414 3263 2844 3344 patriarchae,
2908 3264 3024 3327 sed

708 3364 902 3427 etiam
960 3363 1233 3446 episcopi
1289 3367 1363 3425 ut
1418 3360 1887 3438 TheodoretUS,
1950 3359 2079 3423 imo
2138 3361 2203 3421 et
2265 3359 2654 3440 presbyteri,
2713 3358 3024 3442 vquemad·

707 3459 964 3522 modum
1027 3458 1300 3522 vidimus
1360 3457 1658 3521 accidisse
1718 3457 1834 3521 sub
1899 3455 2207 3540 Gregorio
2269 3452 2537 3538 MagnO.
2631 3452 2782 3519 Sine
2838 3453 3025 3519 Sedis

706 3555 1115 3639 Apostolicae
1174 3554 1663 3618 confirmatione
1709 3542 1890 3617 nulla
1942 3551 2226 3635 synodus
2284 3548 2644 3613 habebatur
2692 3557 2774 3627 ut
2833 3572 3023 3636 oecu-

706 3653 989 3729 menica,
1054 3672 1174 3714 nec
1233 3650 1380 3714 fidei
1437 3650 1693 3714 decreta
1754 3651 2074 3713 valebant.
2183 3647 2319 3712 Nec
2380 3646 2592 3710 minus
2653 3669 3018 3730 supremam

706 3748 982 3812 Romani
1042 3746 1375 3811 Pontificis
1442 3747 1893 3811 auctoritatem
1959 3746 2150 3809 etiam
2176 3800 2179 3805 .
2210 3745 2290 3808 ab
2346 3743 2850 3825 Imperatoribus
2915 3745 3015 3807 in—

707 3846 998 3908 venimus
1045 3843 1385 3908 admissam
1431 3847 1496 3906 et
1539 3843 1991 3907 honoratam..

815 4048 818 4051 ,
885 3987 944 4048 6.
1007 3984 1496 4069 Agnoscebatur
1555 3983 1773 4067 itaque
1834 3944 2085 4049 saeculo
2145 3942 2318 4046 nono
2381 3981 2448 4044 in
2510 3938 2779 4045 Oriente
2836 3942 3017 4045 Sedis

711 4082 1121 4164 Apostolicae
1192 4081 1536 4164 primatus,
1611 4083 1805 4162 atque
1873 4077 2036 4142 nihil
2105 4078 2305 4162 magis
2373 4063 2727 4160 proficuum
2790 4076 3017 4140 fuisset

709 4177 1014 4242 ecclesiae
1046 4176 1365 4257 C-Ptanae,
1413 4175 1946 4263 quam'intimior
1990 4197 2133 4239 cum
2180 4179 2402 4239 centro
2443 4173 2715 4238 unitatis
2763 4177 2827 4236 et
2874 4175 3015 4236 toto
