3270 5028
1156 473 1393 527 Donatio
1433 472 1613 526 Caroli
1651 471 1859 541 Magni.
2560 476 2654 527 141

352 614 559 678 rolum
631 618 696 679 et
761 611 1201 689 Desiderium,
1268 614 1603 697 repudiata
1675 613 2080 696 Desiderata,
2154 615 2462 679 dissoluta
2521 617 2659 700 jam

354 716 514 775 erat.
626 710 809 774 Misit
876 716 1090 774 tamen
1163 711 1449 776 Carolus
1496 712 1703 794 primo
1772 712 2021 795 legatos
2088 710 2168 776 ad
2238 709 2659 790 Desiderium,

351 807 464 871 sed
508 829 651 871 cum
700 808 817 872 hac
865 808 968 870 via
1013 807 1177 871 nihil
1222 808 1303 871 ab
1350 829 1424 873 eo
1459 808 1886 890 impetrasset,
1934 811 2280 872 auctumno
2328 809 2483 872 anni
2535 809 2659 871 773

340 905 551 987 Alpes
596 925 740 967 cum
782 905 1069 967 exercitu
1113 905 1480 988 superavit3
1539 907 1604 967 et
1641 903 2219 987 Longobardorum
2281 905 2475 987 copiis
2522 906 2658 969 ubi·-

351 1023 476 1084 que
519 1000 896 1084 profligatis,
943 1000 1260 1080 Ticinum,
1307 1022 1436 1083 quo
1467 1000 1838 1065 Desiderius
1879 999 2281 1084 confugerat,
2331 1000 2659 1066 obsidione

351 1098 575 1162 cinxit.
679 1097 859 1160 Tunc
918 1095 1275 1179 Spoletani‚
1336 1096 1628 1174 Reatini,
1695 1096 2011 1172 Firmani,
2084 1098 2464 1177 Auximani,
2526 1098 2657 1162 An-

346 1194 638 1259 conitani
684 1198 751 1257 et
782 1192 1277 1278 Fulginatenses
1323 1217 1360 1258 a
1394 1192 1709 1258 Desiderii
1754 1197 1929 1257 metu
1977 1193 2159 1257 liberi
2192 1192 2463 1257 Romam
2510 1216 2658 1258 con·

347 1290 682 1374 fugerunt,
729 1290 1132 1354 Hadrianum
1181 1312 1408 1373 papam
1455 1289 1892 1372 deprecantes,
1941 1293 2013 1352 ut
2062 1311 2168 1353 eos
2208 1290 2278 1354 in
2324 1291 2655 1355 servitium

349 1385 420 1452 Β.
463 1386 644 1451 Petri
693 1392 758 1451 et
802 1396 1062 1450 sanctae
1102 1386 1426 1450 Romanae
1458 1388 1761 1451 ecclesiae
1802 1387 2176 1469 susciperet,
2222 1387 2658 1471 praestitoque

339 1486 714 1568 juramento
770 1483 1231 1566 promiserunt,
1294 1505 1363 1546 se
1420 1483 1487 1546 in
1544 1482 1669 1546 fide
1715 1482 2031 1546 Hadriani
2094 1484 2355 1566 ejusque
2415 1504 2658 1547 succes-

346 1602 562 1644 sorum
626 1579 902 1644 fideliter
968 1601 1449 1663 permansuros3
1534 1601 1694 1662 quos
1762 1600 1982 1642 omnes
2052 1578 2352 1643 Pontifex
2423 1601 2656 1664 magna

346 1698 485 1740 cum
533 1678 787 1741 laetitia
835 1674 1189 1760 suscepit.¹)

523 1816 627 1880 67.
696 1815 969 1880 Interim
1045 1814 1308 1879 Carolus
1393 1813 1481 1880 M.
1560 1813 1832 1877 Romam
1917 1834 2284 1897 progressus
2365 1818 2491 1888 est,
2577 1819 2653 1878 ut

345 1913 579 1977 ibidem
634 1913 873 1997 festum
924 1912 1250 1976 Paschatis
1307 1912 1461 1974 anni
1525 1910 1652 1973 774
1706 1909 2077 1974 celebraret.
2167 1910 2271 1972 Ab
2320 1909 2651 1975 Hadriano

345 2008 522 2092 Papa
591 2015 890 2092 exceptus
961 2032 1092 2072 non
1160 2008 1362 2073 solum
1437 2007 1848 2070 donationem
1919 2028 1957 2069 a
2025 2006 2257 2089 Pipino
2324 2005 2651 2071 Romanae

344 2105 643 2197 ecclesiae
709 2105 946 2169 factam
1014 2104 1443 2179 confirmavit,
1513 2102 1624 2166 sed
1696 2125 1863 2167 novo
1924 2103 2273 2211 diplomate
2347 2124 2385 2166 a
2450 2126 2516 2167 se
2588 2110 2652 2168 et

344 2203 426 2265 ab
483 2192 820 2284 episcopiS,
883 2201 1149 2265 ducibus
1210 2204 1275 2264 et
1320 2199 1693 2273 comitibus,
1756 2201 1865 2282 qui
1924 2204 2110 2262 erant
2167 2199 2232 2261 in
2293 2220 2407 2264 suo
2466 2203 2651 2264 comi-

343 2303 518 2376 tatu,
593 2299 976 2380 subscriptO,
1056 2296 1405 2387 Romanae
1462 2297 1765 2360 ecclesiae
1843 2295 2107 2360 donavit
2179 2300 2390 2391 totum
2467 2319 2647 2361 exar-

342 2394 597 2460 chatum
642 2394 1234 2470 Ravennatensem,
1296 2380 1597 2456 insulam
1608 2388 1970 2483 Corsicam,
2031 2386 2390 2475 provincias
2431 2384 2646 2457 Vene-

340 2483 575 2556 tiar'um
644 2484 725 2555 et
793 2480 1059 2567 Istriae,
1135 2482 1400 2556 ducatus
1477 2476 1896 2573 Spoletanum
1974 2494 2039 2554 et
2115 2489 2647 2555 Beneventanum

340 2611 485 2652 cum
550 2587 786 2651 Parma
853 2592 917 2651 et
975 2586 1266 2652 Mantua.
1382 2587 1522 2662 Qua
1590 2586 1667 2650 de
1734 2609 1803 2650 re
1866 2586 2022 2650 Vita
2095 2587 2436 2652 Hadriani:
2512 2589 2652 2663 „At

341 2707 489 2749 vero
553 2691 782 2769 quarta
844 2685 1004 2749 feria
1066 2681 1457 2767 (Paschatis)
1523 2703 1822 2765 egressus
1888 2685 2414 2767 praenominatus
2474 2685 2648 2749 Pon—

341 2782 500 2846 tifex
574 2804 716 2845 cum
794 2783 924 2845 suis
996 2781 1333 2845 Judicibus
1408 2785 1542 2843 tam
1617 2780 1800 2844 cleri.
1847 2802 2170 2864 quamque
2234 2781 2504 2845 militiae
2578 2783 2642 2844 in

339 2879 602 2942 ecclesia
678 2878 850 2942 beati
919 2876 1099 2941 Petri
1168 2877 1493 2960 Apostoli,
1571 2877 1938 2960 pariterque
2012 2899 2152 2940 cum
2221 2877 2440 2940 eodem
2500 2900 2649 2962 rege

339 2997 406 3038 se
478 2976 554 3038 ad
633 2974 1021 3058 loquendum
1093 2977 1529 3059 conjungenS‚
1605 2977 1977 3038 constanter
2051 2995 2192 3036 eum
2271 2973 2649 3055 deprecatus

341 3076 464 3150 est,
537 3076 734 3155 atque
802 3070 1138 3135 admonuit
1214 3081 1277 3134 et
1342 3075 1611 3153 paterno
1681 3070 1914 3134 affectu
1984 3069 2313 3133 adhortari
2381 3070 2646 3147 studuit,

338 3173 410 3232 ut
473 3168 959 3251 promissionem
1023 3167 1197 3230 illam
1265 3189 1455 3249 quam
1525 3169 1664 3251 ejus
1733 3173 1993 3230 sanctae
2057 3167 2399 3229 memoriae
2464 3168 2641 3250 geni·

336 3269 440 3328 tor
485 3264 754 3348 Pipinus
809 3285 921 3326 rex
979 3267 1044 3325 et
1102 3263 1750 3345 praecellentissimus
1807 3262 2071 3327 Carolus
2128 3284 2271 3326 cum
2326 3285 2441 3326 suo
2497 3284 2640 3348 ger-

328 3365 528 3425 mano
590 3360 1087 3435 Caroloma-uno,
1152 3363 1347 3442 atque
1412 3360 1709 3423 omnibus
1763 3358 2091 3423 Judicibus
2145 3356 2410 3422 Francis
2472 3360 2638 3424 fece-

323 3462 493 3544 runt
554 3459 742 3521 beato
805 3456 996 3520 Petro
1062 3461 1129 3518 et
1188 3457 1328 3539 ejus
1372 3455 1626 3520 Vicario
1691 3459 1954 3519 sanctae
2015 3456 2361 3519 memoriae
2412 3456 2645 3522 domno

336 3554 663 3638 Stephano
716 3553 964 3637 juniori
1013 3552 1256 3635 Papae,
1320 3552 1577 3636 quando
1634 3552 1704 3615 in
1759 3550 2100 3615 Franciam
2157 3554 2468 3635 perrexit,
2531 3576 2649 3637 pro

334 3650 754 3716 concedendis
820 3648 1082 3714 diversis
1150 3649 1518 3713 civitatibus
1594 3670 1668 3712 ac
1742 3648 2084 3712 territoriis
2159 3649 2342 3713 istius
2415 3650 2648 3714 Italiae

335 3747 700 3831 provinciae
748 3751 814 3809 et
849 3746 1302 3809 contradendis
1355 3746 1541 3810 beato
1574 3746 1772 3809 Petro
1818 3748 2082 3829 ejusque
2129 3746 2426 3809 omnibus
2459 3746 2642 3810 Vica-

2714 1830 2942 1879 Cam-lin

2733 1892 2927 1940 donatio.

324 3845 447 3914 ,riis
487 3844 557 3907 in
605 3849 980 3927 perpetuum
1029 3843 1447 3926 possidendiS,
1495 3843 1878 3925 adimpleret
1911 3842 1978 3905 in
2009 3842 2330 3907 omnibus.
2409 3844 2641 3920 Quum·
2727 3833 2736 3840 ’

334 3963 460 4024 que
506 3942 705 4024 ipsam
765 3941 1248 4023 promissionem
1307 3962 1472 4023 quae
1529 3940 1597 4002 in
1648 3937 1921 4004 Francia
1977 3939 2047 4002 in
2103 3939 2239 4003 loco
2302 3941 2410 4024 qui
2461 3962 2643 4005 voca—

511 4200 553 4266 1)
593 4199 704 4252 Cfr.
743 4199 996 4253 Anastas.
1038 4200 1175 4253 Bibl.
1207 4198 1341 4252 Vita
1378 4198 1645 4252 Hadriani
1684 4214 1759 4251 cc.
1800 4200 1883 4252 32.
1924 4201 2009 4252 33.
