3270 5028
730 437 836 488 166
1263 436 1411 490 XIV.
1448 437 1531 492 De
1569 435 1721 491 civili
1757 436 1824 489 R.
1861 434 2146 490 Pontificis
2182 435 2505 505 principatu.

727 578 1055 642 societatis
1102 582 1299 662 atque
1352 578 1675 643 Ecclesiae
1720 578 2071 642 manifesta
2118 578 2434 661 apparuit.
2515 576 2751 645 Merito
2797 580 2875 644 de
2921 581 3051 647 hac

726 673 1142 738 institutione
1212 673 1515 740 Alfrcdus
1588 674 1941 738 Reumont:
2011 672 2394 752 „Institutio
2459 673 2725 739 dominii
2793 679 3048 761 tempo·

725 771 880 835 ralis
932 771 1209 835 Romani
1258 771 1590 836 Pontificis
1648 771 1822 835 haud
1886 769 2301 835 adscribenda
2366 774 2463 835 est
2522 772 2789 837 consilio
2845 773 3046 838 alicui

727 870 866 932 arte
913 868 1172 950 politica
1218 890 1255 932 a
1303 866 1612 951 Gregorio
1658 867 1742 933 11.
1793 871 2130 950 concept0‚
2188 867 2354 950 quod
2402 867 2548 931 dein
2601 869 2738 951 ipse
2785 873 2852 933 et
2896 891 3045 934 suc-

726 986 1006 1031 cessores
1046 966 1183 1048 ejus
1228 964 1581 1048 prudenter
1624 964 2082 1049 promoverint,
2131 963 2335 1028 donec
2366 963 2445 1026 ad
2473 969 2850 1047 exoptatum
2896 987 3045 1050 per·

725 1062 1025 1126 venirent
1080 1063 1295 1126 finem.
1386 1063 1480 1125 At
1534 1063 1926 1126 necessitate
1984 1059 2289 1144 quadam,
2353 1082 2518 1144 quae
2582 1083 2658 1124 ex
2717 1062 3047 1146 adjunctis

696 1157 1000 1241 politicis
1048 1162 1114 1222 et
1141 1159 1453 1242 religiosis
1500 1159 1677 1223 illius
1723 1160 1953 1224 aetatis
1990 1180 2113 1241 per
2158 1158 2395 1242 gradus
2427 1158 2656 1234 varios,
2701 1159 2813 1224 sed
2859 1161 3044 1226 brevi

725 1254 933 1338 spatio
981 1276 1116 1318 sese
1148 1244 1405 1331 evolvit,
1453 1256 1832 1319 constitutio
1871 1255 2064 1338 hujus
2109 1255 2504 1337 principatus
2550 1256 2868 1337 provenit,
2916 1277 3043 1321 nec

724 1351 939 1415 minus
985 1351 1152 1415 idem
1212 1353 1613 1436 principatus
1669 1374 1787 1436 pro
1842 1356 1982 1417 tota
2035 1353 2339 1415 societate
2401 1352 2753 1416 christiana
2813 1374 3038 1418 neces-

724 1449 929 1513 sarius
989 1448 1132 1514 fuit.
1226 1449 1351 1526 Ac,
1414 1449 1650 1513 dixeris
1718 1471 1802 1513 ne
1862 1450 2158 1512 deessent
2216 1449 2393 1513 tituli
2439 1448 2636 1533 juris,
2700 1470 2867 1513 nova
2920 1451 3040 1518 illa

724 1544 991 1610 dominii
1020 1546 1390 1629 temporalis
1420 1545 1857 1611 Romanorum
1888 1545 2277 1609 Pontificum
2323 1567 2396 1609 eo
2437 1545 2655 1609 evenit
2691 1553 3044 1631 moment0‚

724 1664 854 1725 quo
901 1643 1151 1726 imperii
1201 1644 1358 1726 jura
1406 1643 1477 1705 in
1537 1642 1781 1706 mediae
1826 1641 2057 1706 Italiae
2112 1642 2470 1725 provincias
2523 1642 2602 1705 de
2653 1642 2827 1706 facto
2885 1665 3038 1708 con-

724 1738 1033 1803 ciderant.
1112 1737 1341 1821 Neque
1387 1739 1781 1803 interierunt
1814 1739 1971 1803 haec
2009 1740 2161 1822 jura
2208 1742 2346 1802 arte
2391 1739 2607 1822 aliqua
2636 1741 2739 1803 vel
2783 1740 3039 1805 influxu

724 1836 952 1898 nocivo
1014 1833 1427 1917 Pontificum;
1484 1837 1612 1900 imo
1670 1837 1791 1900 soli
1839 1835 2180 1899 Pontifices
2236 1856 2312 1898 ea
2366 1836 2521 1919 jura
2583 1836 2776 1899 etiam
2841 1858 3039 1921 agno-

726 1936 974 2009 verant,
1021 1954 1222 2015 quum
1256 1933 1395 2016 jam
1441 1932 1601 1996 nihil
1637 1933 1957 2016 reliquum
1990 1936 2155 1995 esset
2185 1931 2309 1994 nisi
2355 1932 2634 1995 nominis
2679 1932 3038 2018 umbra.“¹)

908 2120 949 2187 ¹)
988 2122 1182 2177 Gesch.
1223 2123 1320 2177 der
1353 2123 1514 2178 stadt
1549 2122 1705 2176 Rom.
1743 2122 1815 2176 II.
1854 2121 1904 2177 S.
1945 2124 2063 2176 119.
