3270 5028
679 459 781 510 190
912 532 925 537 ,
1222 456 1304 510 De
1340 455 1574 522 Imperio
1611 459 1669 508 et
1705 454 1771 507 de
1808 452 2059 507 Ecclesia
2097 467 2236 506 saec.
2276 468 2431 506 none.

612 636 620 679 ³
672 617 883 679 reyes,
940 596 1168 662 deinde
1212 617 1362 661 vero
1407 595 1845 677 Imperatores
1888 593 2046 658 di'cti
2094 597 2280 670 sunt,
2338 592 2393 657 ii
2437 592 2812 671 dumtaxat,
2870 589 2986 673 qui

610 682 613 701 Γ
676 715 718 759 a
766 693 1067 759 Romano
1112 693 1427 772 Pontifice
1471 692 1557 756 ad
1601 691 1718 755 hoc
1755 691 1895 755 'oleo
1941 694 2164 755 sancto
2207 688 2464 772 perfusi
2505 693 2661 753 sunt
2672 708 2697 768 ,·
2741 687 2816 753 in
2853 708 2985 769 qua

676 789 872 855 etiam
917 789 1188 855 Carolus
1224 809 1504 872 maynus
1561 788 1810 853 abavus
1867 791 2085 852 noster
2138 784 2443 851 unctione
2499 785 2815 868 ejusmodi
2861 805 2985 868 per

675 907 1000 952 summum
1046 886 1424 967 Pontificem
1470 884 1821 962 delibutus,
1876 883 2097 967 primo
2143 903 2223 946 ex
2262 885 2452 965 qente
2505 885 2564 946 et
2605 881 2986 964 qenealoqia

672 987 917 1059 nostra,
958 983 1202 1066 pietate
1246 983 1320 1048 in
1367 1003 1436 1047 eo
1483 981 1875 1059 abundante,
1925 984 1984 1044 et
2023 979 2394 1062 Imperator
2438 978 2650 1044 dictus
2692 983 2752 1043 et
2789 977 2984 1044 Chri-

673 1084 815 1144 stus
859 1080 1135 1145 Domini
1190 1080 1411 1162 factus
1465 1083 1576 1144 est.
1640 1116 1730 1124 —
1791 1078 1984 1142 Vides
2029 1077 2380 1160 Imperium
2431 1075 2536 1140 hic
2594 1077 2861 1142 describi
2911 1082 2987 1142 ut

672 1177 1049 1242 institutum
1098 1200 1137 1240 a
1181 1177 1478 1242 Romano
1527 1176 1869 1252 pontifice,
1926 1175 2005 1237 ad
2050 1174 2503 1238 defensionem
2550 1172 2872 1238 Ecclesiae
2919 1179 2987 1239 et.

673 1274 744 1336 in
790 1275 1030 1338 bonum
1093 1275 1419 1338 societatis
1480 1272 1889 1337 christianae.
1978 1270 2189 1354 Ipsius
2252 1270 2442 1333 etiam
2508 1272 2987 1335 consecratione

678 1374 745 1434 et
790 1371 1096 1436 unctione
1144 1371 1301 1435 haec
1346 1370 1630 1453 dignitas
1679 1373 1745 1432 et
1790 1372 2077 1451 potestas
2124 1367 2473 1432 confertur.

342 1466 658 1570 fxfflfflfflf)-
854 1468 956 1531 26.
1034 1467 1240 1542 Quum
1314 1488 1463 1530 vero
1533 1470 1608 1528 ut
1675 1465 1924 1530 facinus
1990 1463 2484 1547 injustissimum
2561 1462 2794 1527 Leonis
2857 1461 2982 1529 111.

414 1590 485 1631 nis
512 1589 598 1632 111.
675 1564 920 1627 factum
990 1563 1310 1627 haberent
1375 1561 1632 1640 Graeci,
1698 1563 1888 1648 istam
1954 1582 2210 1644 quoque
2271 1560 2717 1642 quaestionem
2774 1559 2987 1643 Impe-

675 1665 854 1724 rator
897 1664 1157 1724 tractat.
1250 1657 1461 1722 Porro
1507 1656 1566 1721 si
1612 1656 2061 1737 calumniaris,
2118 1657 2351 1740 inquit,
2396 1653 2773 1725 Romanum
2811 1656 2986 1722 Pon-

677 1756 911 1836 tificem
973 1755 1142 1837 quod
1197 1754 1498 1838 qesserit,
1578 1754 1976 1820 calumniari
2028 1753 2279 1837 poteris
2339 1759 2400 1819 et
2465 1756 2756 1836 Samuel,
2817 1753 2990 1836 quod

674 1857 889 1935 spreto
944 1851 1171 1932 Saule,
1234 1873 1419 1933 quem
1475 1851 1613 1934 ipse
1673 1856 1988 1928 unxerat,
2049 1851 2275 1917 David
2335 1856 2409 1920 in
2472 1875 2683 1937 reqem
2743 1873 2989 1934 unqere

675 1948 819 2014 non'
854 1948 1165 2013 renuerit.
1273 1949 1507 2013 Verum
1562 1968 1759 2031 super
1803 1947 1917 2012 hoc
1974 1948 2034 2012 si
2080 1953 2172 2013 est
2226 1951 2340 2031 qui
2385 1973 2634 2016 summo
2680 1949 2989 2030 Pontifici

678 2067 888 2111 unum
945 2045 1156 2127 faciat
1214 2049 1526 2124 muttum,
1601 2065 1885 2127 conqruo
1941 2046 2236 2127 profecto
2303 2047 2487 2114 illius
2551 2069 2683 2113 non
2746 2045 2989 2111 carebit

680 2162 1000 2224 responso.
1077 2141 1205 2206 Sed
1249 2141 1517 2207 interim
1563 2141 1623 2206 si
1667 2141 1950 2223 paqinas
1994 2143 2285 2208 revolvas
2324 2164 2708 2227 qraecorum
2756 2143 2987 2208 Anna-

680 2239 862 2318 lium,
909 2242 970 2302 et
1014 2258 1179 2320 quae
1225 2238 1611 2303 discrimina
1659 2237 1738 2302 ab
1782 2237 2033 2317 alienis,
2074 2260 2198 2322 per
2244 2244 2378 2305 tam
2419 2261 2529 2305 vos
2573 2259 2985 2321 nequaquam

676 2335 955 2418 defensi,
1013 2355 1210 2416 quam
1264 2355 1305 2399 a
1366 2333 1755 2399 vestratibus
1813 2335 2104 2400 Romani
2158 2337 2503 2418 Pontifices
2544 2337 2985 2419 pertulerunt,

674 2431 1139 2514 perscruteris:
1191 2431 1483 2514 profecto
1544 2430 1860 2510 invenie8‚
1928 2431 2095 2496 unde
2156 2432 2301 2497 illos
2346 2433 2529 2517 juste
2582 2455 2713 2499 non
2768 2434 2987 2498 valeas

678 2529 1086 2612 redarquere.
1193 2529 1427 2593 Verum
1495 2528 1649 2594 haec
1714 2528 1848 2606 illi,
1911 2549 2076 2610 quae
2140 2530 2541 2596 extrinsecus
2602 2532 2985 2614 aqebantur,

676 2625 874 2708 facile
908 2625 1501 2708 parvipenderunt,
1560 2623 1696 2688 nisi
1749 2627 1809 2688 et
1851 2624 2277 2701 intrinsecus,
2333 2647 2497 2708 quae
2540 2648 2656 2709 per
2697 2627 2988 2692 diversas

680 2723 972 2788 haereses
1008 2722 1329 2805 perimere
1359 2722 1737 2787 conantium
1775 2721 2111 2786 molimina
2144 2722 2713 2805 deprehenderunt.
2807 2724 2987 2790 Unde

679 2819 910 2884 merito
966 2818 1282 2902 apostatis
1338 2817 1634 2897 desertis,
1698 2820 1893 2900 (quae
1949 2818 2120 2883 enim
2180 2820 2675 2886 communicatio
2732 2820 2988 2886 Christi

679 2937 825 2981 cum
887 2915 1184 2997 Belial?)
1253 2914 1690 2982 adhaeserunt
1742 2915 1927 2998 qenti
1986 2915 2367 2981 adhaerenti
2427 2917 2596 2996 Deo,
2659 2922 2719 2982 et
2775 2917 2988 3000 ipsius

677 3011 869 3094 reqni
910 3013 1175 3095 fructus
1217 3010 1524 3093 facienti:
1569 3010 1879 3092 quoniam
1921 3032 2052 3075 non
2099 3016 2192 3076 est
2225 3033 2664 3094 personarum
2696 3018 2989 3096 acceptor

680 3110 891 3188 Deus,
953 3109 1089 3187 sed,
1155 3112 1230 3174 ut
1289 3107 1570 3172 eximius
1617 3107 2074 3190 Apostolorum
2130 3109 2385 3189 innuit,
2448 3110 2521 3175 in
2581 3111 2759 3176 omni
2796 3115 2988 3193 qente

681 3206 795 3288 qui
852 3206 1033 3270 timet
1079 3206 1323 3284 Deum,
1392 3209 1687 3286 acceptus
1750 3209 1842 3268 est
1902 3204 2019 3269 illi.
2111 3205 2295 3286 Erqo
2349 3228 2495 3271 cum
2547 3206 2646 3271 ita
2690 3207 2802 3286 sit,
2869 3228 2990 3272 cur

677 3322 796 3367 nos
841 3302 1091 3384 sataqis
1135 3300 1621 3384 reprehendere,
1683 3301 1986 3382 quoniam
2043 3323 2124 3365 ex
2167 3302 2452 3368 Francis
2497 3303 2793 3382 oriundi,
2851 3304 2985 3369 Ro-

677 3399 863 3463 mani
909 3399 1324 3463 moderamur
1380 3398 1667 3463 habenas
1709 3398 2015 3480 Imperii,
2075 3419 2220 3463 cum
2274 3399 2350 3463 in
2406 3401 2584 3465 omni
2637 3405 2827 3484 qente
2872 3400 2989 3482 qui

679 3494 863 3559 timet
908 3494 1156 3572 Deum,
1218 3498 1512 3577 acceptus
1566 3499 1660 3559 est
1704 3494 1856 3559 illi?
1944 3495 2038 3559 Et
2083 3500 2248 3559 certe
2302 3496 2700 3562 Theodosius
2754 3499 2987 3582 major,

678 3595 740 3655 et
789 3590 916 3671 filii
963 3591 1291 3655 Arcadius
1348 3595 1408 3654 et
1453 3591 1823 3668 Honorius,
1881 3595 1942 3655 et
1996 3590 2395 3657 Theodosius
2450 3594 2665 3659 minor
2709 3595 2989 3661 Arcadii

675 3687 874 3768 filius,
923 3708 1004 3751 ex
1034 3686 1360 3769 Hispanis
1387 3688 1490 3752 ad
1519 3687 1797 3769 Imperii
1828 3688 2121 3755 Romani
2162 3690 2411 3754 culmen
2458 3691 2779 3773 assumpti
2809 3695 2987 3773 sunt,

679 3789 741 3846 et
785 3804 918 3848 non
945 3783 1335 3865 invenimus,
1385 3784 1553 3866 quod
1588 3783 1800 3865 aliqui
1845 3784 2286 3864 clamaverint,
2336 3787 2430 3850 vel
2457 3787 2993 3869 reprehenderint

691 3879 1140 3960 Theodosium,
1188 3881 1357 3962 quod
1399 3901 1531 3946 non
1573 3881 1936 3959 Romanu3‚
1984 3882 2093 3946 sed
2131 3881 2479 3964 Hispanus
2521 3883 2839 3950 eaeisteret.
2880 3936 2893 3951 .
2928 3934 2943 3950 .
2978 3938 2994 3951 .

680 3977 891 4059 ErqO,
955 3977 1173 4059 frater
1231 3966 1634 4057 charissime,
1698 3977 1916 4042 desine
1971 3977 2044 4042 in
2096 3978 2213 4043 hoc
2272 3980 2735 4046 contentiosius
2777 4002 2990 4065 aqere,

677 4073 895 4138 desine
957 4074 1409 4139 adulatoribus
1470 4074 1958 4156 quibuscunque
2034 4095 2228 4139 aures
2286 4079 2438 4141 tuae
2494 4077 2816 4159 puritatis
2877 4079 2991 4145 in-

675 4171 940 4251 flectere.
1032 4171 1334 4253 Denique
1381 4192 1541 4253 qens
1586 4170 2001 4236 Francorum
2048 4172 2282 4237 multos
2338 4177 2399 4237 et
2450 4173 2998 4255 foecundissimos
