3270 5028
1024 471 1259 526 Photius
1295 472 1830 539 pseudopatriarcha.
2478 475 2591 526 367

276 613 393 679 bus
438 618 497 677 et
544 605 1113 677 adinventionibus
1173 611 1313 677 suis
1368 610 1563 690 finem
1622 610 2041 694 imposuisse,
2100 632 2264 693 quas
2316 612 2396 677 ab
2448 611 2590 677 ini-—

273 710 363 774 tio
418 714 645 775 contra
702 729 821 774 nos
875 713 1127 773 struere
1181 708 1452 775 studuit.
1511 746 1597 754 —
1663 709 2016 794 Postquam
2073 711 2221 774 dein
2277 709 2354 775 de
2411 733 2579 774 erro·
2635 771 2642 778 .

273 809 447 872 ribus
493 808 784 885 devictis,
844 807 921 871 de
971 807 1393 872 Armenorum
1446 827 1523 870 ex
1573 808 1822 870 haeresi
1867 806 2113 883 reditu,
2171 830 2242 871 ac
2302 808 2380 871 de
2426 806 2593 871 Bul--

273 924 573 987 garorum
619 904 861 969 recenti
904 904 1322 969 conversione
1366 926 1509 967 cum
1556 903 1732 967 fastu
1779 904 2055 986 quodam
2102 903 2428 980 disseruit,
2482 906 2587 967 in·-

271 1002 427 1083 cipit
480 1002 832 1065 invectivas
885 1022 1029 1064 suas
1074 1005 1297 1064 contra
1341 999 1642 1076 Latinos,
1701 1021 2048 1084 eorumque
2093 1002 2162 1064 in
2211 1000 2589 1085 Bulgariam.

271 1097 696 1180 irruptionem
758 1119 1128 1181 erroresque
1186 1097 1276 1160 ibi
1340 1095 1742 1161 introductos
1799 1096 2148 1161 furibunda
2210 1096 2583 1180 eloquentia

273 1198 553 1257 enarrat.
644 1192 783 1257 Ista
830 1196 968 1277 jam
1023 1194 1294 1257 citemus
1360 1197 1433 1255 ut
1478 1199 1817 1276 appareat,
1877 1214 2199 1276 quaenam
2246 1194 2458 1276 capita
2505 1192 2587 1255 ab

272 1291 409 1374 ipso
458 1290 739 1366 Latinis,
798 1296 873 1354 ut
916 1291 1194 1355 schisma
1253 1290 1615 1373 perficeret,
1682 1290 1933 1375 objecta
1987 1290 2250 1353 fuerint.
2349 1287 2402 1351 Ο
2454 1286 2583 1351 ini·

274 1405 503 1467 quum,
566 1389 908 1462 exclamat,
973 1390 1033 1450 et
1075 1385 1375 1450 invidum
1433 1384 1702 1467 facinus
1756 1388 1815 1448 et
1871 1384 2148 1467 impium
2204 1383 2569 1449 consilium.
2565 1383 2597 1432 Γ

280 1482 440 1547 Cum
510 1480 683 1547 enim
745 1480 1029 1547 istarum
1089 1502 1312 1547 rerum
1372 1484 1466 1563 (in
1514 1481 1850 1566 Bulgaria)
1919 1480 2222 1546 narratio
2287 1485 2349 1545 et
2400 1480 2588 1562 fama

277 1578 588 1646 bonorum
633 1578 1023 1644 nuntiorum
1068 1584 1227 1643 esset
1272 1582 1734 1660 arqumentum
1781 1582 1843 1641 et
1885 1579 2148 1656 occasi0,
2197 1578 2284 1643 ad
2327 1576 2585 1642 moesti-

253 1666 436 1740 ‘tiam
478 1675 914 1740 nihilominus
967 1696 999 1739 e
1042 1675 1309 1758 vestigio
1357 1678 1846 1739 transmutatur
1889 1674 2140 1739 laetitia
2187 1675 2364 1756 ipsa,
2422 1694 2585 1756 qau-

276 1772 381 1835 dio
436 1771 511 1836 in
556 1771 839 1836 dolorem
894 1777 954 1836 et
1013 1772 1337 1855 lacrymas
1394 1792 1713 1836 converso.
1818 1771 1994 1836 Gens
2041 1771 2213 1836 enim
2269 1771 2387 1836 illa
2441 1791 2589 1836 cum

275 1869 391 1933 via:
435 1869 595 1934 duos
624 1861 832 1934 annos
871 1873 1113 1933 rectam
1149 1866 1688 1934 Christianorum
1720 1868 2098 1951 religionem
2144 1872 2593 1944 veneraretur,

275 1964 407 2029 viri
453 1964 719 2046 quidam
761 1964 954 2047 impii
999 1970 1060 2030 et
1104 1986 1380 2047 quorum
1426 1965 1874 2030 commercium
1930 1969 2022 2029 est
2067 1965 2440 2043 vitandum,
2497 1967 2587 2046 (et

279 2062 562 2142 quonam
593 2062 853 2127 nomine
888 2062 1048 2145 pius
1079 2062 1322 2144 aliquis
1365 2083 1467 2127 eos
1498 2062 1708 2127 dicere
1751 2061 2054 2144 posset?),
2097 2062 2246 2138 viri,
2292 2062 2603 2143 inquam„

278 2179 310 2221 e
356 2157 636 2222 tenebris
680 2163 1099 2241 emerqentes,
1150 2158 1560 2223 occidentalis
1606 2158 1779 2224 enim
1814 2159 2052 2241 plaqae
2093 2158 2370 2240 fuerunt
2404 2158 2593 2240 qeni—

279 2254 482 2332 mina,
531 2254 668 2334 (hei
715 2255 897 2333 mihi,
946 2256 1256 2336 quomodo
1302 2256 1556 2337 reliqua
1600 2276 1885 2320 narrare
1919 2259 2148 2337 potero
2163 2254 2227 2337 .9)
2281 2254 2397 2319 isti
2442 2254 2589 2337 qui-

278 2351 429 2415 dam
471 2350 781 2416 adversus
818 2357 1074 2433 ‚qentem
1120 2352 1329 2431 illam,
1378 2352 1832 2433 Bulqarorum
1876 2350 2197 2430 videlicet,
2247 2371 2459 2433 nuper
2505 2351 2598 2415 ad

271 2446 583 2530 pietatem
642 2447 1097 2531 informatam,
1158 2448 1347 2531 quasi
1409 2448 1774 2513 tonitruum
1841 2447 2161 2530 quoddam
2218 2447 2316 2511 vel
2377 2452 2600 2512 terrae*

283 2549 496 2609 motus
547 2545 645 2609 vel
699 2547 1052 2628 qrandinis
1104 2546 1408 2629 impetus,
1474 2545 1576 2610 vel
1616 2545 1845 2628 potius
1902 2546 2008 2626 (ut
2060 2545 2273 2627 maqis
2319 2545 2591 2628 proprie

251 2641 658 2723 loquamur)
704 2646 778 2707 ut
823 2643 1186 2726 sinqularis
1228 2644 1432 2726 ferus,
1474 2643 1820 2722 irruentes,
1864 2642 2122 2707 vineam
2170 2642 2447 2707 Domini
2489 2642 2590 2706 di-

285 2737 511 2802 lectam
557 2743 617 2803 et
650 2760 860 2822 nuper
890 2740 1265 2822 plantatam
1303 2739 1581 2822 pedibus
1626 2744 1686 2802 et
1718 2737 2034 2818 dentibus,
2084 2738 2601 2803 conversationis

284 2834 572 2898 videlicet
607 2856 875 2917 pravae,
924 2837 1117 2903 malis
1147 2836 1437 2901 moribus
1483 2841 1544 2900 et
1576 2836 1951 2918 doqmatum
1990 2835 2375 2916 corruptela,
2423 2836 2593 2916 quod

286 2930 371 2994 ad
416 2952 640 2995 eorum
685 2933 1032 2998 audaciam
1066 2933 1385 3015 pertinet,
1437 2932 1901 3014 depraedantes
1955 2931 2206 3013 depasti
2260 2936 2434 2996 sunt.
2529 2934 2590 2996 A

285 3027 478 3091 rectis
525 3027 695 3092 enim
746 3034 807 3093 et
852 3029 1049 3112 puris
1107 3029 1514 3112 eloym—atibus
1572 3033 1631 3092 et
1681 3027 2219 3092 Christianorum
2279 3028 2590 3093 immacu-

289 3122 425 3187 lata
449 3123 576 3203 fide
605 3125 864 3189 evellere
891 3125 1085 3190 malis
1115 3125 1372 3189 artibus
1413 3129 1472 3189 et
1510 3144 1920 3206 corrumpere
1949 3123 2095 3188 illos
2124 3118 2595 3206 prccurarunt

466 3222 569 3287 59.
617 3220 890 3307 Singula
934 3225 1146 3306 capita
1190 3245 1474 3287 errorum
1527 3229 1880 3286 enumerat.
1971 3221 2064 3284 Et
2108 3220 2405 3302 primum
2451 3221 2593 3303 qui·
2610 3220 2931 3335 Ρξὲζῡῐέζὲἰῑῑ

2632 3396 2641 3405 θ
2702 3344 2832 3386 brati.
2886 3380 2899 3385 r

289 3316 430 3380 dem
476 3316 562 3380 ad
606 3317 1024 3383 sabbatorum
1055 3318 1325 3402 jejunia
1369 3317 1545 3400 ipsos
1579 3316 1780 3399 impie
1828 3316 2329 3382 transtulerunt.
2421 3317 2594 3382 Solet

290 3417 507 3479 autem
551 3414 649 3478 vel
687 3415 1003 3495 quaelibet
1039 3436 1256 3498 parva
1292 3414 1725 3479 traditionum
1766 3413 2266 3496 praevaricatio,
2314 3414 2400 3478 ad
2444 3414 2594 3479 uni-

290 3509 461 3574 versi
506 3511 826 3593 doqmatis
872 3512 1325 3577 contumeliam
1379 3516 1440 3576 et
1485 3514 1914 3592 contemptum
1962 3510 2262 3575 converti.
2308 3549 2391 3555 —-
2442 3509 2592 3575 Pri-

291 3627 464 3675 mam
496 3612 840 3690 praeterea
890 3607 1440 3691 Quadraqesimae
1486 3607 1945 3672 hebdomadam
1990 3606 2069 3670 ab
2117 3607 2248 3672 alio
2294 3607 2598 3686 Quadra-

286 3704 570 3786 qesimae
619 3703 882 3787 jejunio
935 3705 1418 3784 intercidentes,
1484 3704 1558 3768 in
1616 3703 1802 3767 lactis
1858 3702 2262 3785 potationem
2320 3708 2379 3768 et
2431 3705 2604 3769 casei·

294 3800 727 3865 comestionem
746 3851 763 3880 ,
818 3806 879 3865 et
924 3800 1212 3868 aliarum
1257 3822 1481 3867 rerum
1528 3799 1904 3882 hujusmodi
1942 3798 2298 3881 inqluviem
2333 3806 2596 3883 protra-

292 3900 551 3961 xerunt.
625 3897 758 3963 Hic
802 3898 903 3962 illi
941 3898 1116 3962 viam
1164 3897 1757 3981 transyressionum
1799 3895 2159 3978 aperientes
2205 3901 2265 3960 et
2311 3896 2597 3962 dilatan-

296 3997 388 4056 tes
435 4012 476 4056 a
521 3999 696 4058 recta
741 3994 852 4060 via
891 3995 1057 4059 alios
1111 3999 1508 4060 averterunt.
1570 4031 1656 4038 ——
1710 3992 2082 4057 Sacerdotes
2142 3992 2338 4058 etiam
2393 3993 2607 4076 leqiti-

295 4087 420 4152 mis
465 4090 717 4172 nuptiis
761 4090 1159 4170 honestatos,
1212 4092 1330 4156 isti
1374 4090 1630 4173 quidem
1678 4088 1793 4170 qui
1838 4089 2079 4154 multas
2122 4089 2413 4173 virqines
2457 4091 2605 4155 abs-2

297 4206 417 4266 que
465 4185 626 4250 viris
671 4186 974 4252 mulieres
1020 4188 1367 4254 ostendunt
1420 4178 1479 4251 et
1524 4192 1765 4251 matres
1808 4184 1979 4266 filios
2033 4185 2276 4251 alentes
2321 4207 2605 4268 quorum

2983 3181 3105 3385 pe
