<?xml version="1.0" encoding="UTF-8"?>
<!DOCTYPE html PUBLIC "-//W3C//DTD XHTML 1.0 Transitional//EN"
    "http://www.w3.org/TR/xhtml1/DTD/xhtml1-transitional.dtd">
<html xmlns="http://www.w3.org/1999/xhtml" xml:lang="en" lang="en">
 <head>
  <title>
</title>
<meta http-equiv="Content-Type" content="text/html;charset=utf-8" />
  <meta name='ocr-system' content='tesseract 3.04.00' />
  <meta name='ocr-capabilities' content='ocr_page ocr_carea ocr_par ocr_line ocrx_word'/>
</head>
<body>
  <div class='ocr_page' id='page_1' title='image "./dissertationess04junggoog_0304.png"; bbox 0 0 3270 5028; ppageno 0'>
   <div class='ocr_carea' id='block_1_1' title="bbox 658 421 2625 484">
    <p class='ocr_par' dir='ltr' id='par_1_1' title="bbox 658 421 2625 484">
     <span class='ocr_line' id='line_1_1' title="bbox 658 421 2625 484; baseline -0.001 -8"><span class='ocrx_word' id='word_1_1' title='bbox 658 425 766 476; x_wconf 83' lang='lat'><strong>298</strong></span> <span class='ocrx_word' id='word_1_2' title='bbox 1006 421 1154 476; x_wconf 91' lang='lat' dir='ltr'>XVI.</span> <span class='ocrx_word' id='word_1_3' title='bbox 1193 422 1402 476; x_wconf 79' lang='lat' dir='ltr'>Causae</span> <span class='ocrx_word' id='word_1_4' title='bbox 1442 421 1681 476; x_wconf 81' lang='lat' dir='ltr'><strong>celebres</strong></span> <span class='ocrx_word' id='word_1_5' title='bbox 1720 428 1777 477; x_wconf 86' lang='lat' dir='ltr'><strong>et</strong></span> <span class='ocrx_word' id='word_1_6' title='bbox 1814 423 2130 484; x_wconf 89' lang='lat' dir='ltr'><strong>Decretales</strong></span> <span class='ocrx_word' id='word_1_7' title='bbox 2168 422 2625 478; x_wconf 87' lang='lat' dir='ltr'><strong>Pseudo-Isidori.</strong></span> 
     </span>
    </p>
   </div>
   <div class='ocr_carea' id='block_1_2' title="bbox 655 563 2990 1228">
    <p class='ocr_par' dir='ltr' id='par_1_2' title="bbox 655 563 2990 1228">
     <span class='ocr_line' id='line_1_2' title="bbox 663 563 2990 648; baseline 0 -21"><span class='ocrx_word' id='word_1_8' title='bbox 663 565 763 628; x_wconf 86' lang='lat' dir='ltr'><strong>lao</strong></span> <span class='ocrx_word' id='word_1_9' title='bbox 808 563 1459 628; x_wconf 87' lang='lat' dir='ltr'><strong>Pseudo-Decretales</strong></span> <span class='ocrx_word' id='word_1_10' title='bbox 1505 564 1763 648; x_wconf 84' lang='lat' dir='ltr'><strong>ignotas</strong></span> <span class='ocrx_word' id='word_1_11' title='bbox 1803 563 2036 643; x_wconf 80' lang='lat' dir='ltr'><strong>fuisse,</strong></span> <span class='ocrx_word' id='word_1_12' title='bbox 2088 564 2337 647; x_wconf 88' lang='lat' dir='ltr'><strong>statuit,</strong></span> <span class='ocrx_word' id='word_1_13' title='bbox 2386 587 2529 629; x_wconf 88' lang='lat' dir='ltr'><strong>eum</strong></span> <span class='ocrx_word' id='word_1_14' title='bbox 2579 564 2647 628; x_wconf 89' lang='lat' dir='ltr'><strong>in</strong></span> <span class='ocrx_word' id='word_1_15' title='bbox 2693 564 2822 628; x_wconf 90' lang='lat' dir='ltr'><strong>suis</strong></span> <span class='ocrx_word' id='word_1_16' title='bbox 2870 563 2990 627; x_wconf 86' lang='lat' dir='ltr'><strong>de·</strong></span> 
     </span>
     <span class='ocr_line' id='line_1_3' title="bbox 658 660 2987 745; baseline -0 -21"><span class='ocrx_word' id='word_1_17' title='bbox 658 660 1007 725; x_wconf 89' lang='lat' dir='ltr'><strong>cisionibus</strong></span> <span class='ocrx_word' id='word_1_18' title='bbox 1051 661 1131 726; x_wconf 92' lang='lat' dir='ltr'><strong>iis</strong></span> <span class='ocrx_word' id='word_1_19' title='bbox 1163 662 1373 724; x_wconf 91' lang='lat' dir='ltr'><strong>nisum</strong></span> <span class='ocrx_word' id='word_1_20' title='bbox 1421 682 1555 724; x_wconf 91' lang='lat' dir='ltr'><strong>non</strong></span> <span class='ocrx_word' id='word_1_21' title='bbox 1603 681 1760 740; x_wconf 87' lang='lat' dir='ltr'><strong>esse,</strong></span> <span class='ocrx_word' id='word_1_22' title='bbox 1807 682 1879 724; x_wconf 91' lang='lat' dir='ltr'><strong>eo</strong></span> <span class='ocrx_word' id='word_1_23' title='bbox 1927 661 2100 745; x_wconf 91' lang='lat' dir='ltr'><strong>quod</strong></span> <span class='ocrx_word' id='word_1_24' title='bbox 2132 661 2391 725; x_wconf 89' lang='lat' dir='ltr'><strong>dubiam</strong></span> <span class='ocrx_word' id='word_1_25' title='bbox 2440 660 2708 726; x_wconf 88' lang='lat' dir='ltr'><strong>haberet</strong></span> <span class='ocrx_word' id='word_1_26' title='bbox 2747 682 2987 724; x_wconf 88' lang='lat' dir='ltr'><strong>earum</strong></span> 
     </span>
     <span class='ocr_line' id='line_1_4' title="bbox 655 755 2989 841; baseline -0 -21"><span class='ocrx_word' id='word_1_27' title='bbox 655 755 1211 841; x_wconf 75' lang='lat' dir='ltr'><strong>genuinitatem.1)</strong></span> <span class='ocrx_word' id='word_1_28' title='bbox 1306 756 1710 822; x_wconf 83' lang='lat' dir='ltr'><strong>Contrariam</strong></span> <span class='ocrx_word' id='word_1_29' title='bbox 1758 758 2150 823; x_wconf 89' lang='lat' dir='ltr'><strong>sententiam</strong></span> <span class='ocrx_word' id='word_1_30' title='bbox 2196 762 2445 835; x_wconf 87' lang='lat' dir='ltr'><strong>tamen,</strong></span> <span class='ocrx_word' id='word_1_31' title='bbox 2503 779 2587 821; x_wconf 90' lang='lat' dir='ltr'><strong>ne</strong></span> <span class='ocrx_word' id='word_1_32' title='bbox 2630 757 2989 841; x_wconf 83' lang='lat' dir='ltr'><strong>loquamur</strong></span> 
     </span>
     <span class='ocr_line' id='line_1_5' title="bbox 658 852 2984 937; baseline -0.001 -21"><span class='ocrx_word' id='word_1_33' title='bbox 658 852 738 916; x_wconf 91' lang='lat' dir='ltr'><strong>de</strong></span> <span class='ocrx_word' id='word_1_34' title='bbox 778 854 919 917; x_wconf 92' lang='lat' dir='ltr'><strong>aliis</strong></span> <span class='ocrx_word' id='word_1_35' title='bbox 966 854 1329 919; x_wconf 88' lang='lat' dir='ltr'><strong>auctoribus</strong></span> <span class='ocrx_word' id='word_1_36' title='bbox 1383 853 1826 935; x_wconf 88' lang='lat' dir='ltr'><strong>heterodoxis,</strong></span> <span class='ocrx_word' id='word_1_37' title='bbox 1884 858 2067 918; x_wconf 89' lang='lat' dir='ltr'><strong>tenet</strong></span> <span class='ocrx_word' id='word_1_38' title='bbox 2113 854 2489 932; x_wconf 87' lang='lat' dir='ltr'><strong>Hinschius‚</strong></span> <span class='ocrx_word' id='word_1_39' title='bbox 2546 858 2740 937; x_wconf 90' lang='lat' dir='ltr'><strong>atque</strong></span> <span class='ocrx_word' id='word_1_40' title='bbox 2794 853 2984 916; x_wconf 80' lang='lat' dir='ltr'><strong>inter</strong></span> 
     </span>
     <span class='ocr_line' id='line_1_6' title="bbox 661 944 2985 1040; baseline -0.001 -26"><span class='ocrx_word' id='word_1_41' title='bbox 661 950 869 1014; x_wconf 85' lang='lat' dir='ltr'><strong>varios</strong></span> <span class='ocrx_word' id='word_1_42' title='bbox 936 957 1225 1015; x_wconf 77' lang='lat' dir='ltr'><strong>auctores</strong></span> <span class='ocrx_word' id='word_1_43' title='bbox 1299 950 1644 1015; x_wconf 89' lang='lat' dir='ltr'><strong>catholicos</strong></span> <span class='ocrx_word' id='word_1_44' title='bbox 1715 951 1920 1015; x_wconf 90' lang='lat' dir='ltr'><strong>nostri</strong></span> <span class='ocrx_word' id='word_1_45' title='bbox 1998 952 2304 1034; x_wconf 88' lang='lat' dir='ltr'><strong>temporis</strong></span> <span class='ocrx_word' id='word_1_46' title='bbox 2368 951 2596 1016; x_wconf 89' lang='lat' dir='ltr'><strong>Illmus</strong></span> <span class='ocrx_word' id='word_1_47' title='bbox 2622 1035 2627 1040; x_wconf 30' lang='grc' dir='ltr'>Ι</span> <span class='ocrx_word' id='word_1_48' title='bbox 2657 944 2985 1029; x_wconf 82' lang='lat' dir='ltr'><strong>Hefele‚2)</strong></span> 
     </span>
     <span class='ocr_line' id='line_1_7' title="bbox 660 1044 2983 1132; baseline -0.001 -21"><span class='ocrx_word' id='word_1_49' title='bbox 660 1044 951 1125; x_wconf 79' lang='lat' dir='ltr'><strong>KrauS‚⁸)</strong></span> <span class='ocrx_word' id='word_1_50' title='bbox 1016 1048 1093 1112; x_wconf 91' lang='lat' dir='ltr'><strong>de</strong></span> <span class='ocrx_word' id='word_1_51' title='bbox 1147 1046 1425 1132; x_wconf 85' lang='lat' dir='ltr'><strong>Regnon</strong></span> <span class='ocrx_word' id='word_1_52' title='bbox 1474 1048 1513 1111; x_wconf 93' lang='lat' dir='ltr'><strong>l.</strong></span> <span class='ocrx_word' id='word_1_53' title='bbox 1552 1070 1607 1120; x_wconf 86' lang='lat' dir='ltr'><strong>c.</strong></span> <span class='ocrx_word' id='word_1_54' title='bbox 1681 1083 1757 1092; x_wconf 90' lang='lat'>—</span> <span class='ocrx_word' id='word_1_55' title='bbox 1824 1046 1986 1123; x_wconf 83' lang='lat' dir='ltr'>Quid</span> <span class='ocrx_word' id='word_1_56' title='bbox 2050 1049 2120 1112; x_wconf 91' lang='lat' dir='ltr'><strong>in</strong></span> <span class='ocrx_word' id='word_1_57' title='bbox 2183 1048 2303 1114; x_wconf 88' lang='lat' dir='ltr'><strong>hac</strong></span> <span class='ocrx_word' id='word_1_58' title='bbox 2363 1047 2740 1132; x_wconf 74' lang='lat' dir='ltr'><strong>quaestione</strong></span> <span class='ocrx_word' id='word_1_59' title='bbox 2801 1046 2983 1110; x_wconf 84' lang='lat' dir='ltr'><strong>diffi-</strong></span> 
     </span>
     <span class='ocr_line' id='line_1_8' title="bbox 660 1144 2405 1228; baseline 0 -20"><span class='ocrx_word' id='word_1_60' title='bbox 660 1144 863 1208; x_wconf 91' lang='lat' dir='ltr'><strong>ciliori</strong></span> <span class='ocrx_word' id='word_1_61' title='bbox 911 1144 1323 1208; x_wconf 87' lang='lat' dir='ltr'><strong>statuendum</strong></span> <span class='ocrx_word' id='word_1_62' title='bbox 1370 1144 1684 1222; x_wconf 86' lang='lat' dir='ltr'><strong>videatur,</strong></span> <span class='ocrx_word' id='word_1_63' title='bbox 1730 1144 1949 1227; x_wconf 85' lang='lat' dir='ltr'>paucis</span> <span class='ocrx_word' id='word_1_64' title='bbox 1998 1166 2405 1228; x_wconf 84' lang='lat' dir='ltr'><strong>exponemus.</strong></span> 
     </span>
    </p>
   </div>
   <div class='ocr_carea' id='block_1_3' title="bbox 329 1288 2985 3583">
    <p class='ocr_par' dir='ltr' id='par_1_3' title="bbox 329 1288 2985 3583">
     <span class='ocr_line' id='line_1_9' title="bbox 329 1288 2979 1406; baseline 0.001 -51"><span class='ocrx_word' id='word_1_65' title='bbox 329 1291 640 1406; x_wconf 45' lang='lat' dir='ltr'><strong>Jissugsffigfff</strong></span> <span class='ocrx_word' id='word_1_66' title='bbox 838 1294 941 1356; x_wconf 88' lang='lat'><strong>91.</strong></span> <span class='ocrx_word' id='word_1_67' title='bbox 1003 1291 1277 1357; x_wconf 85' lang='lat' dir='ltr'><strong>Falsum</strong></span> <span class='ocrx_word' id='word_1_68' title='bbox 1337 1296 1437 1358; x_wconf 89' lang='lat' dir='ltr'><strong>est</strong></span> <span class='ocrx_word' id='word_1_69' title='bbox 1486 1288 1572 1369; x_wconf 87' lang='lat'><strong>1⁰,</strong></span> <span class='ocrx_word' id='word_1_70' title='bbox 1633 1290 1972 1357; x_wconf 82' lang='lat' dir='ltr'><strong>Nicolaum</strong></span> <span class='ocrx_word' id='word_1_71' title='bbox 2020 1293 2429 1372; x_wconf 84' lang='lat' dir='ltr'><strong>Pontificem,</strong></span> <span class='ocrx_word' id='word_1_72' title='bbox 2488 1294 2695 1377; x_wconf 87' lang='lat' dir='ltr'><strong>quoad</strong></span> <span class='ocrx_word' id='word_1_73' title='bbox 2756 1298 2979 1359; x_wconf 84' lang='lat' dir='ltr'><strong>aucto·</strong></span> 
     </span>
     <span class='ocr_line' id='line_1_10' title="bbox 428 1389 2985 1476; baseline -0.002 -19"><span class='ocrx_word' id='word_1_74' title='bbox 428 1428 540 1457; x_wconf 82' lang='lat' dir='ltr'><strong>nam.</strong></span> <span class='ocrx_word' id='word_1_75' title='bbox 659 1391 921 1476; x_wconf 84' lang='lat' dir='ltr'><strong>ritatem</strong></span> <span class='ocrx_word' id='word_1_76' title='bbox 1000 1390 1436 1454; x_wconf 87' lang='lat' dir='ltr'><strong>Romanorum</strong></span> <span class='ocrx_word' id='word_1_77' title='bbox 1507 1389 1927 1468; x_wconf 83' lang='lat' dir='ltr'><strong>Pontificum,</strong></span> <span class='ocrx_word' id='word_1_78' title='bbox 2004 1392 2144 1455; x_wconf 95' lang='lat' dir='ltr'><strong>loco</strong></span> <span class='ocrx_word' id='word_1_79' title='bbox 2215 1390 2587 1473; x_wconf 87' lang='lat' dir='ltr'><strong>disciplinae</strong></span> <span class='ocrx_word' id='word_1_80' title='bbox 2662 1391 2985 1475; x_wconf 85' lang='lat' dir='ltr'><strong>antiquae</strong></span> 
     </span>
     <span class='ocr_line' id='line_1_11' title="bbox 661 1486 2983 1552; baseline -0.001 0"><span class='ocrx_word' id='word_1_81' title='bbox 661 1509 895 1552; x_wconf 85' lang='lat' dir='ltr'><strong>novam</strong></span> <span class='ocrx_word' id='word_1_82' title='bbox 966 1487 1047 1549; x_wconf 93' lang='lat' dir='ltr'><strong>ab</strong></span> <span class='ocrx_word' id='word_1_83' title='bbox 1118 1486 1338 1550; x_wconf 90' lang='lat' dir='ltr'><strong>eadem</strong></span> <span class='ocrx_word' id='word_1_84' title='bbox 1405 1487 1667 1551; x_wconf 91' lang='lat' dir='ltr'><strong>omnino</strong></span> <span class='ocrx_word' id='word_1_85' title='bbox 1739 1486 2058 1551; x_wconf 88' lang='lat' dir='ltr'><strong>diversam</strong></span> <span class='ocrx_word' id='word_1_86' title='bbox 2123 1488 2192 1551; x_wconf 93' lang='lat' dir='ltr'><strong>in</strong></span> <span class='ocrx_word' id='word_1_87' title='bbox 2264 1486 2613 1551; x_wconf 84' lang='lat' dir='ltr'><strong>Ecclesiam</strong></span> <span class='ocrx_word' id='word_1_88' title='bbox 2680 1487 2983 1551; x_wconf 88' lang='lat' dir='ltr'><strong>introdu-</strong></span> 
     </span>
     <span class='ocr_line' id='line_1_12' title="bbox 661 1582 2981 1668; baseline -0 -21"><span class='ocrx_word' id='word_1_89' title='bbox 661 1584 861 1660; x_wconf 91' lang='lat' dir='ltr'><strong>xisse,</strong></span> <span class='ocrx_word' id='word_1_90' title='bbox 927 1605 1127 1668; x_wconf 88' lang='lat' dir='ltr'><strong>eaque</strong></span> <span class='ocrx_word' id='word_1_91' title='bbox 1187 1584 1257 1647; x_wconf 88' lang='lat' dir='ltr'><strong>in</strong></span> <span class='ocrx_word' id='word_1_92' title='bbox 1318 1604 1387 1647; x_wconf 92' lang='lat' dir='ltr'><strong>re</strong></span> <span class='ocrx_word' id='word_1_93' title='bbox 1450 1584 1664 1646; x_wconf 91' lang='lat' dir='ltr'><strong>nisum</strong></span> <span class='ocrx_word' id='word_1_94' title='bbox 1726 1605 1867 1647; x_wconf 86' lang='lat' dir='ltr'><strong>esse</strong></span> <span class='ocrx_word' id='word_1_95' title='bbox 1922 1583 2663 1648; x_wconf 88' lang='lat' dir='ltr'><strong>Pseudo-Decretalibus</strong></span> <span class='ocrx_word' id='word_1_96' title='bbox 2716 1582 2981 1648; x_wconf 87' lang='lat' dir='ltr'><strong>Isidori.</strong></span> 
     </span>
     <span class='ocr_line' id='line_1_13' title="bbox 662 1679 2982 1765; baseline -0 -19"><span class='ocrx_word' id='word_1_97' title='bbox 662 1680 809 1746; x_wconf 85' lang='lat' dir='ltr'><strong>Jam</strong></span> <span class='ocrx_word' id='word_1_98' title='bbox 888 1680 1189 1758; x_wconf 86' lang='lat' dir='ltr'><strong>vidimus,</strong></span> <span class='ocrx_word' id='word_1_99' title='bbox 1271 1680 1633 1763; x_wconf 76' lang='lat' dir='ltr'><strong>generatim</strong></span> <span class='ocrx_word' id='word_1_100' title='bbox 1712 1685 1858 1764; x_wconf 91' lang='lat' dir='ltr'><strong>post</strong></span> <span class='ocrx_word' id='word_1_101' title='bbox 1930 1682 2220 1765; x_wconf 84' lang='lat' dir='ltr'><strong>vulgatas</strong></span> <span class='ocrx_word' id='word_1_102' title='bbox 2297 1679 2982 1746; x_wconf 85' lang='lat' dir='ltr'><strong>Pseudo-Decretales</strong></span> 
     </span>
     <span class='ocr_line' id='line_1_14' title="bbox 662 1776 2979 1860; baseline -0 -18"><span class='ocrx_word' id='word_1_103' title='bbox 662 1777 1061 1860; x_wconf 85' lang='lat' dir='ltr'><strong>disciplinam</strong></span> <span class='ocrx_word' id='word_1_104' title='bbox 1133 1798 1538 1860; x_wconf 89' lang='lat' dir='ltr'><strong>nequaquam</strong></span> <span class='ocrx_word' id='word_1_105' title='bbox 1600 1776 1809 1860; x_wconf 90' lang='lat' dir='ltr'><strong>quoad</strong></span> <span class='ocrx_word' id='word_1_106' title='bbox 1877 1778 2305 1841; x_wconf 68' lang='lat' dir='ltr'><strong>substantiam</strong></span> <span class='ocrx_word' id='word_1_107' title='bbox 2369 1781 2686 1841; x_wconf 89' lang='lat' dir='ltr'><strong>mutatam</strong></span> <span class='ocrx_word' id='word_1_108' title='bbox 2753 1778 2979 1852; x_wconf 76' lang='lat' dir='ltr'><strong>fuisse,</strong></span> 
     </span>
     <span class='ocr_line' id='line_1_15' title="bbox 658 1874 2977 1958; baseline 0 -20"><span class='ocrx_word' id='word_1_109' title='bbox 658 1874 770 1938; x_wconf 88' lang='lat' dir='ltr'><strong>sed</strong></span> <span class='ocrx_word' id='word_1_110' title='bbox 836 1874 1362 1950; x_wconf 81' lang='lat' dir='ltr'><strong>modificationeS‚</strong></span> <span class='ocrx_word' id='word_1_111' title='bbox 1428 1895 1593 1957; x_wconf 89' lang='lat' dir='ltr'><strong>quae</strong></span> <span class='ocrx_word' id='word_1_112' title='bbox 1654 1895 1727 1937; x_wconf 91' lang='lat' dir='ltr'><strong>eo</strong></span> <span class='ocrx_word' id='word_1_113' title='bbox 1783 1877 2071 1957; x_wconf 90' lang='lat' dir='ltr'><strong>tempore</strong></span> <span class='ocrx_word' id='word_1_114' title='bbox 2127 1874 2650 1957; x_wconf 85' lang='lat' dir='ltr'><strong>praevaluerunt,</strong></span> <span class='ocrx_word' id='word_1_115' title='bbox 2718 1896 2977 1958; x_wconf 86' lang='lat' dir='ltr'><strong>praece·</strong></span> 
     </span>
     <span class='ocr_line' id='line_1_16' title="bbox 658 1969 2978 2062; baseline 0 -28"><span class='ocrx_word' id='word_1_116' title='bbox 658 1971 856 2034; x_wconf 89' lang='lat' dir='ltr'><strong>dente</strong></span> <span class='ocrx_word' id='word_1_117' title='bbox 908 1975 1196 2054; x_wconf 90' lang='lat' dir='ltr'><strong>tempore</strong></span> <span class='ocrx_word' id='word_1_118' title='bbox 1254 1975 1666 2053; x_wconf 87' lang='lat' dir='ltr'><strong>praeparatas</strong></span> <span class='ocrx_word' id='word_1_119' title='bbox 1729 1970 1959 2047; x_wconf 82' lang='lat' dir='ltr'><strong>fuisse,</strong></span> <span class='ocrx_word' id='word_1_120' title='bbox 2018 1975 2086 2035; x_wconf 91' lang='lat' dir='ltr'><strong>et</strong></span> <span class='ocrx_word' id='word_1_121' title='bbox 2147 1971 2382 2054; x_wconf 88' lang='lat' dir='ltr'><strong>passim</strong></span> <span class='ocrx_word' id='word_1_122' title='bbox 2431 1969 2753 2062; x_wconf 46' lang='lat' dir='ltr'><strong>Roma-nos</strong></span> <span class='ocrx_word' id='word_1_123' title='bbox 2799 1969 2978 2035; x_wconf 93' lang='lat' dir='ltr'><strong>Pon-</strong></span> 
     </span>
     <span class='ocr_line' id='line_1_17' title="bbox 661 2066 2974 2151; baseline 0 -21"><span class='ocrx_word' id='word_1_124' title='bbox 661 2067 864 2132; x_wconf 89' lang='lat' dir='ltr'><strong>tifices</strong></span> <span class='ocrx_word' id='word_1_125' title='bbox 923 2066 1211 2131; x_wconf 90' lang='lat' dir='ltr'><strong>eumdem</strong></span> <span class='ocrx_word' id='word_1_126' title='bbox 1260 2067 1360 2130; x_wconf 86' lang='lat' dir='ltr'><strong>vel</strong></span> <span class='ocrx_word' id='word_1_127' title='bbox 1420 2067 1694 2131; x_wconf 88' lang='lat' dir='ltr'><strong>similem</strong></span> <span class='ocrx_word' id='word_1_128' title='bbox 1753 2068 1985 2151; x_wconf 85' lang='lat' dir='ltr'><strong>agendi</strong></span> <span class='ocrx_word' id='word_1_129' title='bbox 2033 2067 2292 2131; x_wconf 89' lang='lat' dir='ltr'><strong>modum</strong></span> <span class='ocrx_word' id='word_1_130' title='bbox 2353 2074 2604 2131; x_wconf 90' lang='lat' dir='ltr'><strong>secutos</strong></span> <span class='ocrx_word' id='word_1_131' title='bbox 2665 2090 2820 2132; x_wconf 88' lang='lat' dir='ltr'><strong>esse.</strong></span> <span class='ocrx_word' id='word_1_132' title='bbox 2881 2104 2974 2112; x_wconf 89' lang='lat'><strong>—-</strong></span> 
     </span>
     <span class='ocr_line' id='line_1_18' title="bbox 659 2163 2972 2247; baseline -0 -19"><span class='ocrx_word' id='word_1_133' title='bbox 659 2163 915 2228; x_wconf 87' lang='lat' dir='ltr'><strong>Insistit</strong></span> <span class='ocrx_word' id='word_1_134' title='bbox 956 2163 1033 2226; x_wconf 92' lang='lat' dir='ltr'><strong>de</strong></span> <span class='ocrx_word' id='word_1_135' title='bbox 1079 2164 1353 2247; x_wconf 85' lang='lat' dir='ltr'><strong>Regnon</strong></span> <span class='ocrx_word' id='word_1_136' title='bbox 1398 2163 1741 2247; x_wconf 83' lang='lat' dir='ltr'><strong>praecipue</strong></span> <span class='ocrx_word' id='word_1_137' title='bbox 1787 2164 1854 2228; x_wconf 91' lang='lat' dir='ltr'><strong>in</strong></span> <span class='ocrx_word' id='word_1_138' title='bbox 1905 2185 2006 2242; x_wconf 90' lang='lat' dir='ltr'><strong>e0,</strong></span> <span class='ocrx_word' id='word_1_139' title='bbox 2066 2164 2234 2247; x_wconf 93' lang='lat' dir='ltr'><strong>quod</strong></span> <span class='ocrx_word' id='word_1_140' title='bbox 2290 2163 2437 2227; x_wconf 91' lang='lat' dir='ltr'><strong>inde</strong></span> <span class='ocrx_word' id='word_1_141' title='bbox 2482 2164 2562 2227; x_wconf 90' lang='lat' dir='ltr'><strong>ab</strong></span> <span class='ocrx_word' id='word_1_142' title='bbox 2621 2186 2792 2228; x_wconf 90' lang='lat' dir='ltr'><strong>anno</strong></span> <span class='ocrx_word' id='word_1_143' title='bbox 2840 2165 2972 2227; x_wconf 85' lang='grc'><strong>865</strong></span> 
     </span>
     <span class='ocr_line' id='line_1_19' title="bbox 659 2260 2973 2344; baseline -0 -20"><span class='ocrx_word' id='word_1_144' title='bbox 659 2260 961 2325; x_wconf 88' lang='lat' dir='ltr'><strong>Nicolaus</strong></span> <span class='ocrx_word' id='word_1_145' title='bbox 1015 2262 1505 2343; x_wconf 86' lang='lat' dir='ltr'><strong>proclamaverit</strong></span> <span class='ocrx_word' id='word_1_146' title='bbox 1564 2260 1723 2325; x_wconf 89' lang='lat' dir='ltr'><strong>illud</strong></span> <span class='ocrx_word' id='word_1_147' title='bbox 1781 2261 2194 2344; x_wconf 86' lang='lat' dir='ltr'><strong>principium,</strong></span> <span class='ocrx_word' id='word_1_148' title='bbox 2258 2282 2475 2325; x_wconf 87' lang='lat' dir='ltr'><strong>causas</strong></span> <span class='ocrx_word' id='word_1_149' title='bbox 2531 2263 2973 2344; x_wconf 88' lang='lat' dir='ltr'><strong>episcoporum</strong></span> 
     </span>
     <span class='ocr_line' id='line_1_20' title="bbox 659 2356 2974 2442; baseline -0 -21"><span class='ocrx_word' id='word_1_150' title='bbox 659 2379 795 2421; x_wconf 89' lang='lat' dir='ltr'><strong>esse</strong></span> <span class='ocrx_word' id='word_1_151' title='bbox 842 2359 1145 2439; x_wconf 78' lang='lat' dir='ltr'><strong>majoreS,</strong></span> <span class='ocrx_word' id='word_1_152' title='bbox 1206 2361 1271 2420; x_wconf 90' lang='lat' dir='ltr'><strong>et</strong></span> <span class='ocrx_word' id='word_1_153' title='bbox 1315 2358 1455 2421; x_wconf 90' lang='lat' dir='ltr'><strong>sine</strong></span> <span class='ocrx_word' id='word_1_154' title='bbox 1502 2380 1819 2423; x_wconf 88' lang='lat' dir='ltr'><strong>consensu</strong></span> <span class='ocrx_word' id='word_1_155' title='bbox 1864 2356 2142 2421; x_wconf 83' lang='lat' dir='ltr'><strong>Romani</strong></span> <span class='ocrx_word' id='word_1_156' title='bbox 2189 2356 2521 2421; x_wconf 89' lang='lat' dir='ltr'><strong>Pontificis</strong></span> <span class='ocrx_word' id='word_1_157' title='bbox 2582 2379 2689 2422; x_wconf 93' lang='lat' dir='ltr'><strong>eos</strong></span> <span class='ocrx_word' id='word_1_158' title='bbox 2737 2358 2974 2442; x_wconf 83' lang='lat' dir='ltr'><strong>deponi</strong></span> 
     </span>
     <span class='ocr_line' id='line_1_21' title="bbox 660 2452 2975 2538; baseline 0 -20"><span class='ocrx_word' id='word_1_159' title='bbox 660 2476 794 2519; x_wconf 92' lang='lat' dir='ltr'><strong>non</strong></span> <span class='ocrx_word' id='word_1_160' title='bbox 851 2455 1148 2537; x_wconf 90' lang='lat' dir='ltr'><strong>potuisse.</strong></span> <span class='ocrx_word' id='word_1_161' title='bbox 1242 2452 1479 2519; x_wconf 85' lang='lat' dir='ltr'><strong>Censet</strong></span> <span class='ocrx_word' id='word_1_162' title='bbox 1541 2454 1862 2533; x_wconf 78' lang='lat' dir='ltr'><strong>videlicet,</strong></span> <span class='ocrx_word' id='word_1_163' title='bbox 1928 2475 2127 2538; x_wconf 89' lang='lat' dir='ltr'><strong>quum</strong></span> <span class='ocrx_word' id='word_1_164' title='bbox 2187 2453 2546 2519; x_wconf 83' lang='lat' dir='ltr'><strong>Rothadius</strong></span> <span class='ocrx_word' id='word_1_165' title='bbox 2607 2477 2780 2520; x_wconf 90' lang='lat' dir='ltr'><strong>anno</strong></span> <span class='ocrx_word' id='word_1_166' title='bbox 2843 2455 2975 2518; x_wconf 86' lang='lat'><strong>864</strong></span> 
     </span>
     <span class='ocr_line' id='line_1_22' title="bbox 657 2549 2975 2629; baseline 0 -13"><span class='ocrx_word' id='word_1_167' title='bbox 657 2550 927 2616; x_wconf 84' lang='lat' dir='ltr'><strong>Romam</strong></span> <span class='ocrx_word' id='word_1_168' title='bbox 1002 2551 1307 2629; x_wconf 75' lang='lat' dir='ltr'><strong>venisset,</strong></span> <span class='ocrx_word' id='word_1_169' title='bbox 1376 2549 1642 2617; x_wconf 91' lang='lat' dir='ltr'><strong>Nicolao</strong></span> <span class='ocrx_word' id='word_1_170' title='bbox 1709 2549 2372 2616; x_wconf 87' lang='lat' dir='ltr'><strong>Pseudo-Decretales</strong></span> <span class='ocrx_word' id='word_1_171' title='bbox 2436 2553 2825 2629; x_wconf 86' lang='lat' dir='ltr'><strong>innotuisse,</strong></span> <span class='ocrx_word' id='word_1_172' title='bbox 2907 2550 2975 2616; x_wconf 72' lang='lat' dir='ltr'><strong>et</strong></span> 
     </span>
     <span class='ocr_line' id='line_1_23' title="bbox 659 2647 2976 2732; baseline 0.001 -20"><span class='ocrx_word' id='word_1_173' title='bbox 659 2650 809 2713; x_wconf 91' lang='lat' dir='ltr'><strong>inde</strong></span> <span class='ocrx_word' id='word_1_174' title='bbox 859 2648 941 2711; x_wconf 89' lang='lat' dir='ltr'><strong>ab</strong></span> <span class='ocrx_word' id='word_1_175' title='bbox 999 2669 1171 2711; x_wconf 90' lang='lat' dir='ltr'><strong>anno</strong></span> <span class='ocrx_word' id='word_1_176' title='bbox 1221 2649 1380 2724; x_wconf 83' lang='lat'>865,</span> <span class='ocrx_word' id='word_1_177' title='bbox 1446 2671 1574 2732; x_wconf 91' lang='lat' dir='ltr'><strong>quo</strong></span> <span class='ocrx_word' id='word_1_178' title='bbox 1639 2650 1975 2732; x_wconf 87' lang='lat' dir='ltr'><strong>epistolam</strong></span> <span class='ocrx_word' id='word_1_179' title='bbox 2034 2648 2208 2712; x_wconf 89' lang='lat' dir='ltr'><strong>dedit</strong></span> <span class='ocrx_word' id='word_1_180' title='bbox 2261 2649 2339 2712; x_wconf 89' lang='lat' dir='ltr'><strong>ad</strong></span> <span class='ocrx_word' id='word_1_181' title='bbox 2386 2647 2742 2713; x_wconf 82' lang='lat' dir='ltr'><strong>Concilium</strong></span> <span class='ocrx_word' id='word_1_182' title='bbox 2789 2648 2976 2714; x_wconf 84' lang='lat' dir='ltr'><strong>Sues·</strong></span> 
     </span>
     <span class='ocr_line' id='line_1_24' title="bbox 657 2743 2971 2830; baseline 0.001 -22"><span class='ocrx_word' id='word_1_183' title='bbox 657 2746 981 2821; x_wconf 87' lang='lat' dir='ltr'><strong>sionense‚</strong></span> <span class='ocrx_word' id='word_1_184' title='bbox 1050 2766 1191 2808; x_wconf 91' lang='lat' dir='ltr'><strong>eum</strong></span> <span class='ocrx_word' id='word_1_185' title='bbox 1256 2743 2000 2810; x_wconf 88' lang='lat' dir='ltr'><strong>Pseudo-Decretalium</strong></span> <span class='ocrx_word' id='word_1_186' title='bbox 2066 2747 2238 2828; x_wconf 86' lang='lat' dir='ltr'><strong>leges</strong></span> <span class='ocrx_word' id='word_1_187' title='bbox 2300 2745 2632 2828; x_wconf 83' lang='lat' dir='ltr'><strong>adoptasse</strong></span> <span class='ocrx_word' id='word_1_188' title='bbox 2697 2751 2762 2810; x_wconf 89' lang='lat' dir='ltr'><strong>et</strong></span> <span class='ocrx_word' id='word_1_189' title='bbox 2830 2769 2971 2830; x_wconf 90' lang='lat' dir='ltr'><strong>pro-</strong></span> 
     </span>
     <span class='ocr_line' id='line_1_25' title="bbox 660 2840 2971 2926; baseline 0.001 -21"><span class='ocrx_word' id='word_1_190' title='bbox 660 2842 989 2906; x_wconf 86' lang='lat' dir='ltr'><strong>clamasse.</strong></span> <span class='ocrx_word' id='word_1_191' title='bbox 1101 2841 1223 2905; x_wconf 79' lang='lat' dir='ltr'><strong>Sed</strong></span> <span class='ocrx_word' id='word_1_192' title='bbox 1283 2841 1746 2907; x_wconf 86' lang='lat' dir='ltr'><strong>advertendum</strong></span> <span class='ocrx_word' id='word_1_193' title='bbox 1806 2848 1932 2918; x_wconf 91' lang='lat' dir='ltr'><strong>est,</strong></span> <span class='ocrx_word' id='word_1_194' title='bbox 1995 2843 2135 2926; x_wconf 84' lang='lat' dir='ltr'><strong>jam</strong></span> <span class='ocrx_word' id='word_1_195' title='bbox 2199 2845 2548 2925; x_wconf 83' lang='lat' dir='ltr'><strong>antequam</strong></span> <span class='ocrx_word' id='word_1_196' title='bbox 2611 2840 2971 2907; x_wconf 88' lang='lat' dir='ltr'><strong>Rothadius</strong></span> 
     </span>
     <span class='ocr_line' id='line_1_26' title="bbox 662 2937 2972 3016; baseline 0 -15"><span class='ocrx_word' id='word_1_197' title='bbox 662 2937 932 3002; x_wconf 85' lang='lat' dir='ltr'><strong>Romam</strong></span> <span class='ocrx_word' id='word_1_198' title='bbox 997 2938 1305 3016; x_wconf 81' lang='lat' dir='ltr'><strong>venisset,</strong></span> <span class='ocrx_word' id='word_1_199' title='bbox 1377 2939 1565 3002; x_wconf 88' lang='lat' dir='ltr'><strong>annis</strong></span> <span class='ocrx_word' id='word_1_200' title='bbox 1628 2941 1756 3004; x_wconf 83' lang='lat'><strong>863</strong></span> <span class='ocrx_word' id='word_1_201' title='bbox 1821 2945 1888 3004; x_wconf 91' lang='lat' dir='ltr'><strong>et</strong></span> <span class='ocrx_word' id='word_1_202' title='bbox 1953 2940 2107 3012; x_wconf 85' lang='grc'>864,</span> <span class='ocrx_word' id='word_1_203' title='bbox 2173 2960 2209 3001; x_wconf 91' lang='lat' dir='ltr'><strong>a</strong></span> <span class='ocrx_word' id='word_1_204' title='bbox 2274 2937 2538 3002; x_wconf 91' lang='lat' dir='ltr'><strong>Nicolao</strong></span> <span class='ocrx_word' id='word_1_205' title='bbox 2609 2939 2677 3002; x_wconf 92' lang='lat' dir='ltr'><strong>in</strong></span> <span class='ocrx_word' id='word_1_206' title='bbox 2737 2939 2972 3003; x_wconf 89' lang='lat' dir='ltr'><strong>litteris</strong></span> 
     </span>
     <span class='ocr_line' id='line_1_27' title="bbox 658 3035 2973 3119; baseline 0.001 -21"><span class='ocrx_word' id='word_1_207' title='bbox 658 3035 792 3099; x_wconf 89' lang='lat' dir='ltr'><strong>suis</strong></span> <span class='ocrx_word' id='word_1_208' title='bbox 852 3035 1040 3113; x_wconf 88' lang='lat' dir='ltr'><strong>edici,</strong></span> <span class='ocrx_word' id='word_1_209' title='bbox 1106 3037 1430 3119; x_wconf 89' lang='lat' dir='ltr'><strong>episcopos</strong></span> <span class='ocrx_word' id='word_1_210' title='bbox 1488 3037 1626 3099; x_wconf 91' lang='lat' dir='ltr'><strong>sine</strong></span> <span class='ocrx_word' id='word_1_211' title='bbox 1689 3057 2008 3101; x_wconf 88' lang='lat' dir='ltr'><strong>consensu</strong></span> <span class='ocrx_word' id='word_1_212' title='bbox 2074 3035 2407 3099; x_wconf 87' lang='lat' dir='ltr'><strong>Pontificis</strong></span> <span class='ocrx_word' id='word_1_213' title='bbox 2469 3056 2602 3098; x_wconf 92' lang='lat' dir='ltr'><strong>non</strong></span> <span class='ocrx_word' id='word_1_214' title='bbox 2665 3057 2804 3099; x_wconf 91' lang='lat' dir='ltr'><strong>esse</strong></span> <span class='ocrx_word' id='word_1_215' title='bbox 2865 3036 2973 3100; x_wconf 91' lang='lat' dir='ltr'><strong>de-</strong></span> 
     </span>
     <span class='ocr_line' id='line_1_28' title="bbox 662 3130 2971 3215; baseline 0 -20"><span class='ocrx_word' id='word_1_216' title='bbox 662 3131 1020 3214; x_wconf 86' lang='lat' dir='ltr'><strong>ponendos,</strong></span> <span class='ocrx_word' id='word_1_217' title='bbox 1089 3137 1154 3196; x_wconf 91' lang='lat' dir='ltr'><strong>et</strong></span> <span class='ocrx_word' id='word_1_218' title='bbox 1218 3133 1297 3196; x_wconf 92' lang='lat' dir='ltr'><strong>ad</strong></span> <span class='ocrx_word' id='word_1_219' title='bbox 1343 3131 1585 3197; x_wconf 52' lang='lat' dir='ltr'><strong>‘Sedem</strong></span> <span class='ocrx_word' id='word_1_220' title='bbox 1650 3132 2090 3215; x_wconf 89' lang='lat' dir='ltr'><strong>Apostolicam</strong></span> <span class='ocrx_word' id='word_1_221' title='bbox 2156 3153 2267 3215; x_wconf 86' lang='lat' dir='ltr'><strong>pro</strong></span> <span class='ocrx_word' id='word_1_222' title='bbox 2329 3130 2659 3195; x_wconf 87' lang='lat' dir='ltr'><strong>definitiva</strong></span> <span class='ocrx_word' id='word_1_223' title='bbox 2720 3136 2971 3195; x_wconf 90' lang='lat' dir='ltr'><strong>senten-</strong></span> 
     </span>
     <span class='ocr_line' id='line_1_29' title="bbox 660 3228 2969 3311; baseline 0.001 -22"><span class='ocrx_word' id='word_1_224' title='bbox 660 3228 755 3290; x_wconf 90' lang='lat' dir='ltr'><strong>tia</strong></span> <span class='ocrx_word' id='word_1_225' title='bbox 799 3229 1254 3292; x_wconf 88' lang='lat' dir='ltr'><strong>recurrendum</strong></span> <span class='ocrx_word' id='word_1_226' title='bbox 1310 3251 1483 3306; x_wconf 85' lang='lat' dir='ltr'><strong>esse,</strong></span> <span class='ocrx_word' id='word_1_227' title='bbox 1546 3229 1743 3293; x_wconf 89' lang='lat' dir='ltr'><strong>etiam</strong></span> <span class='ocrx_word' id='word_1_228' title='bbox 1804 3229 1854 3292; x_wconf 89' lang='lat' dir='ltr'><strong>si</strong></span> <span class='ocrx_word' id='word_1_229' title='bbox 1912 3228 2256 3311; x_wconf 88' lang='lat' dir='ltr'><strong>appellatio</strong></span> <span class='ocrx_word' id='word_1_230' title='bbox 2319 3249 2454 3292; x_wconf 91' lang='lat' dir='ltr'><strong>non</strong></span> <span class='ocrx_word' id='word_1_231' title='bbox 2515 3228 2969 3293; x_wconf 86' lang='lat' dir='ltr'><strong>intercesserit.</strong></span> 
     </span>
     <span class='ocr_line' id='line_1_30' title="bbox 663 3322 2971 3408; baseline 0.001 -22"><span class='ocrx_word' id='word_1_232' title='bbox 663 3325 879 3407; x_wconf 85' lang='lat' dir='ltr'><strong>Atque</strong></span> <span class='ocrx_word' id='word_1_233' title='bbox 924 3325 1077 3408; x_wconf 86' lang='lat' dir='ltr'><strong>ipsis</strong></span> <span class='ocrx_word' id='word_1_234' title='bbox 1125 3323 1483 3389; x_wconf 76' lang='lat' dir='ltr'><strong>canonibus</strong></span> <span class='ocrx_word' id='word_1_235' title='bbox 1527 3322 2042 3403; x_wconf 67' lang='lat' dir='ltr'><strong>Sardice‘nsibzw,</strong></span> <span class='ocrx_word' id='word_1_236' title='bbox 2096 3325 2206 3408; x_wconf 91' lang='lat' dir='ltr'><strong>qui</strong></span> <span class='ocrx_word' id='word_1_237' title='bbox 2254 3323 2333 3386; x_wconf 90' lang='lat' dir='ltr'><strong>ab</strong></span> <span class='ocrx_word' id='word_1_238' title='bbox 2381 3324 2761 3388; x_wconf 86' lang='lat' dir='ltr'><strong>adversariis</strong></span> <span class='ocrx_word' id='word_1_239' title='bbox 2803 3329 2971 3388; x_wconf 88' lang='lat' dir='ltr'><strong>tam-</strong></span> 
     </span>
     <span class='ocr_line' id='line_1_31' title="bbox 663 3419 2973 3506; baseline 0.001 -23"><span class='ocrx_word' id='word_1_240' title='bbox 663 3442 854 3503; x_wconf 92' lang='lat' dir='ltr'><strong>quam</strong></span> <span class='ocrx_word' id='word_1_241' title='bbox 902 3422 1166 3506; x_wconf 82' lang='lat' dir='ltr'><strong>regulae</strong></span> <span class='ocrx_word' id='word_1_242' title='bbox 1222 3422 1596 3505; x_wconf 90' lang='lat' dir='ltr'><strong>disciplinae</strong></span> <span class='ocrx_word' id='word_1_243' title='bbox 1659 3422 1943 3487; x_wconf 85' lang='lat' dir='ltr'><strong>diversae</strong></span> <span class='ocrx_word' id='word_1_244' title='bbox 2007 3421 2425 3498; x_wconf 81' lang='lat' dir='ltr'><strong>exhibentur,</strong></span> <span class='ocrx_word' id='word_1_245' title='bbox 2490 3419 2797 3485; x_wconf 89' lang='lat' dir='ltr'><strong>Nicolaus</strong></span> <span class='ocrx_word' id='word_1_246' title='bbox 2845 3444 2973 3485; x_wconf 90' lang='lat' dir='ltr'><strong>ma·</strong></span> 
     </span>
     <span class='ocr_line' id='line_1_32' title="bbox 661 3517 1142 3583; baseline 0.006 -4"><span class='ocrx_word' id='word_1_247' title='bbox 661 3517 832 3581; x_wconf 85' lang='lat' dir='ltr'><strong>xime</strong></span> <span class='ocrx_word' id='word_1_248' title='bbox 878 3518 1142 3583; x_wconf 87' lang='lat' dir='ltr'><strong>insistit.</strong></span> 
     </span>
    </p>
   </div>
   <div class='ocr_carea' id='block_1_4' title="bbox 325 3665 2972 3946">
    <p class='ocr_par' dir='ltr' id='par_1_4' title="bbox 325 3665 2972 3946">
     <span class='ocr_line' id='line_1_33' title="bbox 325 3665 2971 3749; baseline -0.002 -18"><span class='ocrx_word' id='word_1_249' title='bbox 325 3679 642 3749; x_wconf 48' lang='lat' dir='ltr'><strong>Nititurcaqo-</strong></span> <span class='ocrx_word' id='word_1_250' title='bbox 841 3667 947 3730; x_wconf 83' lang='lat'><strong>92.</strong></span> <span class='ocrx_word' id='word_1_251' title='bbox 995 3666 1194 3730; x_wconf 90' lang='lat' dir='ltr'><strong>Anno</strong></span> <span class='ocrx_word' id='word_1_252' title='bbox 1227 3667 1373 3744; x_wconf 84' lang='lat'><strong>863,</strong></span> <span class='ocrx_word' id='word_1_253' title='bbox 1421 3666 1718 3731; x_wconf 82' lang='lat' dir='ltr'><strong>videlicet</strong></span> <span class='ocrx_word' id='word_1_254' title='bbox 1762 3669 1907 3749; x_wconf 89' lang='lat' dir='ltr'><strong>post</strong></span> <span class='ocrx_word' id='word_1_255' title='bbox 1953 3665 2411 3749; x_wconf 87' lang='lat' dir='ltr'><strong>depositionem</strong></span> <span class='ocrx_word' id='word_1_256' title='bbox 2448 3665 2770 3741; x_wconf 83' lang='lat' dir='ltr'><strong>Rothadii‚</strong></span> <span class='ocrx_word' id='word_1_257' title='bbox 2818 3665 2971 3729; x_wconf 90' lang='lat' dir='ltr'><strong>scri-</strong></span> 
     </span>
     <span class='ocr_line' id='line_1_34' title="bbox 354 3741 2972 3853; baseline -0.002 -24"><span class='ocrx_word' id='word_1_258' title='bbox 354 3741 619 3853; x_wconf 47' lang='lat' dir='ltr'><strong>¹¹¹b21¹312¹²tb</strong></span> <span class='ocrx_word' id='word_1_259' title='bbox 666 3763 793 3847; x_wconf 90' lang='lat' dir='ltr'><strong>psit</strong></span> <span class='ocrx_word' id='word_1_260' title='bbox 859 3764 1164 3828; x_wconf 88' lang='lat' dir='ltr'><strong>Pontifex</strong></span> <span class='ocrx_word' id='word_1_261' title='bbox 1239 3763 1318 3827; x_wconf 90' lang='lat' dir='ltr'><strong>ad</strong></span> <span class='ocrx_word' id='word_1_262' title='bbox 1385 3765 1712 3848; x_wconf 90' lang='lat' dir='ltr'><strong>episcopos</strong></span> <span class='ocrx_word' id='word_1_263' title='bbox 1787 3762 1898 3846; x_wconf 93' lang='lat' dir='ltr'><strong>qui</strong></span> <span class='ocrx_word' id='word_1_264' title='bbox 1971 3764 2042 3827; x_wconf 91' lang='lat' dir='ltr'><strong>in</strong></span> <span class='ocrx_word' id='word_1_265' title='bbox 2113 3766 2433 3827; x_wconf 85' lang='lat' dir='ltr'><strong>conventu</strong></span> <span class='ocrx_word' id='word_1_266' title='bbox 2505 3760 2972 3828; x_wconf 84' lang='lat' dir='ltr'><strong>Silvanectensi</strong></span> 
     </span>
     <span class='ocr_line' id='line_1_35' title="bbox 666 3856 2972 3946; baseline -0.001 -22"><span class='ocrx_word' id='word_1_267' title='bbox 666 3866 732 3924; x_wconf 92' lang='lat' dir='ltr'><strong>et</strong></span> <span class='ocrx_word' id='word_1_268' title='bbox 794 3858 1241 3925; x_wconf 83' lang='lat' dir='ltr'><strong>Suessionensi</strong></span> <span class='ocrx_word' id='word_1_269' title='bbox 1304 3883 1449 3925; x_wconf 90' lang='lat' dir='ltr'><strong>eum</strong></span> <span class='ocrx_word' id='word_1_270' title='bbox 1509 3860 1984 3946; x_wconf 88' lang='lat' dir='ltr'><strong>judicaverant:</strong></span> <span class='ocrx_word' id='word_1_271' title='bbox 2056 3856 2377 3940; x_wconf 73' lang='lat' dir='ltr'><strong>Iynorare</strong></span> <span class='ocrx_word' id='word_1_272' title='bbox 2447 3861 2664 3922; x_wconf 78' lang='lat' dir='ltr'><strong>autem</strong></span> <span class='ocrx_word' id='word_1_273' title='bbox 2728 3857 2972 3940; x_wconf 79' lang='lat' dir='ltr'><strong>frater-</strong></span> 
     </span>
    </p>
   </div>
   <div class='ocr_carea' id='block_1_5' title="bbox 678 4003 1082 4010">
    <p class='ocr_par' dir='ltr' id='par_1_5' title="bbox 678 4003 1082 4010">
     <span class='ocr_line' id='line_1_36' title="bbox 678 4003 1082 4010; baseline 0 1018"><span class='ocrx_word' id='word_1_274' title='bbox 678 4003 1082 4010; x_wconf 95' lang='lat' dir='ltr'><strong> </strong></span> 
     </span>
    </p>
   </div>
   <div class='ocr_carea' id='block_1_6' title="bbox 843 4066 2663 4215">
    <p class='ocr_par' dir='ltr' id='par_1_6' title="bbox 843 4066 2663 4215">
     <span class='ocr_line' id='line_1_37' title="bbox 845 4066 2663 4141; baseline -0.001 -21"><span class='ocrx_word' id='word_1_275' title='bbox 845 4068 886 4133; x_wconf 85' lang='lat'><strong>1)</strong></span> <span class='ocrx_word' id='word_1_276' title='bbox 925 4068 1131 4122; x_wconf 80' lang='lat' dir='ltr'><strong>Etudes</strong></span> <span class='ocrx_word' id='word_1_277' title='bbox 1168 4067 1326 4135; x_wconf 85' lang='lat' dir='ltr'><strong>relig.</strong></span> <span class='ocrx_word' id='word_1_278' title='bbox 1369 4069 1522 4122; x_wconf 87' lang='lat'><strong>1870.</strong></span> <span class='ocrx_word' id='word_1_279' title='bbox 1559 4084 1612 4134; x_wconf 88' lang='lat' dir='ltr'><strong>p.</strong></span> <span class='ocrx_word' id='word_1_280' title='bbox 1653 4071 1734 4120; x_wconf 90' lang='lat'><strong>77.</strong></span> <span class='ocrx_word' id='word_1_281' title='bbox 1775 4067 1882 4122; x_wconf 88' lang='lat' dir='ltr'><strong>Les</strong></span> <span class='ocrx_word' id='word_1_282' title='bbox 1919 4067 2132 4120; x_wconf 85' lang='lat' dir='ltr'><strong>fausses</strong></span> <span class='ocrx_word' id='word_1_283' title='bbox 2172 4066 2492 4120; x_wconf 79' lang='lat' dir='ltr'><strong>decretales.</strong></span> <span class='ocrx_word' id='word_1_284' title='bbox 2660 4140 2663 4141; x_wconf 16' lang='lat'><em>⁷</em></span> 
     </span>
     <span class='ocr_line' id='line_1_38' title="bbox 843 4143 2604 4215; baseline -0.002 -13"><span class='ocrx_word' id='word_1_285' title='bbox 843 4147 886 4215; x_wconf 84' lang='grc'><strong>2)</strong></span> <span class='ocrx_word' id='word_1_286' title='bbox 928 4147 984 4201; x_wconf 84' lang='lat' dir='ltr'><strong>C.</strong></span> <span class='ocrx_word' id='word_1_287' title='bbox 1026 4147 1088 4202; x_wconf 88' lang='lat' dir='ltr'><strong>G.</strong></span> <span class='ocrx_word' id='word_1_288' title='bbox 1127 4148 1189 4201; x_wconf 89' lang='lat' dir='ltr'><strong>B.</strong></span> <span class='ocrx_word' id='word_1_289' title='bbox 1228 4147 1323 4200; x_wconf 90' lang='lat' dir='ltr'><strong>IV.</strong></span> <span class='ocrx_word' id='word_1_290' title='bbox 1364 4147 1413 4214; x_wconf 64' lang='grc' dir='ltr'><strong>ς.</strong></span> <span class='ocrx_word' id='word_1_291' title='bbox 1450 4149 1572 4200; x_wconf 81' lang='grc'><strong>472.</strong></span> <span class='ocrx_word' id='word_1_292' title='bbox 1891 4144 1936 4214; x_wconf 78' lang='lat'><strong>⁸)</strong></span> <span class='ocrx_word' id='word_1_293' title='bbox 1973 4146 2043 4199; x_wconf 90' lang='lat' dir='ltr'><strong>K.</strong></span> <span class='ocrx_word' id='word_1_294' title='bbox 2083 4146 2146 4201; x_wconf 79' lang='lat' dir='ltr'><strong>G.</strong></span> <span class='ocrx_word' id='word_1_295' title='bbox 2186 4143 2234 4213; x_wconf 67' lang='grc' dir='ltr'><strong>ξ.</strong></span> <span class='ocrx_word' id='word_1_296' title='bbox 2274 4148 2359 4199; x_wconf 85' lang='grc'><strong>80.</strong></span> <span class='ocrx_word' id='word_1_297' title='bbox 2397 4145 2446 4200; x_wconf 89' lang='lat' dir='ltr'><strong>S.</strong></span> <span class='ocrx_word' id='word_1_298' title='bbox 2484 4147 2604 4200; x_wconf 81' lang='lat'><strong>273.</strong></span> 
     </span>
    </p>
   </div>
  </div>
 </body>
</html>
