3270 5028
942 425 1189 479 Eventus
1227 428 1352 492 post
1389 423 1687 476 Concilium
1727 438 1836 477 oec.
1865 423 2023 476 VIII.
2537 426 2640 476 419
2716 469 2719 474 .

329 591 447 633 nec
502 572 750 631 tantam
814 566 1030 630 Photii
1092 566 1501 649 iniquitatem
1565 587 1946 648 supponere.
2010 601 2096 634 -,-
2158 566 2405 629 Motiva
2471 587 2637 647 quae

328 664 648 729 Joannem
710 663 786 728 ad
851 662 1281 727 oeconomiam
1341 662 1783 745 indulgentiae
1843 669 1909 726 et
1964 662 2457 745 dispensationis
2521 661 2634 724 ad·
2654 660 2973 765 Rssffgffiffigffi

326 762 557 825 ducere
602 764 934 844 poterant,
989 759 1145 823 haec
1191 763 1397 823 erant.
1502 758 1824 842 IgnatiuS,
1877 758 2240 840 patriarcha
2289 757 2634 841 legitimus,
2920 753 2930 764 ’

328 860 451 922 hac
508 858 642 921 vita
709 858 973 922 functus
1032 860 1197 934 erat,
1266 857 1549 939 adeoque
1616 854 1886 919 Photius
1955 854 2127 918 haud
2191 876 2325 918 sese
2391 856 2638 938 ingere·

327 956 442 1019 bat
506 959 582 1017 ut
649 956 994 1035 usurpator
1057 952 1129 1015 in
1200 952 1529 1017 ecclesiam
1596 951 1871 1035 episcopi
1940 951 2210 1035 alicujus
2279 950 2484 1014 adhuc
2548 951 2637 1014 vi·

329 1052 558 1120 ventis,
662 1049 1039 1114 Eruditione
1095 1049 1426 1130 omnisque
1484 1048 1742 1132 generis
1801 1047 2073 1111 scientia
2131 1051 2326 1130 atque
2388 1048 2641 1112 cultura

328 1148 600 1212 Photius
645 1168 796 1229 prae
842 1146 1140 1210 omnibus
1184 1144 1624 1209 Orientalibus
1672 1144 2054 1225 excellebat3
2103 1164 2455 1228 permagna
2502 1149 2642 1207 erat

330 1243 676 1308 multitudo
732 1243 1073 1307 amicorum
1139 1243 1303 1326 ejuS,
1363 1247 1559 1324 atque
1617 1240 1813 1304 etiam
1861 1240 2143 1305 maxima
2199 1262 2346 1324 pars
2402 1241 2639 1323 episco-

329 1363 557 1425 porum
604 1340 1014 1404 orientalium
1060 1340 1196 1421 jam
1241 1343 1457 1421 partes
1503 1338 1706 1421 ipsius
1754 1328 2217 1420 sequebantur,
2266 1337 2452 1420 pauci
2498 1340 2641 1401 tan-

319 1444 468 1502 tum
529 1437 937 1500 resistebant.
1044 1438 1101 1497 A
1165 1434 1541 1519 patriarchis
1602 1434 2023 1498 orientalibus
2086 1456 2225 1497 eum
2278 1435 2414 1517 jam
2462 1434 2640 1517 agni-

328 1540 467 1599 tum
535 1556 695 1609 esse,
766 1532 1134 1597 testabatur
1210 1533 1589 1615 Imperator,
1659 1530 1943 1614 adeoque
2010 1530 2312 1594 universo
2385 1528 2639 1594 Orienti

326 1631 763 1695 consentienti
842 1630 1254 1693 resisteretne
1331 1651 1499 1692 unus
1572 1627 1920 1692 Pontifex?
2021 1628 2302 1691 Nonnisi
2376 1628 2641 1691 restitu-

325 1729 505 1791 tione
573 1726 788 1789 Photii
857 1725 1153 1790 ecclesiae
1220 1724 1518 1788 orientali
1586 1746 1712 1807 pax
1781 1722 1956 1787 reddi
2025 1744 2208 1806 posse
2275 1723 2678 1806 videbatur3‘

325 1848 401 1888 eo
468 1826 706 1906 rejecto
776 1822 1154 1886 imminebat
1218 1821 1435 1885 scissio
1499 1821 1770 1885 funesta.
1881 1820 2048 1884 Nam
2112 1843 2303 1904 quum
2362 1820 2639 1885 Basilius

333 1920 633 1984 Photium
697 1924 1021 1996 tueretur,
1087 1920 1140 1983 is
1203 1919 1397 1983 etiam
1468 1921 1691 1982 contra
1752 1916 1930 1982 Sedis
1992 1918 2397 2002 Apostolicae
2459 1940 2640 1982 man-

327 2017 481 2079 data
524 2018 592 2079 in
638 2015 785 2080 sede
826 2014 1090 2079 OPtana
1138 2016 1581 2090 remansisset,
1640 2018 1835 2096 atque
1895 2014 1986 2077 ita
2043 2016 2444 2097 separatione
2493 2037 2641 2079 con-

329 2113 497 2177 fecta
565 2114 738 2178 omni
808 2112 1053 2176 influxu
1121 2114 1187 2176 in
1261 2111 1591 2176 Orientem
1667 2109 1997 2174 Romanus
2068 2110 2367 2176 Pontifex
2444 2112 2638 2176 desti-

330 2214 511 2272 tutus
553 2208 795 2273 fuisset.
873 2208 1250 2291 Imprudens
1296 2213 1630 2290 praeterea
1660 2228 1800 2270 esse
1844 2207 2197 2282 videbatur,
2245 2209 2383 2272 sine
2431 2210 2637 2273 omni-

331 2306 515 2369 moda
577 2305 956 2369 necessitate
1033 2304 1353 2368 offendere
1421 2302 1879 2386 Imperatorem
1950 2302 2257 2368 Basiliam
2331 2327 2405 2369 eo
2480 2311 2637 2370 tem-

325 2423 508 2484 pore,
571 2422 697 2482 quo
756 2400 1145 2464 occidentale
1210 2401 1550 2482 Imperium
1613 2400 1875 2464 omnino
1935 2400 2323 2477 declinabat,
2384 2403 2496 2467 sed
2558 2403 2638 2466 ab
2728 2425 2745 2442 ·

328 2496 609 2562 Orientis
658 2496 1051 2580 Imperatore
1111 2498 1351 2562 auxilia
1396 2502 1621 2561 contra
1669 2495 2131 2562 Saracenorum
2182 2499 2472 2564 incursus
2523 2522 2632 2564 ex-

323 2595 802 2678 spectabantur.
881 2596 1109 2675 Atque
1170 2593 1362 2656 etiam
1417 2593 1757 2677 privilegia
1813 2599 1887 2674 et,
1935 2595 2086 2677 jura
2144 2592 2321 2659 Sedis
2367 2596 2635 2679 Aposto-

325 2692 482 2755 licae
527 2686 816 2755 'roborari
863 2688 1266 2769 videbantur,
1314 2712 1511 2773 quum
1559 2691 1640 2753 ab
1685 2691 1823 2773 ipsa
1867 2690 2234 2755 Orientales
2282 2714 2417 2756 eam
2467 2699 2635 2777 pete-

323 2792 471 2851 rent
516 2787 1098 2864 confirmationem,
1156 2809 1279 2870 qua
1324 2786 1545 2850 Photii
1601 2787 2001 2868 episcopatus
2061 2787 2388 2870 legitimus
2435 2790 2634 2855 fieret.

323 2921 409 2927 ——
441 2884 781 2948 Caeterum
830 2905 904 2946 ea
950 2887 1137 2947 erant
1184 2884 1438 2946 illorum
1475 2887 1838 2964 temporum
1885 2883 2191 2966 adjuncta
2239 2885 2634 2966 difficillima,

325 2987 399 3044 ut
445 2981 514 3042 in
562 2979 782 3043 multis
828 2981 1109 3063 negotiis
1153 2979 1613 3056 ecclesiasticiS,
1662 2983 1801 3041 tum
1851 2977 2058 3062 quoad
2104 3003 2205 3044 res
2252 2985 2391 3044 turn
2427 2984 2635 3065 quoad

324 3098 663 3160 personaS,
729 3098 1007 3140 canones
1064 3099 1194 3140 non
1266 3077 1488 3140 stricte
1546 3075 1872 3140 observari
1934 3082 2224 3159 possent,
2288 3078 2396 3142 sed
2456 3102 2635 3145 oeco-

324 3174 540 3237 nomia
599 3173 906 3257 quaedam
968 3173 1488 3255 dispensationis,
1544 3170 2001 3237 moderationis
2064 3177 2131 3238 et
2190 3175 2636 3259 indulgentiae

324 3269 686 3333 adhibenda
750 3269 1091 3334 videretur.
1204 3269 1395 3332 Hunc
1457 3291 1665 3332 rerum
1733 3273 1974 3333 statum
2038 3273 2404 3355 generalem
2466 3296 2636 3336 eum·

323 3367 596 3451 demque
662 3367 1097 3431 characterem
1159 3366 1569 3448 pontificatus
1630 3365 1906 3430 Joannis
1941 3365 2148 3446 VHI.,
2215 3369 2347 3451 ipse
2413 3369 2634 3435 Ponti-

323 3464 459 3539 fex,
518 3464 620 3527 cui
669 3465 1084 3547 caeteroquin
1131 3465 1314 3548 vigor
1373 3464 1569 3526 animi
1617 3468 1682 3527 et
1740 3452 1979 3548 magna
2024 3467 2287 3529 solertia
2332 3467 2398 3529 in
2446 3467 2636 3531 rebus

325 3560 623 3641 gerendis
684 3560 851 3623 haud
916 3560 1162 3635 deerat,
1228 3560 1527 3642 exprimit
1588 3560 1654 3623 in
1716 3561 1929 3644 aliqua
1991 3563 2258 3644 epistola
2318 3563 2632 3626 scribens:

328 3655 690 3720 Moderatio
752 3653 938 3719 Sedis
993 3655 1397 3737 Apostolicae
1461 3659 1520 3718 et
1586 3654 1980 3721 universalis
2039 3657 2364 3721 Ecclesiae
2423 3657 2632 3740 dispo-

324 3752 474 3816 sitio
542 3752 614 3816 in
677 3751 791 3815 hoc
845 3751 1208 3832 periculoso
1271 3757 1547 3833 tempore
1598 3773 1809 3833 paene
1873 3759 2104 3819 cuncta·
2167 3753 2633 3836 dispensatorie

325 3849 717 3914 moderanda
764 3848 1148 3931 compellitfl)

502 4075 543 4143 1)
586 4076 762 4142 Epist.
796 4078 865 4128 34
900 4076 969 4129 ad
997 4076 1255 4143 Auspert,
1293 4075 1610 4147 Mediolan,
1652 4076 1836 4131 Labbe
1864 4078 1958 4130 IX.
1987 4081 2070 4132 30.
2110 4110 2176 4116 —
2216 4079 2427 4133 Motiva
2461 4079 2631 4132 allata

325 4153 450 4207 vide
488 4169 572 4221 ap.
611 4155 1041 4222 Hergenrother,
1081 4154 1327 4220 PhotiuS,
1368 4155 1426 4208 Τ.
1466 4156 1541 4208 ΙΙ.
1580 4172 1630 4222 p.
1672 4158 1790 4208 381.

2320 4244 2416 4297 27*
