3270 5028
887 452 1133 505 Eventus
1171 457 1297 518 post
1336 451 1635 505 Concilium
1676 468 1786 505 occ.
1817 452 1972 505 VIII.
2486 457 2587 507 431

271 592 699 675 stantinopoli
744 591 1248 656 misericorditer
1292 596 1439 657 acta
1483 596 1669 671 sunt,
1720 590 2088 674 recipimus.
2180 592 2272 656 Et
2317 593 2375 657 si
2417 594 2590 675 forte

273 689 486 755 nostri
552 689 747 772 leyati
807 688 882 753 in
954 688 1170 753 eadem
1236 689 1475 770 synodo
1543 693 1771 754 contra
1844 688 2260 771 apostolicam
2325 711 2586 772 praece-

261 787 560 869 ptionem
604 789 900 868 efferunt,
962 806 1079 850 nos
1123 806 1236 850 nec
1284 785 1635 868 recipimus
1646 834 1663 865 ‚
1722 806 1836 850 nec
1877 784 2260 869 judicamus
2304 785 2588 870 alicujus

273 882 551 947 existere
593 881 950 962 firmitatis.

458 1017 602 1081 126.
658 1014 966 1079 Decrevit
1025 1014 1176 1077 dein
1223 1013 1536 1091 Joannes,
1597 1019 1671 1078 ut
1719 1013 2009 1077 Marinus
2057 1017 2415 1099 episcopua,
2477 1017 2766 1100 quiMarin}
2804 1019 2922 1072 lega·

273 1134 449 1176 anno
494 1113 620 1175 869
667 1112 841 1175 inter
898 1113 1145 1195 legatos
1203 1111 1445 1181 fuerat,
1503 1110 1688 1174 modo
1746 1133 1979 1174 novam
2038 1103 2426 1195 legationem
2482 1111 2589 1175 ob·
2728 1083 2808 1123 tm.

273 1210 428 1285 iret3
485 1210 754 1273 fortasse
799 1210 933 1292 ipse
979 1208 1317 1291 praecipue
1365 1206 1606 1270 Joanni
1656 1207 1970 1283 ostendit,
2018 1208 2224 1271 multa
2273 1207 2593 1273 Constan-

273 1306 547 1390 tinopoli
606 1306 773 1370 haud
830 1305 1290 1369 convenienter
1348 1307 1489 1367 acta
1544 1304 1755 1367 fuisse.
1859 1304 2051 1367 Haud
2098 1305 2390 1381 dubium,
2451 1305 2506 1369 ei
2556 1328 2593 1368 a

274 1403 591 1467 Pontifice
639 1402 1035 1466 commissum
1088 1423 1254 1483 esse,
1315 1408 1389 1464 ut
1442 1402 1842 1464 examinaret
1900 1402 2257 1465 accuratius
2305 1424 2380 1466 ea
2427 1424 2591 1485 quae

276 1499 840 1582 Constantinopoli
889 1501 1147 1581 peracta
1192 1498 1480 1573 fuerant,
1546 1503 1737 1581 atque
1783 1498 2179 1562 rescinderet
2224 1520 2385 1582 quae
2425 1500 2593 1582 juri-

276 1597 395 1658 bus
467 1600 533 1659 et
594 1595 913 1658 mandatis
984 1592 1164 1658 Sedis
1232 1594 1642 1677 Apostolicae
1712 1595 2036 1660 contraria
2108 1601 2323 1670 erant3
2403 1597 2592 1679 idque

275 1694 564 1776 profecto
623 1692 691 1755 in
751 1690 1002 1755 laudem
1058 1690 1330 1755 Joannis
1389 1698 1514 1766 est,
1577 1690 1750 1774 quod
1806 1692 1999 1756 talem
2057 1692 2265 1755 virum
2327 1692 2595 1776 elegerit

277 1812 427 1872 prae
465 1790 732 1852 caeteris
764 1789 1085 1864 idoneum,
1135 1788 1244 1871 qui
1296 1787 1550 1851 fraudes
1593 1786 1983 1852 Graecorum
2031 1788 2323 1855 dilueret.
2402 1789 2594 1853 Mari-

277 1907 401 1949 nus
433 1885 754 1968 profectus
787 1889 887 1948 est
914 1884 1563 1966 Constantinopolim,
1598 1889 1918 1967 quantum
1944 1884 2216 1963 videtur,
2244 1890 2593 1950 auctumno

275 1983 433 2046 anni
500 1982 660 2058 880,
725 1985 790 2045 et
851 1981 1141 2065 quamvis
1202 1980 1419 2070 hujus‘
1453 1981 1797 2064 legationis
1860 1981 2245 2046 documenta
2297 1982 2596 2065 specialia

277 2102 410 2143 non
458 2083 737 2157 exstent,
786 2099 929 2142 eum
977 2083 1195 2141 tamen
1241 2077 1558 2160 intrepide
1607 2099 1886 2150 ressuas
1934 2080 2223 2161 gessisse,
2273 2079 2595 2162 colligitur

277 2198 357 2239 ex
406 2176 676 2259 epistola
723 2196 915 2258 quam
953 2179 1175 2257 postea
1221 2172 1587 2256 Stephanus
1617 2173 1697 2237 V.
1747 2197 1800 2237 a.
1852 2175 1976 2237 885
2036 2175 2288 2257 scripsit
2335 2175 2415 2237 ad
2459 2173 2596 2238 Ba·-

277 2272 491 2335 silium
537 2271 1019 2354 Imperatorem.
1112 2269 1188 2333 In
1249 2269 1466 2334 eadem
1513 2272 1779 2354 loquens
1835 2271 1910 2335 de
1958 2270 2211 2335 Marino
2259 2272 2368 2355 qui
2416 2271 2591 2335 Pon-

277 2369 440 2433 tifex
490 2368 769 2440 obierat,
842 2388 914 2431 ac
974 2367 1357 2448 Imperatori
1400 2368 1794 2449 exprobrans
1859 2368 2185 2431 infensum
2251 2368 2450 2451 ipsius
2522 2369 2589 2430 in

279 2464 603 2528 Marinum
647 2465 966 2540 animum,
1028 2464 1201 2529 inter
1262 2463 1387 2528 alia
1442 2463 1696 2529 scribit:
1756 2460 1979 2544 Neque
2034 2462 2207 2528 enim
2263 2462 2378 2528 hoc
2434 2462 2589 2528 dici-

278 2581 424 2624 mus
483 2560 569 2624 ad
630 2564 813 2625 tuam
859 2558 1344 2640 contumeliam,
1407 2563 1466 2623 te
1521 2559 1694 2624 enim
1755 2560 1827 2625 in
1889 2560 2194 2625 universo
2255 2561 2404 2626 orbe
2449 2561 2590 2625 Deo

276 2656 578 2721 dilectum
616 2656 1095 2738 praedicamuS,
1145 2655 1254 2719 sed
1295 2660 1555 2721 tantum
1603 2656 1690 2721 ad
1720 2661 2015 2721 nostram
2050 2657 2484 2740 defensionem
2530 2661 2592 2721 et

279 2753 537 2818 Marini
593 2753 904 2835 majorem
959 2751 1275 2837 qloriam5
1340 2753 1453 2834 qui
1510 2753 1730 2818 eadem
1790 2753 1992 2818 sensit
2050 2757 2110 2816 et
2171 2754 2393 2835 sapuit
2446 2773 2590 2818 cum

267 2850 753 2932 praedecessore
799 2853 858 2913 et
904 2848 1154 2913 doctore
1193 2854 1414 2913 nostro
1460 2849 1867 2914 sanctissimo
1909 2849 2097 2930 Papa
2143 2848 2429 2914 Nicolao.
2499 2849 2591 2914 Et

276 2947 391 3027 qui
454 2947 610 3011 dum
663 2945 869 3010 voluit
927 2944 1278 3027 adimplere
1343 2966 1507 3026 quae
1562 2945 1667 3010 illi
1712 2951 1908 3011 antea
1961 2946 2103 3010 visa
2155 2946 2453 3029 fuerant,
2516 2947 2590 3010 in

277 3043 641 3108 maximum
687 3040 940 3105 devenit
996 3042 1174 3123 apud
1227 3063 1337 3105 vos
1384 3046 1814 3124 contemptum
1869 3047 1929 3107 et
1977 3042 2366 3123 ludibrium,
2426 3042 2587 3108 divi-

274 3160 404 3204 nus
447 3139 557 3203 ille
602 3137 935 3203 Marinus.
1025 3138 1119 3201 Et
1165 3158 1307 3203 cum
1354 3138 1641 3203 noluerit
1696 3138 1892 3204 simul
1937 3138 2089 3204 duci
2134 3161 2278 3205 cum
2333 3140 2421 3204 iis
2477 3140 2590 3221 qui

278 3236 494 3301 aliena
542 3234 928 3313 sentiebant,
990 3238 1049 3297 et
1096 3254 1260 3315 quae
1303 3234 1440 3316 ipse
1487 3255 1704 3299 coram
1751 3235 2086 3318 majestate
2133 3241 2248 3301 tua
2292 3237 2590 3318 synodice

273 3338 562 3416 yesserat
608 3332 950 3396 dissolvere
1010 3336 1071 3395 et
1117 3331 1464 3396 annullare
1510 3352 1585 3396 ac
1639 3331 1842 3396 irrita
1895 3332 2185 3412 reddere,
2241 3338 2587 3416 propterea

278 3429 557 3511 triyinta
602 3428 825 3493 diebus
880 3449 1131 3492 carcere
1183 3428 1321 3510 fuit
1374 3429 1699 3507 detentus,
1760 3427 1831 3491 id
1886 3427 2012 3492 sibi
2062 3429 2312 3510 qloriae
2363 3429 2589 3512 potius

276 3526 569 3590 tribuens
617 3545 811 3606 quam
858 3524 1297 3605 contumeliae,
1337 3546 1463 3606 pro
1511 3525 1784 3589 veritate
1820 3523 2047 3609 pati.¹)
2220 3564 2243 3603 Ι

457 3667 601 3729 127.
651 3665 801 3730 Non
849 3666 1101 3730 videtur
1147 3667 1403 3749 quidem
1439 3666 1733 3730 Marinus
1782 3667 2264 3731 damnationem
2310 3668 2376 3731 in
2420 3667 2585 3732 Pho-

275 3764 436 3827 tium
483 3764 954 3846 pronuntiasse,
1003 3764 1332 3826 sententia
1364 3763 1586 3826 relicta
1618 3762 1657 3827 J
1665 3763 1860 3832 oanni
1890 3762 2224 3839 Pontifici3
2264 3763 2371 3828 sed
2403 3765 2587 3827 irrita

275 3860 621 3924 declaravit
682 3880 848 3942 quae
906 3865 1133 3923 contra
1178 3860 1457 3923 valorem
1507 3859 1774 3924 Concilii
1833 3881 1960 3923 oec.
2002 3857 2179 3923 VIII.
2238 3862 2303 3923 et
2365 3865 2587 3925 contra

276 3957 581 4021 mandata
627 3955 959 4020 Pontificis
1017 3957 1186 4020 facta
1240 3956 1532 4032 fuerant,
1590 3955 2091 4039 postulavitque,
2155 3961 2228 4019 ut
2288 3977 2361 4020 ea
2408 3978 2586 4021 revo-

399 4212 414 4231 .
456 4182 495 4245 1)
536 4181 798 4247 Stephani
824 4181 889 4234 V.
931 4198 1012 4249 ep.
1056 4184 1109 4247 13
1148 4181 1329 4235 Labbe
1368 4182 1462 4234 IX.
1506 4184 1625 4235 366.
