3270 5028
644 443 748 494 118
1172 438 1321 493 XIV.
1358 439 1440 493 De
1479 437 1630 492 civili
1671 439 1737 492 R.
1772 439 2052 493 Pontificis
2090 439 2416 507 principatu.

644 584 826 647 muni
872 582 1040 646 bono
1102 580 1577 664 providebatur.
1682 579 1840 645 Cum
1904 603 2053 645 vero
2114 581 2183 644 in
2246 580 2417 644 hisce
2462 580 2955 645 circumstantiis

645 682 983 763 poscerent
1029 699 1067 741 a
1111 676 1414 741 Zacharia
1456 699 1651 760 papa,
1712 678 1862 760 quid
1909 677 2028 742 sibi
2076 677 2397 761 agendum
2447 680 2643 753 esset,
2699 677 2799 741 vel
2847 698 2954 759 po·

646 777 794 853 tius,
843 794 922 838 an
971 774 1192 838 liceret
1235 775 1306 837 in
1352 794 1571 857 regem
1623 776 1875 839 elevare
1916 772 2214 856 Pipinum
2253 773 2529 857 seposito
2576 772 2952 849 Childerioe,

645 873 952 937 Pontifex
999 893 1136 934 cum
1185 871 1569 934 auctoritate
1625 870 1991 955 respondit,
2048 874 2290 933 statum
2350 871 2531 937 illum
2580 870 2951 934 abnormem

513 852 714 1045 din
762 968 1154 1032 Francorum
1200 988 1402 1050 regno
1447 966 1615 1032 bono
1663 967 1875 1031 ordini
1920 966 2282 1050 oppositum
2325 988 2479 1043 esse,
2526 968 2949 1049 periculorum

645 1066 905 1149 plenum
953 1068 1018 1127 et
1071 1063 1528 1147 perniciosum,
1584 1068 1781 1147 atque
1828 1066 1909 1129 ob
1963 1064 2150 1145 regni
2203 1067 2268 1126 et
2311 1064 2404 1127 rei
2457 1064 2746 1147 publicae
2790 1064 2952 1128 chri-

632 1162 895 1228 stianae
926 1161 1341 1225 necessitates
1373 1160 1602 1224 merito
1648 1160 1825 1224 illam
1872 1160 2299 1223 mut-ationem
2341 1160 2681 1225 introduci.
2752 1160 2954 1225 Fran-

645 1280 750 1323 cos
795 1257 958 1322 solvi
1004 1256 1073 1319 in
1117 1255 1216 1319 his
1274 1257 1773 1321 circumstantiis
1832 1257 1912 1319 ab
1966 1256 2360 1339 obligatione
2407 1256 2764 1334 fidelitatis,
2826 1258 2950 1337 (vel

646 1355 1030 1419 auctoritate
1076 1375 1372 1436 suprema
1418 1352 1793 1436 Zachariae,
1849 1358 1924 1416 ut
1981 1375 2099 1417 nos
2146 1374 2512 1431 censemus,
2569 1355 2671 1418 vel
2728 1375 2806 1417 ex
2859 1357 2949 1418 rei

646 1452 934 1528 natura),
991 1449 1279 1532 adeoque
1325 1471 1430 1513 eos
1476 1449 1650 1513 licite
1697 1472 1879 1533 posse
1924 1449 2230 1533 Pipinum
2278 1450 2345 1513 in
2390 1471 2660 1534 regnum
2707 1451 2951 1515 elevare

646 1548 938 1612 abdicato
998 1545 1372 1610 Childerico.
1467 1545 1804 1630 Responso
1862 1552 2124 1630 accepto
2175 1546 2406 1610 Franci
2466 1547 2767 1630 Pipinum
2829 1547 2953 1610 ele·

644 1648 902 1729 gerunt.
975 1642 1080 1708 Ita
1123 1643 1321 1726 igitur
1366 1643 1447 1707 ad
1478 1644 1900 1708 elevationem
1930 1642 2151 1727 Pipini
2182 1647 2317 1707 tum
2353 1643 2691 1708 Zachariae
2739 1648 2949 1708 aucto·

645 1742 803 1805 ritas
849 1746 985 1804 tum
1037 1740 1261 1805 electio
1309 1736 1705 1803 Francorum
1754 1738 2153 1818 concurriffl)

822 1878 926 1942 43.
989 1877 1651 1941 Animadvertendum
1715 1899 1866 1942 vero
1929 1881 2057 1958 est,
2119 1877 2188 1940 in
2235 1876 2573 1941 Zachariae
2635 1879 2951 1944 decisione

643 1976 805 2040 illud
865 1978 1258 2038 momentum
1325 1973 1523 2037 situm
1592 1973 1814 2050 fuisse,
1887 1974 2055 2058 quod
2116 1974 2461 2038 elevationi
2524 1974 2738 2058 Pipini
2807 1997 2952 2040 con·

646 2072 893 2137 ferebat
938 2088 1128 2156 suum
1176 2068 1458 2134 valorem
1488 2067 1861 2150 juridicum
1908 2072 1969 2133 et
1999 2068 2396 2134 sanctionem
2440 2070 2765 2135 moralem.
2835 2072 2951 2135 At-

646 2191 774 2253 que
835 2168 954 2231 hac
1026 2156 1278 2230 ratione
1349 2165 1691 2229 Zachariae
1765 2165 2154 2245 auctoritate
2216 2168 2336 2232 dici
2407 2170 2619 2250 potuit
2678 2167 2953 2251 Pipinus

646 2265 831 2349 regni
898 2264 1129 2328 solium
1206 2261 1677 2342 conscendisse,
1750 2264 1900 2347 quia
1959 2264 2266 2328 Pontifex
2334 2265 2723 2330 sententiam
2797 2265 2955 2329 tulit

538 2405 547 2414 „
647 2362 724 2425 de
800 2362 1081 2425 liceitate
1155 2359 1571 2442 depositionis
1650 2359 2022 2437 Childerici,
2110 2360 2502 2445 Francisque
2586 2362 2952 2426 libertatem

645 2481 761 2525 sua
805 2458 1134 2523 sententia
1177 2456 1332 2521 fecit
1379 2455 1681 2541 Pipinum
1738 2458 2033 2542 eligendi.
2126 2458 2289 2535 Quia
2335 2480 2487 2523 vero
2541 2463 2679 2523 tum
2733 2458 2949 2524 coaevi

645 2560 782 2620 tum
836 2556 1221 2639 posteriores
1278 2554 1789 2638 persentiebam,
1848 2555 1915 2618 in
1974 2555 2316 2620 Zachariae
2374 2555 2706 2619 sententia
2764 2559 2827 2619 et
2881 2556 2947 2618 in

642 2651 957 2735 Stephani
1022 2652 1329 2715 unctione
1386 2649 1546 2714 illud
1608 2655 2012 2716 momentum
2071 2652 2352 2737 positum
2417 2674 2583 2729 esse,
2645 2674 2772 2735 ¹quo
2832 2649 2951 2715 Oa-

642 2749 1037 2832 rolingorum
1105 2769 1377 2831 regnum
1448 2751 1616 2812 esset
1683 2746 1963 2811 validum
2025 2770 2098 2812 ac
2154 2749 2515 2832 legitimum
2578 2751 2643 2812 et
2705 2746 2951 2812 Childe·

645 2846 758 2910 rici
806 2867 1057 2929 quoque
1107 2844 1418 2927 depositio
1476 2849 1663 2909 extra
1719 2846 2255 2909 contestationem
2316 2846 2554 2929 posita,
2615 2848 2953 2929 propterea

644 2942 1017 3026 frequenter
1070 2938 1454 3020 auctoritati
1499 2942 1560 3003 et
1602 2938 1818 3022 jussis
1864 2940 2303 3005 Romanorum
2350 2942 2740 3007 Pontificum
2795 2940 2951 3005 haec

646 3038 1038 3103 attribuunt.
1128 3037 1232 3102 Ita
1280 3039 1475 3101 etiam
1525 3032 1590 3101 S.
1641 3027 1986 3121 Gregorius
2034 3036 2182 3101 VII.
2231 3038 2301 3101 in
2349 3038 2617 3121 epistola
2663 3039 2742 3102 ad
2792 3036 2949 3100 Her-

647 3156 955 3198 mannum
1018 3133 1373 3198 Metensem
1439 3135 1798 3217 episcopum
1866 3131 1962 3217 (L.
2017 3134 2131 3197 IV.
2194 3156 2291 3218 ep.
2352 3134 2448 3215 2):
2517 3132 2951 3209 Considerent,

645 3230 870 3295 scribit
888 3279 903 3307 ,
965 3250 1084 3295 cur
1145 3227 1508 3294 Zacharias
1565 3228 1753 3310 Papa
1815 3249 2026 3311 reyem
2091 3228 2505 3296 Francorum
2568 3227 2951 3311 deposuerit,

648 3329 709 3390 et
772 3345 987 3390 omnes
1042 3324 1493 3408 Franciqenas
1555 3345 1597 3389 a
1651 3324 1909 3390 vinculo
1954 3325 2327 3409 juramenti
2384 3326 2554 3408 quod
2605 3326 2732 3391 sibi
2788 3327 2948 3407 fece-

649 3427 807 3487 rant
851 3421 1210 3487 absolverit.
1252 3460 1340 3467 --
1388 3423 1474 3487 Et
1516 3422 1586 3486 in
1638 3424 1843 3487 altera
1887 3423 1966 3487 ad
1998 3425 2290 3489 eumdem
2324 3426 2593 3508 epistola
2624 3422 2731 3506 (L.
2765 3423 2945 3487 VIII.

636 3542 746 3603 ep.
809 3518 949 3603 21):
1016 3517 1210 3582 Alius
1257 3517 1411 3582 item
1475 3517 1819 3583 Romanus
1880 3518 2222 3601 Pontifex,
2296 3518 2660 3585 Zacharias
2728 3518 2950 3584 videli-

648 3620 758 3695 cet,
805 3635 1016 3698 reqem
1063 3613 1474 3679 Francorum
1518 3634 1651 3679 non
1699 3618 1830 3679 tam
1867 3635 1995 3697 pro
2040 3616 2180 3682 suis
2224 3615 2707 3698 iniquitatibus,
2753 3636 2947 3697 quam

649 3733 719 3777 eo
775 3711 945 3793 quod
1003 3714 1224 3776 tantae
1270 3710 1582 3793 potestati
1637 3732 1770 3776 non
1821 3716 1964 3776 erat
2016 3713 2229 3794 utilis,
2296 3733 2337 3777 a
2386 3734 2584 3795 reqno
2641 3710 2947 3794 deposuit,

649 3813 709 3873 et
758 3807 1074 3890 Pipinum
1135 3806 1353 3872 Caroli
1411 3808 1648 3891 Mayni
1704 3808 2134 3891 Imperatoris
2181 3814 2443 3892 patrem
2498 3809 2571 3873 in
2627 3810 2767 3891 ejus
2820 3808 2951 3872 loco

649 3903 1004 3984 substituit,
1052 3924 1391 3986 omnesque
1420 3903 1871 3988 Franciqenas
1915 3926 1955 3970 a
1988 3906 2369 3988 Juramento
2411 3904 2746 3986 fidelitatis
2782 3904 2951 3986 quod

826 4160 866 4225 ¹)
903 4159 1043 4214 Vide
1082 4129 1264 4213 Natal.
1304 4158 1458 4212 Alex.
1497 4159 1561 4212 In
1599 4158 1883 4214 Saeculum
1920 4160 2075 4214 VIII.
2116 4163 2350 4217 Dissert.
2390 4163 2462 4215 ΙΙ.
2502 4160 2647 4214 Nota
2683 4161 2728 4213 I.
