3270 5028
389 2414 477 2455 Leo
513 2425 602 2456 rem

374 2474 606 2529 disposuit.

667 445 766 496 176
1004 464 1025 475 ··
1133 440 1374 496 XV.‘De
1411 442 1645 508 Imperio
1684 449 1740 497 et
1777 445 1844 498 de
1866 429 2131 529 'Ecclesia
2168 458 2307 498 saec.
2343 460 2503 499 110110.

663 585 1060 668 angeliorum
1130 582 1409 648 codicem
1467 583 1694 649 Carolo
1764 586 1995 668 mittit,
2070 608 2147 649 ex
2216 587 2465 667 eadem,
2538 586 2769 651 collata
2825 607 2975 650 cum

662 681 866 745 altera
943 681 1181 764 scripta
1257 679 1336 744 ad
1403 679 1876 745 Nathanaellem
1947 679 2413 766 (Fredegisum)
2490 683 2791 760 amicum,
2868 682 2977 747 cui

662 777 926 841 mandat
987 782 1064 842 ut
1124 777 1366 842 donum
1424 776 1653 842 Carolo
1712 779 1960 855 tradat,
2020 780 2348 863 colligitur
2407 778 2770 861 perspicue,
2829 779 2978 842 nul-

662 875 919 957 latenus
966 874 1237 939 Romam
1299 874 1378 937 ad
1441 874 1659 938 natale
1722 875 1878 938 anni
1936 876 2064 938 800
2125 875 2437 958 ejusmodi
2496 874 2773 939 codicem
2836 896 2976 939 esse

659 972 1126 1036 transmissum.
1243 969 1369 1035 Sed
1432 969 1832 1053 Aquisgrani
1898 976 2057 1035 tunc
2116 970 2501 1056 Fredegisus
2574 975 2641 1035 et
2704 970 2972 1035 Carolus

624 1114 639 1123 -
660 1067 997 1152 degebant.
1089 1067 1322 1143 Quodsi
1350 1094 1351 1097 ¹
1381 1067 1578 1131 verba
1632 1065 1721 1130 ad
1775 1065 2173 1148 splendorem
2229 1065 2594 1148 imperialis
2640 1065 2981 1149 potentiae

658 1167 908 1229 vestrae
953 1162 1338 1248 dignitatem
1397 1164 1828 1246 imperialem,
1887 1166 1985 1228 uti
2033 1166 2310 1242 videtur,
2362 1165 2704 1242 denotant,
2761 1164 2971 1247 sequi·
3013 1192 3018 1197 ·

660 1266 788 1341 tur,
831 1260 1165 1344 epistolam
1213 1283 1356 1324 cum
1405 1260 1573 1325 dono
1619 1261 1853 1325 codicis
1899 1284 2029 1326 uno
2058 1263 2161 1325 vel
2200 1263 2407 1326 altero
2455 1283 2534 1324 ex
2578 1261 2974 1343 subsequen-

660 1357 831 1422 tibus
895 1358 1080 1423 annis
1143 1359 1402 1421 missam
1469 1379 1639 1434 esse,
1704 1380 1903 1441 quum
1964 1358 2361 1442 Aquisgrani
2412 1356 2675 1422 Carolus
2735 1357 2974 1420 festum

660 1453 1041 1519 Nativitatis
1088 1453 1350 1517 Domini
1406 1451 1841 1536 celebraret.¹)
1931 1454 2414 1518 Advertendum
2472 1459 2797 1537 postremo
2854 1456 2974 1529 est,

662 1573 872 1634 neque
942 1572 1018 1614 ex
1091 1551 1583 1633 praeparatione
1655 1555 1723 1614 et
1793 1551 2210 1634 dispositione
2280 1551 2548 1614 solemni
2615 1572 2833 1614 rerum
2901 1549 2973 1613 in

662 1648 825 1712 festo
883 1645 1264 1711 Nativitatis
1325 1646 1584 1711 Domini
1646 1646 1944 1711 Carolum
2009 1646 2366 1712 necessario
2422 1646 2752 1731 collegisse
2810 1644 2973 1710 Leo·

660 1745 763 1809 nis
813 1744 932 1808 III.
990 1744 1362 1819 consilium,
1430 1748 1505 1807 ut
1565 1765 1711 1808 eum
1770 1750 2057 1828 tempore
2103 1743 2338 1807 Missae
2394 1744 2465 1807 in
2512 1743 2974 1827 Imperatorem

661 1843 1084 1906 consecraret.
1186 1840 1449 1905 Etenim
1506 1841 1864 1905 constituta
1926 1844 2094 1917 erat
2109 1864 2169 1924 p
2159 1863 2280 1913 „9
2301 1841 2432 1909 1110
2479 1840 2606 1905 die
2615 1839 2976 1905 &tonaio

660 1937 777 2001 filii
824 1935 1032 2000 Caroli
1089 1938 1156 2000 in
1208 1958 1457 2020 regem,
1514 1936 1800 2021 adeoque
1858 1936 1938 2001 ad
1985 1937 2106 2002 hoc
2161 1959 2411 2001 sacrum
2466 1940 2754 2020 spectare
2802 1936 2971 1999 vide-

656 2020 901 2098 bantur
946 2056 1108 2117 quae
1155 2034 1461 2116 disposita
1495 2038 1701 2098 erant.
1748 2069 1838 2079 -—
1880 2034 2232 2099 Censemus
2279 2034 2497 2118 igitur,
2545 2055 2694 2096 vere
2739 2032 2975 2096 dixisse

662 2130 958 2195 Carolum
1016 2153 1215 2214 quum
1267 2130 1655 2208 affirmaret,
1719 2152 1789 2194 se
1847 2129 2019 2218 haud
2078 2131 2335 2207 novisse
2379 2131 2715 2195 Pontificis
2766 2131 2975 2194 inten-

661 2227 904 2291 tionem
959 2248 1101 2290 eum
1161 2225 1511 2292 coronandi
1565 2226 1679 2290 1110
1737 2214 1838 2290 die
1894 2227 1963 2291 in
2012 2210 2501 2311 Imperatorem,
2567 2249 2640 2292 ac
2692 2227 2975 2290 rationes

666 2322 962 2399 adfuisse,
1013 2345 1125 2387 cur
1170 2324 1231 2387 ei
1274 2329 1430 2388 tunc
1476 2324 1688 2389 minus
1739 2330 1995 2408 accepta
2042 2331 2209 2389 esset
2253 2325 2364 2389 illa
2408 2324 2764 2389 coronatio.

848 2421 943 2486 12.
991 2419 1376 2484 Annalistae
1432 2421 1607 2484 illius
1664 2422 1897 2485 aetatis
1949 2422 2295 2485 universim
2339 2421 2765 2494 conveniunt,
2823 2441 2971 2483 con·

663 2517 876 2581 silium
931 2516 1239 2581 evehendi
1288 2516 1500 2580 Caroli
1564 2518 1634 2580 in
1693 2517 2151 2599 Imperatorem
2207 2541 2245 2581 a
2306 2517 2524 2582 Leone
2569 2516 2686 2583 III.
2747 2518 2973 2583 Ponti·

660 2614 787 2708 fice
821 2614 1058 2677 initum
1108 2617 1174 2677 et
1218 2607 1867 2722 commeatu-Q&
1966 2614 2269 2679 Pontifex
2315 2615 2384 2678 in
2413 2605 2796 2697 diplomate,
2843 2636 2976 2699 quo

658 2699 819 2792 ipso
853 2700 1449 2774 0010001100101110
1504 2711 1896 2774 monasterio
1944 2709 2322 2775 Centulensi
2385 2712 2738 2796 privilegia
2778 2734 2971 2795 quae·

660 2808 807 2871 dam
850 2808 1156 2891 largitur,
1214 2807 1492 2889 diploma
1539 2808 1760 2871 datum
1808 2810 2262 2871 commemorat
2303 2806 2379 2872 in
2414 2806 2795 2889 praesentia
2834 2807 2969 2890 ylo-

659 2901 825 2968 riosi
877 2906 1071 2983 atque
1130 2902 1649 2967 eaecellentissimi
1706 2902 1834 2984 filii
1896 2902 2108 2968 nostri
2158 2901 2401 2981 Caroli,
2469 2924 2653 2985 quem
2710 2907 2977 2969 auctore

660 2999 804 3064 Deo
847 2998 922 3064 in
981 2998 1413 3082 defensionem
1459 3004 1519 3063 et
1565 3004 1945 3082 provectum
2000 3005 2261 3065 sanctae
2314 3000 2710 3066 universalis
2754 3000 2969 3065 Eccle-

660 3096 797 3161 siae
855 3096 1232 3179 Auyustum
1291 3095 1477 3161 hodie
1548 3096 2027 3182 sacravimusfl)
2137 3098 2400 3164 Carolus
2468 3107 2686 3164 autem
2749 3096 2977 3163 divino

840 3306 884 3374 ¹)
920 3306 1062 3360 Vide
1101 3306 1363 3373 epistolas
1401 3308 1506 3359 205
1544 3310 1601 3359 et
1645 3309 1749 3359 206
1795 3307 1854 3359 in
1898 3308 2107 3361 recenti
2155 3306 2396 3363 editione
2444 3323 2602 3374 quam
2641 3311 2969 3360 curaverunt

662 3384 1037 3440 Wattenbach
1087 3390 1142 3438 et
1192 3384 1475 3438 ΒῆΠ1111101·
1485 3405 1500 3453 3
1548 3385 1901 3440 Monumenta
1938 3386 2289 3452 Alcuiniana‚
2339 3386 2376 3440 J
2378 3385 2482 3439 affe
2527 3385 2815 3450 Biblioth.,
2862 3401 2970 3439 rer.

663 3466 839 3520 Germ.
885 3469 1016 3518 tom.
1054 3464 1151 3519 VI.
1198 3482 1249 3532 p.
1289 3467 1392 3517 697
1431 3479 1545 3532 sqq.
1619 3464 1877 3518 Editores
1917 3465 2179 3532 epistolas
2226 3467 2296 3519 ad
2348 3481 2397 3520 a.
2437 3467 2538 3518 801
2576 3465 2705 3517 Dec.
2752 3494 2819 3501 —
2864 3467 2969 3517 803

660 3546 789 3598 Dec.
827 3544 1096 3608 referunt,
1147 3549 1204 3597 et
1250 3545 1319 3597 ad
1354 3545 1520 3597 verba
1569 3543 1667 3597 illa
1714 3549 1936 3598 notant:
1995 3544 2248 3612 „Carolus
2296 3545 2471 3613 igitur
2517 3545 2629 3613 J'am
2676 3543 2975 3610 imperator
3079 3616 3082 3619 Δ

663 3629 879 3679 creatus
918 3628 1053 3678 erat.
1126 3622 1284 3676 Vana
1322 3627 1450 3675 sunt
1489 3638 1624 3690 quae
1664 3624 1731 3677 de
1778 3624 1881 3677 hoc
1917 3640 2137 3677 munere
2187 3624 2289 3677 sibi
2336 3623 2550 3679 effinxit
2583 3623 2824 3685 Lorenz,
2874 3622 2968 3675 AJ-

663 3704 815 3756 cuins
851 3703 1037 3756 Leben
1072 3719 1123 3769 p.
1162 3700 1315 3754 236ss
1368 3731 1437 3738 —
1484 3701 1597 3754 Alii
1648 3708 1899 3757 auctores
1950 3704 2329 3769 adverterunt,
2379 3703 2645 3756 incertum
2697 3717 2814 3755 esse
2864 3717 2968 3767 quo

663 3798 803 3836 anno
840 3781 939 3834 illa
977 3780 1213 3847 epistola
1251 3779 1457 3847 scripta
1495 3780 1586 3846 sit,
1624 3781 1930 3851 imperialis
1969 3787 2151 3835 autem
2187 3798 2376 3836 vocem
2404 3782 2569 3835 etiam
2608 3796 2767 3834 sensu
2804 3795 2969 3848 gene·

660 3860 766 3913 rali
802 3861 869 3913 ab
905 3860 1139 3913 Alcuino
1188 3859 1448 3913 adhiberi.
1531 3859 1608 3913 Et
1651 3877 1781 3915 sane
1828 3861 1886 3913 in
1927 3861 2084 3927 epist.
2125 3865 2235 3928 78⁸,
2282 3877 2424 3916 anno
2462 3864 2563 3914 796
2610 3864 2844 3914 exeunte
2879 3849 2971 3912 vel

658 3939 884 4006 ineunte
930 3941 1031 3991 797
1084 3940 1153 3992 ad
1198 3937 1449 3992 Carolum
1489 3939 1562 3992 M.
1612 3940 1843 4007 scripta,
1893 3942 2170 4008 „decorem
2217 3939 2521 4010 imperialis
2563 3938 2724 4007 regni
2761 3936 2967 3992 vestri“

661 3999 924 4072 Alcuinus
963 4019 1204 4071 denotat.
1255 4017 1386 4083 (Cir.
1426 4018 1592 4072 etiam
1640 4033 1720 4085 ep.
1762 4019 1872 4086 86.)
1943 4019 2009 4073 V.
2048 4019 2287 4075 Niehues
2335 4020 2370 4073 l.
2420 4036 2464 4073 c.
2500 4036 2552 4087 p.
2591 4021 2696 4072 574
2740 4023 2874 4072 nota
2908 4019 2971 4086 2;

660 4096 1076 4165 Hergenrother
1110 4098 1179 4150 K.
1221 4096 1283 4151 G.
1323 4096 1386 4151 B.
1426 4096 1531 4150 III.
1568 4113 1621 4164 p.
1662 4099 1780 4151 193.

842 4174 885 4241 2)
922 4175 1022 4243 Ap.
1060 4176 1202 4230 Jaffe
1239 4176 1489 4245 Regesta
1527 4178 1596 4229 ad
1631 4192 1680 4229 a.
1719 4179 1839 4229 800.
