3270 5028
340 1645 620 1698 Langobardi

419 1707 541 1749 victi.

656 445 758 497 128
1179 441 1328 494 XIV.
1367 441 1447 495 De
1484 440 1634 495 civili
1673 440 1739 493 R.
1779 439 2065 494 Pontificis
2101 439 2427 508 principatu.

641 583 906 668 paravit
951 581 1229 648 audebat
1281 579 1596 645 resistere.
1688 580 2130 666 (Eginhardus
2186 582 2263 645 ad
2311 606 2365 646 a.
2420 579 2595 664 753.)
2686 580 2972 645 Videtur

651 687 873 745 tamen
902 681 1174 764 Pipinus
1221 678 1537 762 quaedam
1584 679 1915 744 obstacula
1954 679 2272 755 timuisse,
2320 700 2389 742 ac
2432 683 2769 761 propterea
2817 700 2961 741 eum

652 778 992 843 retinuisse
1050 776 1122 840 in
1183 776 1576 840 monasterio
1632 775 1959 841 Franciae.
2023 811 2113 820 —
2175 774 2301 839 Sed
2357 777 2495 858 jam
2559 795 2825 858 agamus
2884 775 2970 839 de

651 874 789 958 ipsa
834 873 1297 939 constitutione
1343 872 1740 955 principatus
1780 873 1984 937 civilis
2034 872 2307 937 Romani
2363 871 2708 935 Pontificis.

1742 1268 1875 1341 111.

785 1397 925 1461 De
981 1397 1713 1489 constitutione
1763 1398 2425 1476 principatus
2480 1397 2829 1461 civilis

1278 1493 1709 1559 Romani
1768 1493 2343 1573 Pontifices·

835 1648 940 1714 53.
1009 1647 1216 1723 Quum
1287 1649 1556 1732 Pipinus
1622 1671 1737 1732 per
1803 1649 2051 1733 legatos
2120 1648 2199 1712 ad
2258 1648 2678 1731 Aistulphum
2741 1649 2973 1712 missos-

656 1742 737 1808 ab
806 1764 880 1807 eo
943 1744 1109 1826 quod
1179 1747 1457 1829 petierat
1516 1767 1648 1810 non
1724 1747 2160 1828 impetrasset,
2230 1745 2299 1808 in
2362 1768 2505 1809 eum
2572 1767 2715 1808 cum
2781 1767 2962 1809 exer-—

656 1839 788 1903 citu
863 1842 1064 1905 movit
1137 1856 1355 1905 mense
1420 1838 1782 1924 Septembri
1851 1843 2007 1906 anni
2074 1842 2230 1917 754,
2304 1842 2401 1905 uti
2472 1865 2547 1906 ex
2623 1844 2974 1907 Anastasio·

658 1935 974 2019 variisque
1021 1935 1379 2002 Chronistis
1427 1938 1772 2020 colligitur.
1866 1937 2025 2002 Cum
2088 1938 2283 2021 copiis
2336 1938 2466 2003 suis
2513 1937 2710 2021 Alpes
2757 1942 2962 2002 trans·

658 2053 949 2115 gressus,
1019 2033 1089 2096 in
1153 2035 1304 2116 ipsis
1371 2035 1685 2097 montium
1751 2035 2044 2098 faucibus
2112 2032 2680 2119 Longobardorum
2749 2057 2962 2119 regem

655 2128 899 2212 praelio
955 2129 1138 2205 vicit,
1201 2129 1628 2214 fugatumque
1692 2132 2036 2214 insequens
2094 2129 2356 2213 Papiam
2419 2131 2681 2197 obsedit,
2782 2131 2974 2195 Tunc

661 2223 967 2288 Pontifex
1020 2246 1237 2309 regem
1294 2233 1582 2303 secutuS,
1646 2227 1885 2291 timens
1940 2226 2278 2292 christiani
2335 2228 2674 2310 sanguinis
2732 2250 2964 2293 novam

660 2321 1064 2395 effusionem,
1123 2345 1263 2387 cum
1311 2323 1543 2407 Pipino
1591 2325 1753 2408 egit,
1811 2334 1887 2387 ut
1941 2323 2215 2406 acceptis
2274 2325 2353 2387 ab
2394 2323 2739 2407 Aistulpho
2785 2326 2965 2408 jura-

657 2422 877 2482 mento
945 2418 1395 2503 obsidibusque
1466 2442 1581 2503 pro
1643 2421 2046 2485 restituenda
2108 2419 2419 2484 Ravenna
2483 2421 2755 2503 aliisque
2818 2421 2976 2484 civi·

660 2514 937 2590 tatibus,
995 2538 1117 2599 pax
1175 2517 1682 2582 concluderetur.
1774 2518 1852 2582 In
1920 2514 2066 2581 Vita
2114 2513 2429 2597 Stephani
2474 2514 2575 2581 II.
2638 2540 2688 2582 c.
2737 2518 2817 2581 37
2876 2517 2967 2580 di-

659 2612 854 2676 eitur:
947 2612 1093 2689 „Ad
1168 2613 1324 2677 haec
1399 2613 1967 2679 christianissimus
2047 2614 2313 2696 Pipinus
2389 2613 2781 2678 Francorum
2854 2635 2994 2696 rex⁸

659 2708 941 2793 ejusdem
988 2703 1340 2773 beatissimi
1385 2712 1586 2793 'patris
1635 2715 1702 2775 et
1745 2711 1900 2776 boni
1946 2712 2217 2793 pastoris
2264 2710 2529 2775 audiens
2582 2711 2978 2794 adimplens·¹

661 2826 786 2887 que
855 2804 1388 2882 admonitionem,
1463 2829 1698 2890 eosque
1764 2805 1899 2871 Deo
1963 2806 2261 2871 dilectam
2333 2829 2552 2890 pacem
2621 2806 2965 2883 inhiantes,

660 2907 855 2983 atque
910 2902 983 2965 in
1045 2903 1282 2985 scripto
1342 2903 1596 2967 foedera
1659 2903 1940 2986 partium
2001 2903 2441 2981 adfirmanteS,
2505 2901 2670 2968 dixit
2723 2925 2974 2967 summo

659 2997 992 3062 Pontifici:
1063 2996 1222 3062 Fiat
1297 2997 1650 3063 secundum
1719 3002 2135 3080 praeceptum
2218 3002 2435 3078 tuum,
2515 2996 2980 3081 beniqnissime-

647 3098 875 3175 pentem
931 3095 1002 3159 et
1042 3095 1289 3160 obsides
1333 3094 1907 3179 Longobardorum
1954 3098 2152 3162 isdem
2197 3095 2588 3161 Francorum
2649 3119 2759 3160 rex
2819 3096 2963 3159 abs-

658 3192 930 3269 tollens,
996 3192 1340 3275 spopondit
1397 3194 1532 3276 ipse
1573 3192 1955 3275 Aistulphus
2013 3214 2155 3258 cum
2202 3193 2521 3257 universis
2567 3194 2696 3257 suis
2735 3192 2976 3276 judici-

661 3289 776 3352 bus
836 3288 956 3351 sub
1011 3289 1283 3353 terribili
1344 3294 1409 3353 et
1469 3289 1819 3353 fortissimo
1875 3294 2304 3367 sacramento,
2368 3293 2561 3373 atque
2614 3290 2686 3353 in
2746 3290 2973 3353 eodem·-

661 3386 835 3468 pacti
879 3384 1137 3448 foedere
1192 3407 1305 3468 per
1349 3386 1649 3470 scriptam
1705 3386 2005 3469 paginam
2059 3386 2448 3460 adfirmavit,
2507 3408 2574 3449 se
2620 3385 2790 3450 illico
2836 3385 2966 3448 recl-

663 3483 946 3546 diturum
1012 3482 1332 3545 civitatem
1401 3477 1881 3546 Ravennatium
1950 3503 2093 3545 cum
2159 3482 2314 3545 aliis
2364 3482 2625 3546 diversis
2690 3481 2966 3546 civitati·

662 3580 848 3643 buS.“
950 3577 1070 3641 His
1130 3579 1330 3661 igitur
1390 3579 1753 3644 felicissime
1811 3579 2010 3663 gestis
2068 3578 2338 3661 Pipinus
2395 3600 2507 3642 rex
2567 3579 2768 3642 victor
2827 3599 2973 3641 cum-

663 3676 793 3740 suis
853 3675 922 3737 in
973 3673 1277 3752 Galliam,
1342 3674 1711 3760 Stephanus
1767 3680 1984 3740 autem
2029 3673 2205 3758 Papa
2253 3674 2519 3739 Romam
2578 3674 2795 3748 rediit,
2861 3674 2976 3737 ubi·

664 3793 909 3836 summo
966 3771 1199 3855 gaudio
1265 3795 1302 3836 a
1357 3773 1486 3838 suis
1543 3777 1881 3856 exceptuS,
1944 3772 2177 3854 dignas
2227 3770 2365 3835 Deo
2422 3771 2642 3835 laudes
2698 3793 2814 3853 pro
2868 3775 2980 3833 tot-

663 3869 990 3951 tantisque
1054 3868 1376 3934 beneficiis
1441 3870 1694 3953 publice
1750 3869 1917 3952 apud
1981 3868 2305 3932 basilicam
2372 3866 2590 3933 Sancti
2649 3867 2826 3931 Petri
2879 3863 2978 3929 'ex

664 3975 841 4028 more
900 3964 1226 4045 persolvit.
1337 3965 1736 4050 Stephanum
1781 3964 2056 4033 Romam
2112 3964 2451 4029 comitatus
2506 3970 2602 4029 est
2649 3963 2980 4046 Hierony*

664 4083 837 4137 muS,
892 4060 1091 4124 frater
1136 4058 1355 4144 Pipini
1401 4064 1600 4146 regiS,
1657 4067 1732 4126 ut
1778 4062 1977 4127 habet
2017 4061 2370 4125 Annalista
2415 4060 2797 4135 Fuldensis3
2860 4061 2980 4124 alii

665 4156 1051 4221 Annalistae
1098 4156 1444 4222 Fulradum
1489 4158 1888 4242 Hieronymo
1936 4157 2320 4242 adjungunt.
2609 4169 2617 4178 “
