3270 5028
641 443 748 493 304
980 438 1127 492 XVI.
1166 436 1375 491 Causae
1414 435 1657 491 celebres
1695 440 1760 488 et·
1790 434 2108 488 Decretales
2146 432 2603 487 Pseudo-Isidori.

643 581 718 645 in
766 578 905 644 suis
950 576 1236 642 archivis
1291 581 1352 641 et
1394 575 1668 641 vetustis
1723 573 1850 639 rite
1906 574 2340 639 monumentis
2391 572 2723 638 recondita
2766 593 2961 637 vene·
2996 625 3013 652 χ

645 681 857 742 ratur.
949 673 1168 753 Absit,
1228 677 1302 738 ut
1344 672 1587 754 scripta
1637 691 1855 737 eorum
1901 691 2151 752 quoquo
2196 670 2381 736 modo
2416 669 2963 753 parvipendenda

645 772 962 851 dicamus,
1027 790 1304 852 quorum
1366 769 1657 834 videmus
1715 768 1858 832 Deo
1922 771 2182 832 auctore
2239 771 2531 832 sanctam
2593 766 2962 832 Ecclesiam

646 874 787 935 aut
846 888 1064 933 roseo
1126 886 1403 932 cruore
1461 864 1871 948 floridam,
1937 868 2056 929 aut
2108 863 2432 944 rorifloris
2487 863 2834 929 sudoribus
2896 868 2965 927 et

649 964 1021 1031 salubribus
1066 961 1338 1044 eloquiis
1383 962 1789 1028 adornatam.
1869 959 1946 1025 Si
1991 961 2162 1025 enim
2193 960 2487 1044 ipsorum
2532 960 2776 1026 decreto
2822 981 2963 1026 cae-

650 1067 940 1127 terorum
972 1060 1282 1143 opuscula
1312 1063 1749 1125 tractatorum
1778 1057 2228 1140 approbantur
2265 1057 2363 1122 vel
2400 1057 2855 1141 reprobantur,
2896 1108 2909 1122 .
2951 1110 2963 1121 .

651 1162 894 1241 quanto
952 1156 1180 1242 potius
1254 1176 1418 1238 quae
1480 1156 1628 1238 ipsa
1689 1176 1816 1238 pro
1885 1154 2199 1219 catholica
2265 1154 2414 1235 fide,
2472 1177 2597 1238 pro
2654 1155 2967 1238 profanis

648 1254 1056 1339 doqmatibus
1124 1252 1533 1336 repellendis,
1600 1273 1729 1335 pro
1786 1251 1996 1316 variis
2061 1255 2123 1316 et
2154 1254 2165 1266 '
2198 1251 2592 1335 multifariis
2664 1252 2969 1318 ecclesiae

592 1377 598 1383 ·
650 1351 1140 1417 necessitatibus
1202 1355 1262 1415 et
1326 1348 1614 1430 fidelium
1676 1348 1967 1414 moribus
2028 1348 2279 1413 diverso
2338 1353 2616 1431 tempore
2675 1349 2966 1433 scripsit,

651 1448 830 1514 omni
874 1447 1099 1512 debent
1142 1445 1383 1513 honore
1418 1446 1772 1529 praeferri,
1820 1449 1890 1510 et.
1925 1444 2005 1509 ab
2046 1444 2343 1511 omnibus
2378 1466 2658 1528 prorsus
2702 1446 2777 1512 in
2819 1448 2969 1529 qui.-

653 1545 925 1610 buslibet
993 1542 1593 1627 opportunitatibus
1667 1541 2050 1607 discretione
2116 1542 2214 1606 vel
2288 1541 2766 1625 dispensatione
2822 1566 2966 1610 ma-

648 1642 864 1726 qistra
908 1644 1274 1706 reverenter
1318 1639 1582 1706 assumi.
1685 1638 2094 1720 Quamquam
2145 1638 2411 1720 quidam
2467 1645 2752 1706 vestrum
2801 1642 2969 1707 scri·

643 1738 933 1822 pserint,
1002 1737 1183 1803 haud
1246 1735 1365 1802 illa
1424 1735 1774 1802 decretalia
1818 1735 2191 1819 priscorum
2252 1734 2647 1814 Pontificum
2700 1737 2776 1804 in
2832 1742 2970 1803 toto

654 1834 891 1901 codicis
945 1854 1264 1900 canonum
1327 1853 1587 1915 corpore
1643 1832 1963 1897 contineri
2019 1832 2368 1914 descripta,
2432 1849 2577 1899 cum
2629 1833 2788 1917 ipsi,
2851 1834 2970 1900 ubi

654 1952 813 1997 suae
856 1930 1211 1997 intentioni
1262 1925 1418 1995 haec
1462 1929 1829 2014 suffraqari
1875 1929 2281 2013 conspiciunt
2333 1930 2470 1995 illis
2512 1930 2972 2014 indifferenter

657 2032 966 2102 utantur,
1040 2032 1100 2092 et
1161 2027 1368 2092 solum
1430 2048 1607 2092 nunc
1667 2027 1754 2092 ad
1812 2025 2334 2092 imminutionem
2384 2028 2730 2109 potestatis
2780 2027 2971 2094 Sedis

658 2123 1065 2209 Apostolicae
1110 2128 1171 2188 et
1217 2124 1303 2189 ad
1346 2144 1615 2189 suorum
1662 2128 2123 2208 arqumentum
2157 2123 2688 2207 privileqiorum,
2745 2125 2970 2189 minus

655 2211 916 2304 accepta
961 2241 1093 2285 esse
1128 2219 1532 2303 perhibeant.
1624 2220 1801 2285 Nam
1855 2221 2176 2286 nonnulla
2225 2223 2446 2287 eorum
2493 2221 2739 2303 scripta
2766 2241 2970 2303 penes

657 2339 775 2384 nos
821 2316 1170 2396 habentur,
1239 2336 1403 2398 quae
1462 2337 1595 2381 non·
1657 2316 1863 2382 solum
1918 2338 2469 2400 quorumcumque
2513 2318 2969 2384 Romanorum

658 2413 1071 2494 Pontificum,
1118 2433 1341 2478 verum
1374 2412 1571 2479 etiam
1605 2413 1914 2495 priorum
1943 2414 2197 2479 decreta
2240 2414 2315 2479 in
2346 2414 2486 2479 suis
2517 2414 2734 2480 causis
2769 2434 2969 2498 prae-

656 2512 835 2596 ferre
878 2513 1256 2577 noscuntur.
1349 2509 1441 2576 At
1465 2514 1664 2576 ‘nunc
1707 2509 1822 2576 ubi
1867 2511 2006 2576 suis
2052 2510 2295 2578 animis
2339 2511 2676 2593 resultare,
2729 2514 2791 2577 et
2823 2510 2969 2594 pri-

660 2607 898 2690 vileqia
953 2612 1137 2672 tanto
1189 2628 1342 2687 nos,
1405 2610 1481 2672 ut
1532 2606 1607 2672 in
1661 2607 1769 2674 sui
1825 2613 2038 2674 status
2091 2608 2536 2675 incolumitate
2586 2608 2970 2692 persistant,

662 2704 992 2770 elaborare
1037 2725 1170 2770 non
1212 2724 1549 2783 cessamuS,
1606 2709 1850 2786 quanto
1897 2704 2239 2771 universae
2288 2705 2584 2771 ecclesiae
2618 2704 2970 2789 profuisse,

653 2801 955 2885 prodesse
1003 2822 1078 2866 ac
1124 2801 1490 2885 profutura
1534 2822 1783 2884 semper
1821 2822 1952 2866 esse
1995 2802 2384 2884 probantur.
2475 2802 2777 2885 Diqnum
2823 2821 2973 2884 erqo

661 2902 787 2978 est,
851 2902 928 2964 ut
991 2897 1105 2963 ubi
1169 2897 1477 2964 universa
1533 2897 1827 2980 fabricae
1888 2899 2083 2964 moles
2140 2898 2490 2979 innititur,
2552 2898 2647 2963 ibi
2706 2897 2975 2978 firmum
3072 2912 3085 2913 ἢ

663 2994 983 3059 habeatur
1044 2994 1460 3076 validumque
1511 2993 1585 3059 in
1651 2994 1950 3061 omnibus
2010 2995 2532 3078 fundamentum.
2641 2994 2852 3060 Porro
2915 2994 2976 3059 si

662 3092 804 3157 ideo
857 3113 989 3157 non
1051 3112 1183 3156 esse
1238 3090 1581 3156 decretales
1631 3091 1936 3174 epistolas
1978 3092 2353 3175 priscorum
2401 3092 2793 3173 Pontificum
2840 3091 2974 3157 Ro-

666 3209 1011 3253 manorum
1069 3187 1505 3253 admittendas
1553 3187 1808 3269 dicunt,
1867 3188 2025 3270 quia
2080 3189 2152 3255 in
2213 3189 2419 3255 codice
2476 3210 2798 3255 canonum
2842 3209 2977 3254 non

667 3285 991 3349 habentur
1063 3285 1459 3367 adscriptae,
1529 3305 1679 3366 erqo
1743 3305 1858 3350 nec
1910 3285 2216 3368 Greqorii
2282 3286 2494 3352 sancti
2506 3336 2524 3367 ,
2591 3307 2708 3352 nec
2773 3284 2979 3351 ullius

668 3381 960 3460 alterius,
1009 3381 1124 3464 qui
1174 3386 1325 3446 ante
1367 3381 1466 3445 vel
1500 3385 1653 3463 post
1696 3380 1910 3463 ipsum
1954 3382 2109 3464 fuit,
2157 3386 2250 3447 est
2288 3382 2552 3464 aliquod
2595 3381 2977 3448 institutum

667 3477 766 3542 vel
810 3476 1127 3560 scriptum
1188 3477 1656 3560 recipiendum,
1720 3499 1789 3542 eo
1848 3478 2019 3561 quod
2077 3478 2152 3544 in
2209 3479 2415 3544 codice
2466 3500 2787 3545 canonum
2844 3500 2979 3545 non

670 3574 990 3640 habeatur
1033 3573 1452 3656 adscriptum.
1519 3625 1532 3640 .
1594 3621 1607 3636 .
1673 3572 1997 3641 Consonat
2054 3627 2067 3642 .
2125 3627 2139 3642 .
2198 3626 2211 3640 .
2263 3596 2448 3659 papa
2518 3574 2822 3641 Gelasius
2878 3574 2979 3640 ita

667 3670 1008 3753 inquiens:
1061 3670 1433 3736 Decretales
1477 3670 1780 3753 epistolas
1826 3693 1987 3754 quas
2035 3671 2391 3738 beatissimi
2436 3693 2654 3760 papa-e
2708 3671 2982 3737 diversis

672 3768 1067 3851 temporibus
1126 3768 1202 3832 de
1259 3767 1419 3833 urbe
1463 3767 1707 3849 Roma,
1763 3790 1890 3852 pro
1946 3768 2347 3833 diversorum
2404 3773 2679 3852 patrum
2731 3768 2980 3834 consul-

674 3865 920 3931 tatione
966 3864 1303 3944 dederunt,
1355 3864 1811 3930 venerabiliter
1856 3864 2299 3948 suscipiendas
2344 3864 2764 3931 decernimus.
2854 3864 2981 3930 Di-

674 3962 795 4028 otis
839 3966 1055 4028 aute-m
1103 3960 1377 4026 diversis
1408 3961 1803 4045 temporibus
1846 3962 2042 4027 etiam
2087 3961 2207 4028 illa
2246 3966 2536 4045 tempora
2566 3961 2674 4026 vir
2717 3964 2985 4026 sanctus

674 4057 1176 4140 comprehendit,
1246 4077 1446 4140 quae
1506 4057 2184 4124 crebrescentibus
2237 4078 2741 4142 paqanorum
2796 4077 2984 4141 per-

675 4152 1229 4220 secutionibus
1284 4154 1371 4220 ad
1415 4152 1641 4219 Sedem
1687 4154 2123 4240 Apostolicam
2169 4155 2414 4239 deferri
2471 4174 2703 4222 causas
2748 4153 2984 4239 episco-
