3270 5028
491 3126 605 3156 onus

367 3176 451 3217 ΙΙΙ.
482 3176 531 3217 R.
561 3175 607 3216 P.

667 396 734 448 36
1396 393 1478 448 De
1516 393 1731 448 haeresi
1767 393 2243 448 Iconoclastarum.

664 537 936 619 epistola
1007 535 1084 598 ad
1148 535 1447 599 Carolum
1506 534 1593 598 M.
1657 534 1966 598 scribens:
2037 532 2172 596 Pro
2239 531 2343 596 his
2404 531 2802 612 firmissimis
2861 553 2972 596 ex-

665 631 891 715 emplis
943 631 1331 714 (honorandi
1376 653 1586 696 sacras
1632 626 1978 737 imagines)
2023 628 2475 711 praedecessor
2504 632 2721 693 noster
2764 627 2975 693 domi-

664 749 792 794 nus
845 725 1202 810 Gregorius
1248 725 1344 790 II.
1388 725 1629 810 junior
1673 725 1862 808 Papa
1909 723 1982 790 i‘n
2027 746 2144 790 suo
2188 746 2372 792 sacro
2417 724 2712 804 concilio,
2772 724 2976 807 (quod

665 829 724 890 et
771 824 845 889 irz
890 822 1018 889 alio
1072 822 1339 888 concilio
1384 821 1898 905 praedecessoris
1949 821 2161 887 ‘nostri
2207 821 2526 904 Stephani
2569 821 2791 904 Papae
2832 841 2976 886 una

665 942 806 987 oum
864 919 1300 985 sacerdotibus
1343 919 1647 1002 partium
1692 918 2022 985 Franciae
2073 924 2267 1001 atque
2311 917 2553 999 Italiae
2605 922 2970 1000 susceptum

664 1021 725 1081 et
768 1020 1141 1081 veneratum
1192 1019 1340 1100 est),
1386 1016 1461 1082 in
1507 1037 1575 1081 eo
1617 1016 1759 1099 ipso
1797 1015 2210 1099 praesidente
2254 1013 2660 1080 sanctissimo
2706 1034 2781 1080 ac
2828 1013 2973 1078 bea-

665 1113 913 1178 tissimo
970 1106 1295 1195 quondam
1350 1113 1607 1179 domino
1661 1112 1976 1196 Greyorio
2020 1112 2210 1195 Papa
2252 1132 2377 1195 per
2427 1111 2837 1194 semetipsum
2882 1110 2973 1175 si-

663 1209 907 1274 militer
988 1208 1242 1290 dixit1)
1361 1213 1537 1276 Citat
1603 1211 1749 1278 dein
1825 1210 2258 1295 fragmentum
2332 1209 2644 1275 orationis
2723 1208 2973 1293 Grego-

662 1309 741 1371 rii
797 1307 878 1371 II.
980 1307 1177 1372 Aliud
1238 1309 1673 1392 fragmentum
1735 1311 2020 1373 actorum
2082 1307 2274 1390 hujus
2333 1306 2560 1388 synodi
2621 1305 2978 1389 publicavit

665 1405 802 1469 Em.
849 1403 982 1469 Mai
1036 1404 1108 1468 in
1161 1426 1278 1468 suo
1330 1403 1687 1488 Specilegio
1743 1404 2058 1469 Romano,
2148 1402 2562 1469 Conveniunt
2606 1424 2754 1467 vero
2810 1401 2977 1465 haec

662 1525 853 1586 quam
921 1502 1195 1566 maxime
1251 1523 1392 1565 cum
1467 1501 1577 1580 iis,
1652 1523 1817 1584 quae
1884 1501 1954 1564 in
2022 1500 2307 1585 epistolis
2372 1497 2661 1583 Gregorii
2727 1497 2811 1562 ΙΙ.
2887 1498 2975 1562 ad

664 1599 946 1663 Leonem
1007 1596 1301 1661 Isaurum
1361 1597 1704 1662 habentur.
1814 1597 1951 1673 Quo
2012 1619 2184 1662 anno
2248 1602 2461 1660 autem
2523 1596 2682 1659 illud
2756 1595 2973 1661 conci-

662 1697 821 1763 lium
880 1694 1174 1758 habitum
1237 1695 1348 1774 sit,
1411 1716 1543 1759 non
1607 1695 1801 1778 plane
1865 1694 2263 1759 conveniunt
2323 1691 2570 1755 eruditi.
2673 1690 2832 1756 Cum
2893 1691 2975 1757 cl.

660 1792 890 1857 Hefele
921 1789 1255 1855 admodum
1303 1791 1632 1874 probabile
1664 1812 1799 1856 esse
1845 1812 2196 1868 censemus,
2238 1790 2549 1873 synodum
2592 1790 2760 1854 hanc
2803 1790 2976 1854 cele-

662 1890 911 1952 bratam
960 1909 1094 1952 esse
1137 1909 1358 1952 versus
1404 1911 1459 1952 a.
1508 1888 1666 1964 727,
1720 1891 2060 1972 postquam
2109 1886 2238 1952 Leo
2285 1886 2645 1971 Imperator
2690 1886 2972 1950 edictum

664 2007 853 2049 suum
906 1988 1130 2049 contra
1181 2006 1389 2048 sacras
1446 1985 1761 2068 imagines
1820 1984 2167 2061 emisisset,
2231 1985 2595 2069 ibidemque
2655 1983 2974 2048 delibera-

662 2088 802 2146 tum
848 2102 984 2145 esse
1036 2080 1113 2144 de
1167 2081 1497 2164 praeclara.
1550 2080 1663 2143 illa
1712 2082 1985 2164 epistola
2040 2083 2274 2165 prima,
2338 2104 2466 2166 qua
2513 2103 2659 2146 mox
2714 2081 2794 2144 ad
2836 2079 2972 2143 Im-

660 2182 1020 2261 peratorem
1088 2177 1328 2241 directa
1400 2176 1705 2242 Pontifex
1780 2178 2034 2262 egregie
2108 2179 2348 2243 cultum
2427 2200 2747 2242 sacrarum
2815 2177 2976 2241 ima-

660 2275 886 2358 ginum
933 2274 1236 2339 vindicat.
1329 2274 1566 2358 Pagius
1611 2274 1868 2358 quidem
1907 2297 2021 2358 pro
2068 2297 2185 2339 sua
2229 2276 2573 2356 sententia,
2619 2295 2792 2339 anno
2841 2274 2975 2337 730

663 2370 956 2454 Gregorii
1019 2371 1355 2453 epistolam
1417 2369 1719 2452 scriptam
1789 2391 1950 2445 esse,
2022 2392 2095 2434 eo
2157 2392 2331 2435 anno
2393 2371 2586 2435 etiam
2652 2369 2972 2452 synodum

660 2466 946 2531 habitam
1005 2488 1143 2531 esse
1199 2465 1545 2531 existimat.
1646 2464 1784 2533 Em.
1844 2466 2159 2532 Bartolini
2216 2489 2397 2545 ver0,
2462 2467 2580 2532 etsi
2632 2466 2968 2551 epistolam

658 2564 926 2647 primam
991 2562 1283 2648 Gregorii
1332 2562 1413 2627 ΙΙ.
1473 2564 1770 2647 scriptam
1820 2586 1960 2628 esse
2014 2569 2239 2629 teneat
2293 2587 2464 2630 anno
2512 2566 2667 2640 727,
2732 2568 2969 2640 censet,

660 2661 758 2724 uti
821 2658 1091 2742 Pagius,
1154 2660 1469 2743 synodum
1531 2659 1820 2724 habitam
1880 2683 2015 2726 esse
2078 2684 2301 2726 versus
2366 2685 2607 2727 annum
2675 2662 2828 2740 730,
2894 2683 2970 2724 ac

659 2757 808 2822 dein
856 2781 893 2821 a
939 2756 1249 2841 Gregorio
1296 2756 1378 2820 II.
1427 2756 1626 2821 Italos
1682 2780 1720 2821 a
1764 2758 2164 2842 subjectione
2223 2759 2291 2823 in
2338 2757 2623 2824 Leonem
2675 2780 2807 2823 esse
2863 2780 2966 2822 so-

657 2855 849 2918 lutos,
944 2851 1097 2929 Sed,
1138 2853 1236 2916 uti
1274 2855 1409 2937 jam
1460 2852 1770 2930 diximus,
1822 2854 2133 2937 synodum
2181 2855 2356 2920 illam
2405 2878 2578 2920 anno
2628 2854 2751 2919 727
2801 2855 2968 2919 cele·

659 2952 911 3014 bratam
959 2972 1093 3014 esse
1142 2950 1604 3012 existimamUS.

835 3099 940 3163 40.
1006 3098 1215 3174 Quum
1265 3097 1326 3163 S.
1378 3097 1727 3183 Gregorius
1773 3098 1856 3161 ΙΙ.
1916 3098 2017 3163 die
2086 3100 2185 3163 13.
2239 3099 2569 3164 Februarii
2634 3101 2787 3165 anni
2837 3100 2961 3162 731

660 3196 737 3259 ad
785 3196 1025 3259 coelum
1079 3196 1442 3278 migrasset,
1502 3194 1603 3259 die
1665 3196 1761 3259 18.
1814 3194 2030 3260 Martii
2077 3198 2147 3260 in
2199 3198 2337 3281 ejus
2379 3198 2603 3261 -locum
2660 3198 2963 3262 suffectus

678 3291 805 3354 fuit
871 3288 1226 3373 Gregorius
1259 3289 1419 3377 ILL—
1467 3290 1685 3374 Syrus,
1732 3293 1901 3356 vitae
1956 3294 2333 3372 sanctitate,
2395 3295 2710 3377 sapientia
2758 3299 2821 3358 et
2872 3295 2961 3358 vi-

659 3389 934 3470 gilantia
998 3387 1223 3452 clarus.
1338 3388 1488 3452 Non
1557 3389 1866 3453 minorem
1941 3391 1994 3453 is
2062 3412 2278 3454 curam
2352 3390 2420 3454 in
2493 3393 2965 3476 propugnando

659 3508 980 3553 sacrarum
1049 3485 1399 3570 imaginum
1468 3488 1647 3550 cultu
1715 3488 2115 3550 monstravit.
2231 3486 2513 3553 Litteras
2581 3494 2647 3553 et
2713 3490 2964 3575 legatos

656 3583 891 3646 iterato
956 3581 1033 3644 ad
1081 3581 1363 3645 Leonem
1411 3582 1872 3666 Imperatorem
1935 3582 2313 3662 destinavit,
2385 3591 2460 3647 ut
2515 3607 2659 3649 eum
2717 3588 2798 3650 ab
2845 3589 2963 3652 im·

657 3680 762 3762 pia
819 3678 1065 3742 haeresi
1112 3677 1192 3741 ad
1235 3676 1609 3743 catholicam
1659 3679 2047 3743 sententiam
2107 3684 2454 3747 revocaret.
2562 3681 2711 3748 Itali
2768 3686 2963 3749 etiam

659 3776 995 3839 unanimes
1061 3774 1603 3857 supplicationum
1675 3776 1926 3839 libellos
1999 3798 2114 3859 pro
2180 3779 2593 3843 restituendis
2668 3780 2963 3865 imagini-

659 3872 777 3934 bus
841 3872 919 3935 ad
983 3872 1445 3953 Imperatorem
1514 3872 1909 3936 direxerunt.
2021 3869 2145 3936 Sed
2208 3879 2347 3937 tum
2416 3876 2749 3941 Pontificis
2819 3882 2962 3942 tum

841 4122 883 4189 1)
918 4124 984 4177 v.
1024 4124 1222 4185 Labbe.
1260 4126 1384 4178 Vn.
1423 4126 1522 4179 001.
1562 4129 1681 4179 947.
