<?xml version="1.0" encoding="UTF-8"?>
<!DOCTYPE html PUBLIC "-//W3C//DTD XHTML 1.0 Transitional//EN"
    "http://www.w3.org/TR/xhtml1/DTD/xhtml1-transitional.dtd">
<html xmlns="http://www.w3.org/1999/xhtml" xml:lang="en" lang="en">
 <head>
  <title>
</title>
<meta http-equiv="Content-Type" content="text/html;charset=utf-8" />
  <meta name='ocr-system' content='tesseract 3.04.00' />
  <meta name='ocr-capabilities' content='ocr_page ocr_carea ocr_par ocr_line ocrx_word'/>
</head>
<body>
  <div class='ocr_page' id='page_1' title='image "./dissertationess04junggoog_0150.png"; bbox 0 0 3270 5028; ppageno 0'>
   <div class='ocr_carea' id='block_1_1' title="bbox 324 1429 638 1524">
    <p class='ocr_par' dir='ltr' id='par_1_1' title="bbox 324 1429 638 1524">
     <span class='ocr_line' id='line_1_1' title="bbox 324 1429 638 1472; baseline 0 -1"><span class='ocrx_word' id='word_1_1' title='bbox 324 1429 534 1472; x_wconf 83' lang='lat' dir='ltr'><strong>Extensio</strong></span> <span class='ocrx_word' id='word_1_2' title='bbox 563 1429 638 1471; x_wconf 86' lang='lat' dir='ltr'><strong>do-</strong></span> 
     </span>
     <span class='ocr_line' id='line_1_2' title="bbox 375 1482 578 1524; baseline 0.005 -2"><span class='ocrx_word' id='word_1_3' title='bbox 375 1482 578 1524; x_wconf 86' lang='lat' dir='ltr'><strong>nationis.</strong></span> 
     </span>
    </p>
   </div>
   <div class='ocr_carea' id='block_1_2' title="bbox 651 471 2417 541">
    <p class='ocr_par' dir='ltr' id='par_1_2' title="bbox 651 471 2417 541">
     <span class='ocr_line' id='line_1_3' title="bbox 651 471 2417 541; baseline -0.001 -15"><span class='ocrx_word' id='word_1_4' title='bbox 651 475 754 527; x_wconf 86' lang='lat'><strong>144</strong></span> <span class='ocrx_word' id='word_1_5' title='bbox 1174 473 1320 526; x_wconf 88' lang='lat' dir='ltr'>XIV.</span> <span class='ocrx_word' id='word_1_6' title='bbox 1360 474 1442 527; x_wconf 90' lang='lat' dir='ltr'><strong>De</strong></span> <span class='ocrx_word' id='word_1_7' title='bbox 1482 471 1632 526; x_wconf 85' lang='lat' dir='ltr'><strong>civili</strong></span> <span class='ocrx_word' id='word_1_8' title='bbox 1669 472 1735 526; x_wconf 85' lang='lat' dir='ltr'><strong>R.</strong></span> <span class='ocrx_word' id='word_1_9' title='bbox 1773 471 2054 535; x_wconf 87' lang='lat' dir='ltr'><strong>Pontificis</strong></span> <span class='ocrx_word' id='word_1_10' title='bbox 2088 472 2417 541; x_wconf 86' lang='lat' dir='ltr'><strong>principatu.</strong></span> 
     </span>
    </p>
   </div>
   <div class='ocr_carea' id='block_1_3' title="bbox 648 612 2962 1379">
    <p class='ocr_par' dir='ltr' id='par_1_3' title="bbox 648 612 2962 1379">
     <span class='ocr_line' id='line_1_4' title="bbox 649 612 2959 699; baseline -0 -22"><span class='ocrx_word' id='word_1_11' title='bbox 649 614 987 691; x_wconf 86' lang='lat' dir='ltr'><strong>darentur,</strong></span> <span class='ocrx_word' id='word_1_12' title='bbox 1065 616 1258 679; x_wconf 88' lang='lat' dir='ltr'><strong>armis</strong></span> <span class='ocrx_word' id='word_1_13' title='bbox 1313 616 1466 697; x_wconf 86' lang='lat' dir='ltr'><strong>jura</strong></span> <span class='ocrx_word' id='word_1_14' title='bbox 1531 612 1863 678; x_wconf 85' lang='lat' dir='ltr'><strong>Pontificis</strong></span> <span class='ocrx_word' id='word_1_15' title='bbox 1934 615 2390 699; x_wconf 85' lang='lat' dir='ltr'><strong>protegebant,</strong></span> <span class='ocrx_word' id='word_1_16' title='bbox 2471 614 2664 678; x_wconf 89' lang='lat' dir='ltr'><strong>etiam</strong></span> <span class='ocrx_word' id='word_1_17' title='bbox 2730 618 2959 677; x_wconf 81' lang='lat' dir='ltr'><strong>contra</strong></span> 
     </span>
     <span class='ocr_line' id='line_1_5' title="bbox 648 709 2955 782; baseline -0.001 -8"><span class='ocrx_word' id='word_1_18' title='bbox 648 711 964 775; x_wconf 86' lang='lat' dir='ltr'><strong>factiones</strong></span> <span class='ocrx_word' id='word_1_19' title='bbox 1013 713 1222 775; x_wconf 87' lang='lat' dir='ltr'><strong>varias</strong></span> <span class='ocrx_word' id='word_1_20' title='bbox 1264 709 1510 775; x_wconf 87' lang='lat' dir='ltr'><strong>Romae</strong></span> <span class='ocrx_word' id='word_1_21' title='bbox 1568 711 1918 775; x_wconf 74' lang='lat' dir='ltr'><strong>existentes</strong></span> <span class='ocrx_word' id='word_1_22' title='bbox 1971 709 2144 773; x_wconf 90' lang='lat' dir='ltr'><strong>hunc</strong></span> <span class='ocrx_word' id='word_1_23' title='bbox 2189 710 2571 782; x_wconf 90' lang='lat' dir='ltr'><strong>tuebantur,</strong></span> <span class='ocrx_word' id='word_1_24' title='bbox 2630 715 2696 774; x_wconf 91' lang='lat' dir='ltr'><strong>et</strong></span> <span class='ocrx_word' id='word_1_25' title='bbox 2751 711 2955 774; x_wconf 87' lang='lat' dir='ltr'><strong>inter·</strong></span> 
     </span>
     <span class='ocr_line' id='line_1_6' title="bbox 649 806 2962 890; baseline -0 -20"><span class='ocrx_word' id='word_1_26' title='bbox 649 807 801 870; x_wconf 89' lang='lat' dir='ltr'><strong>dum</strong></span> <span class='ocrx_word' id='word_1_27' title='bbox 868 830 985 890; x_wconf 91' lang='lat' dir='ltr'><strong>pro</strong></span> <span class='ocrx_word' id='word_1_28' title='bbox 1053 808 1186 872; x_wconf 85' lang='lat' dir='ltr'><strong>reis</strong></span> <span class='ocrx_word' id='word_1_29' title='bbox 1245 808 1415 890; x_wconf 88' lang='lat' dir='ltr'><strong>apud</strong></span> <span class='ocrx_word' id='word_1_30' title='bbox 1477 806 1826 870; x_wconf 88' lang='lat' dir='ltr'><strong>Pontifices</strong></span> <span class='ocrx_word' id='word_1_31' title='bbox 1896 807 2401 871; x_wconf 71' lang='lat' dir='ltr'><strong>intercedebant.</strong></span> <span class='ocrx_word' id='word_1_32' title='bbox 2511 806 2598 871; x_wconf 88' lang='lat' dir='ltr'><strong>Et</strong></span> <span class='ocrx_word' id='word_1_33' title='bbox 2664 807 2962 890; x_wconf 86' lang='lat' dir='ltr'><strong>quamvis</strong></span> 
     </span>
     <span class='ocr_line' id='line_1_7' title="bbox 649 902 2958 986; baseline -0.001 -19"><span class='ocrx_word' id='word_1_34' title='bbox 649 904 886 973; x_wconf 87' lang='lat' dir='ltr'><strong>limites</strong></span> <span class='ocrx_word' id='word_1_35' title='bbox 946 904 1238 981; x_wconf 77' lang='lat' dir='ltr'><strong>honoriS,</strong></span> <span class='ocrx_word' id='word_1_36' title='bbox 1301 905 1584 967; x_wconf 90' lang='lat' dir='ltr'><strong>muneris</strong></span> <span class='ocrx_word' id='word_1_37' title='bbox 1643 907 1710 967; x_wconf 91' lang='lat' dir='ltr'><strong>et</strong></span> <span class='ocrx_word' id='word_1_38' title='bbox 1768 905 2106 985; x_wconf 87' lang='lat' dir='ltr'><strong>potestatis</strong></span> <span class='ocrx_word' id='word_1_39' title='bbox 2165 903 2574 986; x_wconf 88' lang='lat' dir='ltr'><strong>patriciorum</strong></span> <span class='ocrx_word' id='word_1_40' title='bbox 2633 902 2805 966; x_wconf 86' lang='lat' dir='ltr'><strong>haud</strong></span> <span class='ocrx_word' id='word_1_41' title='bbox 2863 903 2958 966; x_wconf 85' lang='lat' dir='ltr'><strong>ita</strong></span> 
     </span>
     <span class='ocr_line' id='line_1_8' title="bbox 650 998 2953 1082; baseline -0.001 -18"><span class='ocrx_word' id='word_1_42' title='bbox 650 1005 943 1064; x_wconf 84' lang='lat' dir='ltr'><strong>accurate</strong></span> <span class='ocrx_word' id='word_1_43' title='bbox 990 999 1401 1064; x_wconf 87' lang='lat' dir='ltr'><strong>determinati</strong></span> <span class='ocrx_word' id='word_1_44' title='bbox 1460 1005 1707 1075; x_wconf 82' lang='lat' dir='ltr'><strong>essent,</strong></span> <span class='ocrx_word' id='word_1_45' title='bbox 1770 1005 1837 1062; x_wconf 89' lang='lat' dir='ltr'><strong>et</strong></span> <span class='ocrx_word' id='word_1_46' title='bbox 1896 998 2146 1082; x_wconf 88' lang='lat' dir='ltr'><strong>patricii</strong></span> <span class='ocrx_word' id='word_1_47' title='bbox 2194 1000 2292 1062; x_wconf 87' lang='lat' dir='ltr'><strong>vel</strong></span> <span class='ocrx_word' id='word_1_48' title='bbox 2346 1000 2763 1082; x_wconf 88' lang='lat' dir='ltr'><strong>imperatores</strong></span> <span class='ocrx_word' id='word_1_49' title='bbox 2811 1020 2953 1082; x_wconf 90' lang='lat' dir='ltr'><strong>pas·</strong></span> 
     </span>
     <span class='ocr_line' id='line_1_9' title="bbox 651 1095 2959 1180; baseline -0.001 -18"><span class='ocrx_word' id='word_1_50' title='bbox 651 1099 769 1162; x_wconf 90' lang='lat' dir='ltr'><strong>sim</strong></span> <span class='ocrx_word' id='word_1_51' title='bbox 815 1117 921 1162; x_wconf 89' lang='lat' dir='ltr'><strong>eos</strong></span> <span class='ocrx_word' id='word_1_52' title='bbox 968 1096 1380 1170; x_wconf 81' lang='lat' dir='ltr'><strong>excederent,</strong></span> <span class='ocrx_word' id='word_1_53' title='bbox 1436 1097 1596 1161; x_wconf 88' lang='lat' dir='ltr'><strong>citra</strong></span> <span class='ocrx_word' id='word_1_54' title='bbox 1638 1095 1901 1159; x_wconf 90' lang='lat' dir='ltr'><strong>dubium</strong></span> <span class='ocrx_word' id='word_1_55' title='bbox 1948 1099 2169 1158; x_wconf 88' lang='lat' dir='ltr'><strong>tamen</strong></span> <span class='ocrx_word' id='word_1_56' title='bbox 2215 1097 2488 1179; x_wconf 90' lang='lat' dir='ltr'><strong>positum</strong></span> <span class='ocrx_word' id='word_1_57' title='bbox 2535 1102 2660 1174; x_wconf 88' lang='lat' dir='ltr'><strong>est,</strong></span> <span class='ocrx_word' id='word_1_58' title='bbox 2721 1097 2959 1180; x_wconf 86' lang='lat' dir='ltr'><strong>princi·</strong></span> 
     </span>
     <span class='ocr_line' id='line_1_10' title="bbox 651 1190 2957 1276; baseline 0 -20"><span class='ocrx_word' id='word_1_59' title='bbox 651 1205 878 1276; x_wconf 89' lang='lat' dir='ltr'><strong>patum</strong></span> <span class='ocrx_word' id='word_1_60' title='bbox 917 1193 1167 1257; x_wconf 88' lang='lat' dir='ltr'><strong>civilem</strong></span> <span class='ocrx_word' id='word_1_61' title='bbox 1213 1193 1281 1256; x_wconf 91' lang='lat' dir='ltr'><strong>in</strong></span> <span class='ocrx_word' id='word_1_62' title='bbox 1330 1190 1641 1257; x_wconf 87' lang='lat' dir='ltr'><strong>ditionem</strong></span> <span class='ocrx_word' id='word_1_63' title='bbox 1684 1192 2077 1275; x_wconf 88' lang='lat' dir='ltr'><strong>pontificiam</strong></span> <span class='ocrx_word' id='word_1_64' title='bbox 2126 1215 2260 1257; x_wconf 95' lang='lat' dir='ltr'><strong>non</strong></span> <span class='ocrx_word' id='word_1_65' title='bbox 2305 1193 2404 1275; x_wconf 83' lang='lat' dir='ltr'><strong>iis,</strong></span> <span class='ocrx_word' id='word_1_66' title='bbox 2449 1193 2557 1258; x_wconf 89' lang='lat' dir='ltr'><strong>sed</strong></span> <span class='ocrx_word' id='word_1_67' title='bbox 2604 1194 2754 1275; x_wconf 85' lang='lat' dir='ltr'><strong>solis</strong></span> <span class='ocrx_word' id='word_1_68' title='bbox 2784 1192 2957 1257; x_wconf 91' lang='lat' dir='ltr'><strong>Pon—</strong></span> 
     </span>
     <span class='ocr_line' id='line_1_11' title="bbox 653 1287 1428 1379; baseline -0.001 -25"><span class='ocrx_word' id='word_1_69' title='bbox 653 1290 933 1379; x_wconf 85' lang='lat' dir='ltr'><strong>tificibus</strong></span> <span class='ocrx_word' id='word_1_70' title='bbox 978 1287 1428 1371; x_wconf 86' lang='lat' dir='ltr'><strong>convenisse.¹)</strong></span> 
     </span>
    </p>
   </div>
   <div class='ocr_carea' id='block_1_4' title="bbox 651 1426 2960 1708">
    <p class='ocr_par' dir='ltr' id='par_1_4' title="bbox 651 1426 2960 1708">
     <span class='ocr_line' id='line_1_12' title="bbox 835 1426 2960 1517; baseline 0.001 -24"><span class='ocrx_word' id='word_1_71' title='bbox 835 1431 935 1494; x_wconf 88' lang='grc'><strong>70.</strong></span> <span class='ocrx_word' id='word_1_72' title='bbox 980 1429 1288 1513; x_wconf 82' lang='lat' dir='ltr'><strong>Superest</strong></span> <span class='ocrx_word' id='word_1_73' title='bbox 1334 1435 1408 1492; x_wconf 87' lang='lat' dir='ltr'><strong>ut</strong></span> <span class='ocrx_word' id='word_1_74' title='bbox 1453 1429 1529 1492; x_wconf 88' lang='lat' dir='ltr'><strong>de</strong></span> <span class='ocrx_word' id='word_1_75' title='bbox 1576 1426 1944 1492; x_wconf 78' lang='lat' dir='ltr'><strong>extensione</strong></span> <span class='ocrx_word' id='word_1_76' title='bbox 1988 1426 2377 1517; x_wconf 73' lang='lat' dir='ltr'><strong>donationiS,</strong></span> <span class='ocrx_word' id='word_1_77' title='bbox 2427 1450 2592 1512; x_wconf 86' lang='lat' dir='ltr'><strong>quae</strong></span> <span class='ocrx_word' id='word_1_78' title='bbox 2635 1428 2677 1493; x_wconf 83' lang='lat' dir='ltr'><strong>a</strong></span> <span class='ocrx_word' id='word_1_79' title='bbox 2722 1429 2960 1514; x_wconf 90' lang='lat' dir='ltr'><strong>Pipino</strong></span> 
     </span>
     <span class='ocr_line' id='line_1_13' title="bbox 654 1515 2960 1609; baseline 0 -17"><span class='ocrx_word' id='word_1_80' title='bbox 654 1534 718 1592; x_wconf 91' lang='lat' dir='ltr'><strong>et</strong></span> <span class='ocrx_word' id='word_1_81' title='bbox 767 1525 995 1592; x_wconf 88' lang='lat' dir='ltr'><strong>Carolo</strong></span> <span class='ocrx_word' id='word_1_82' title='bbox 1047 1525 1131 1590; x_wconf 91' lang='lat' dir='ltr'><strong>M.</strong></span> <span class='ocrx_word' id='word_1_83' title='bbox 1182 1525 1488 1591; x_wconf 86' lang='lat' dir='ltr'><strong>Romanis</strong></span> <span class='ocrx_word' id='word_1_84' title='bbox 1537 1516 1961 1589; x_wconf 72' lang='lat' dir='ltr'><strong>Pontificibus</strong></span> <span class='ocrx_word' id='word_1_85' title='bbox 2007 1515 2194 1589; x_wconf 41' lang='lat' dir='ltr'><strong>facta*</strong></span> <span class='ocrx_word' id='word_1_86' title='bbox 2228 1529 2354 1599; x_wconf 90' lang='lat' dir='ltr'><strong>est,</strong></span> <span class='ocrx_word' id='word_1_87' title='bbox 2409 1526 2739 1609; x_wconf 88' lang='lat' dir='ltr'><strong>aliquanto</strong></span> <span class='ocrx_word' id='word_1_88' title='bbox 2789 1549 2960 1592; x_wconf 88' lang='lat' dir='ltr'><strong>accu-</strong></span> 
     </span>
     <span class='ocr_line' id='line_1_14' title="bbox 651 1611 2957 1708; baseline -0 -20"><span class='ocrx_word' id='word_1_89' title='bbox 651 1625 852 1688; x_wconf 84' lang='lat' dir='ltr'><strong>ratius</strong></span> <span class='ocrx_word' id='word_1_90' title='bbox 917 1611 1210 1708; x_wconf 70' lang='lat' dir='ltr'><strong>agamus,</strong></span> <span class='ocrx_word' id='word_1_91' title='bbox 1275 1622 1586 1706; x_wconf 89' lang='lat' dir='ltr'><strong>simulque</strong></span> <span class='ocrx_word' id='word_1_92' title='bbox 1652 1623 2086 1685; x_wconf 87' lang='lat' dir='ltr'><strong>examinemus</strong></span> <span class='ocrx_word' id='word_1_93' title='bbox 2157 1623 2597 1687; x_wconf 79' lang='lat' dir='ltr'><strong>accusationes</strong></span> <span class='ocrx_word' id='word_1_94' title='bbox 2652 1624 2957 1707; x_wconf 89' lang='lat' dir='ltr'><strong>quasdam</strong></span> 
     </span>
    </p>
   </div>
   <div class='ocr_carea' id='block_1_5' title="bbox 620 1718 2963 1803">
    <p class='ocr_par' dir='ltr' id='par_1_5' title="bbox 620 1718 2963 1803">
     <span class='ocr_line' id='line_1_15' title="bbox 620 1718 2963 1803; baseline 0 -19"><span class='ocrx_word' id='word_1_95' title='bbox 620 1722 718 1784; x_wconf 78' lang='lat' dir='ltr'><strong>‘in</strong></span> <span class='ocrx_word' id='word_1_96' title='bbox 751 1720 1101 1784; x_wconf 90' lang='lat' dir='ltr'><strong>Pontifices</strong></span> <span class='ocrx_word' id='word_1_97' title='bbox 1142 1719 1316 1783; x_wconf 90' lang='lat' dir='ltr'><strong>illius</strong></span> <span class='ocrx_word' id='word_1_98' title='bbox 1360 1719 1668 1800; x_wconf 83' lang='lat' dir='ltr'><strong>temporis</strong></span> <span class='ocrx_word' id='word_1_99' title='bbox 1714 1720 1893 1782; x_wconf 81' lang='lat' dir='ltr'><strong>latas,</strong></span> <span class='ocrx_word' id='word_1_100' title='bbox 1972 1718 2145 1782; x_wconf 91' lang='lat' dir='ltr'><strong>Illud</strong></span> <span class='ocrx_word' id='word_1_101' title='bbox 2176 1719 2489 1803; x_wconf 78' lang='lat' dir='ltr'><strong>imprimis</strong></span> <span class='ocrx_word' id='word_1_102' title='bbox 2534 1720 2708 1783; x_wconf 88' lang='lat' dir='ltr'><strong>inter</strong></span> <span class='ocrx_word' id='word_1_103' title='bbox 2738 1742 2963 1785; x_wconf 83' lang='lat' dir='ltr'><strong>omnes</strong></span> 
     </span>
    </p>
   </div>
   <div class='ocr_carea' id='block_1_6' title="bbox 328 3044 633 3209">
    <p class='ocr_par' dir='ltr' id='par_1_6' title="bbox 328 3044 633 3209">
     <span class='ocr_line' id='line_1_16' title="bbox 328 3044 633 3096; baseline 0.003 -11"><span class='ocrx_word' id='word_1_104' title='bbox 328 3044 633 3096; x_wconf 82' lang='lat' dir='ltr'><strong>Fragmentum</strong></span> 
     </span>
     <span class='ocr_line' id='line_1_17' title="bbox 377 3106 600 3147; baseline 0 0"><span class='ocrx_word' id='word_1_105' title='bbox 377 3106 600 3147; x_wconf 83' lang='lat' dir='ltr'><strong>Fantutia-</strong></span> 
     </span>
     <span class='ocr_line' id='line_1_18' title="bbox 428 3181 542 3209; baseline 0.018 -2"><span class='ocrx_word' id='word_1_106' title='bbox 428 3181 542 3209; x_wconf 88' lang='lat' dir='ltr'><strong>num.</strong></span> 
     </span>
    </p>
   </div>
   <div class='ocr_carea' id='block_1_7' title="bbox 654 1813 2971 2957">
    <p class='ocr_par' dir='ltr' id='par_1_7' title="bbox 654 1813 2971 2957">
     <span class='ocr_line' id='line_1_19' title="bbox 655 1813 2958 1899; baseline -0.001 -17"><span class='ocrx_word' id='word_1_107' title='bbox 655 1821 940 1891; x_wconf 88' lang='lat' dir='ltr'><strong>constat,</strong></span> <span class='ocrx_word' id='word_1_108' title='bbox 1004 1838 1041 1878; x_wconf 89' lang='lat' dir='ltr'><strong>a</strong></span> <span class='ocrx_word' id='word_1_109' title='bbox 1086 1814 1321 1898; x_wconf 91' lang='lat' dir='ltr'><strong>Pipino</strong></span> <span class='ocrx_word' id='word_1_110' title='bbox 1379 1820 1446 1878; x_wconf 90' lang='lat' dir='ltr'><strong>et</strong></span> <span class='ocrx_word' id='word_1_111' title='bbox 1502 1813 1730 1879; x_wconf 85' lang='lat' dir='ltr'><strong>Carolo</strong></span> <span class='ocrx_word' id='word_1_112' title='bbox 1787 1821 1930 1897; x_wconf 91' lang='lat' dir='ltr'><strong>post</strong></span> <span class='ocrx_word' id='word_1_113' title='bbox 1986 1815 2268 1879; x_wconf 84' lang='lat' dir='ltr'><strong>devictos</strong></span> <span class='ocrx_word' id='word_1_114' title='bbox 2323 1814 2780 1899; x_wconf 85' lang='lat' dir='ltr'><strong>Longobardos</strong></span> <span class='ocrx_word' id='word_1_115' title='bbox 2829 1816 2958 1880; x_wconf 82' lang='lat' dir='ltr'><strong>Ro-</strong></span> 
     </span>
     <span class='ocr_line' id='line_1_20' title="bbox 656 1910 2964 1996; baseline -0 -19"><span class='ocrx_word' id='word_1_116' title='bbox 656 1935 849 1977; x_wconf 88' lang='lat' dir='ltr'><strong>mano</strong></span> <span class='ocrx_word' id='word_1_117' title='bbox 915 1911 1218 1976; x_wconf 90' lang='lat' dir='ltr'><strong>Pontifici</strong></span> <span class='ocrx_word' id='word_1_118' title='bbox 1288 1910 1700 1993; x_wconf 87' lang='lat' dir='ltr'><strong>exarchatum</strong></span> <span class='ocrx_word' id='word_1_119' title='bbox 1774 1910 2341 1991; x_wconf 82' lang='lat' dir='ltr'><strong>Ravennatensem</strong></span> <span class='ocrx_word' id='word_1_120' title='bbox 2411 1934 2553 1976; x_wconf 91' lang='lat' dir='ltr'><strong>cum</strong></span> <span class='ocrx_word' id='word_1_121' title='bbox 2620 1912 2964 1996; x_wconf 66' lang='lat' dir='ltr'><strong>Pentapoli</strong></span> 
     </span>
     <span class='ocr_line' id='line_1_21' title="bbox 656 2006 2964 2093; baseline 0 -21"><span class='ocrx_word' id='word_1_122' title='bbox 656 2009 1047 2074; x_wconf 87' lang='lat' dir='ltr'><strong>vindicatum</strong></span> <span class='ocrx_word' id='word_1_123' title='bbox 1120 2010 1346 2085; x_wconf 90' lang='lat' dir='ltr'><strong>fuisse,</strong></span> <span class='ocrx_word' id='word_1_124' title='bbox 1421 2009 1520 2072; x_wconf 89' lang='lat' dir='ltr'><strong>cui</strong></span> <span class='ocrx_word' id='word_1_125' title='bbox 1591 2009 1933 2093; x_wconf 87' lang='lat' dir='ltr'><strong>accedebat</strong></span> <span class='ocrx_word' id='word_1_126' title='bbox 1993 2006 2200 2072; x_wconf 85' lang='lat' dir='ltr'><strong>Roma</strong></span> <span class='ocrx_word' id='word_1_127' title='bbox 2278 2010 2565 2093; x_wconf 88' lang='lat' dir='ltr'><strong>ejusque</strong></span> <span class='ocrx_word' id='word_1_128' title='bbox 2617 2010 2777 2073; x_wconf 87' lang='lat' dir='ltr'><strong>ditio</strong></span> <span class='ocrx_word' id='word_1_129' title='bbox 2850 2031 2964 2073; x_wconf 87' lang='lat' dir='ltr'><strong>seu</strong></span> 
     </span>
     <span class='ocr_line' id='line_1_22' title="bbox 655 2098 2966 2191; baseline -0.001 -20"><span class='ocrx_word' id='word_1_130' title='bbox 655 2107 925 2191; x_wconf 78' lang='lat' dir='ltr'><strong>ducatus</strong></span> <span class='ocrx_word' id='word_1_131' title='bbox 983 2104 1337 2168; x_wconf 77' lang='lat' dir='ltr'><strong>Romanus,</strong></span> <span class='ocrx_word' id='word_1_132' title='bbox 1443 2101 1567 2167; x_wconf 87' lang='lat' dir='ltr'><strong>Sed</strong></span> <span class='ocrx_word' id='word_1_133' title='bbox 1634 2104 1938 2179; x_wconf 73' lang='lat' dir='ltr'><strong>vidimuS,</strong></span> <span class='ocrx_word' id='word_1_134' title='bbox 2001 2106 2070 2168; x_wconf 91' lang='lat' dir='ltr'><strong>in</strong></span> <span class='ocrx_word' id='word_1_135' title='bbox 2145 2106 2275 2168; x_wconf 87' lang='lat' dir='ltr'><strong>vita</strong></span> <span class='ocrx_word' id='word_1_136' title='bbox 2337 2104 2651 2169; x_wconf 87' lang='lat' dir='ltr'><strong>Hadriani</strong></span> <span class='ocrx_word' id='word_1_137' title='bbox 2693 2098 2799 2182; x_wconf 48' lang='lat' dir='ltr'><strong>¹(c.</strong></span> <span class='ocrx_word' id='word_1_138' title='bbox 2851 2105 2966 2186; x_wconf 84' lang='lat'><strong>42)</strong></span> 
     </span>
     <span class='ocr_line' id='line_1_23' title="bbox 654 2188 2971 2278; baseline -0.002 -10"><span class='ocrx_word' id='word_1_139' title='bbox 654 2188 1089 2268; x_wconf 55' lang='lat' dir='ltr'><strong>itK‘ci&#39;eEffi&#39;Bs</strong></span> <span class='ocrx_word' id='word_1_140' title='bbox 1108 2192 1523 2265; x_wconf 53' lang='lat' dir='ltr'><strong>donationem</strong></span> <span class='ocrx_word' id='word_1_141' title='bbox 1570 2223 1608 2264; x_wconf 88' lang='lat' dir='ltr'><strong>a</strong></span> <span class='ocrx_word' id='word_1_142' title='bbox 1652 2200 1878 2264; x_wconf 86' lang='lat' dir='ltr'><strong>Carolo</strong></span> <span class='ocrx_word' id='word_1_143' title='bbox 1927 2222 1982 2264; x_wconf 88' lang='lat' dir='ltr'><strong>a.</strong></span> <span class='ocrx_word' id='word_1_144' title='bbox 2034 2200 2161 2264; x_wconf 86' lang='lat'><strong>774</strong></span> <span class='ocrx_word' id='word_1_145' title='bbox 2208 2201 2447 2266; x_wconf 83' lang='lat' dir='ltr'><strong>Romae</strong></span> <span class='ocrx_word' id='word_1_146' title='bbox 2496 2201 2833 2278; x_wconf 87' lang='lat' dir='ltr'><strong>firmatam,</strong></span> <span class='ocrx_word' id='word_1_147' title='bbox 2891 2208 2971 2265; x_wconf 89' lang='lat' dir='ltr'><strong>ut</strong></span> 
     </span>
     <span class='ocr_line' id='line_1_24' title="bbox 656 2292 2959 2384; baseline -0.002 -20"><span class='ocrx_word' id='word_1_148' title='bbox 656 2298 860 2384; x_wconf 80' lang='lat' dir='ltr'><strong>major</strong></span> <span class='ocrx_word' id='word_1_149' title='bbox 906 2304 1071 2363; x_wconf 88' lang='lat' dir='ltr'><strong>esset</strong></span> <span class='ocrx_word' id='word_1_150' title='bbox 1115 2297 1424 2362; x_wconf 87' lang='lat' dir='ltr'><strong>territorii</strong></span> <span class='ocrx_word' id='word_1_151' title='bbox 1472 2297 1781 2361; x_wconf 87' lang='lat' dir='ltr'><strong>extensio.</strong></span> <span class='ocrx_word' id='word_1_152' title='bbox 1874 2297 1955 2361; x_wconf 91' lang='lat' dir='ltr'><strong>In</strong></span> <span class='ocrx_word' id='word_1_153' title='bbox 2001 2297 2221 2380; x_wconf 87' lang='lat' dir='ltr'><strong>eadem</strong></span> <span class='ocrx_word' id='word_1_154' title='bbox 2276 2297 2446 2361; x_wconf 90' lang='lat' dir='ltr'><strong>enim</strong></span> <span class='ocrx_word' id='word_1_155' title='bbox 2499 2292 2700 2377; x_wconf 35' lang='lat' dir='ltr'><strong>‘etiam</strong></span> <span class='ocrx_word' id='word_1_156' title='bbox 2747 2299 2959 2361; x_wconf 87' lang='lat' dir='ltr'><strong>insula</strong></span> 
     </span>
     <span class='ocr_line' id='line_1_25' title="bbox 657 2391 2959 2478; baseline -0.003 -16"><span class='ocrx_word' id='word_1_157' title='bbox 657 2396 941 2473; x_wconf 87' lang='lat' dir='ltr'><strong>Corsica,</strong></span> <span class='ocrx_word' id='word_1_158' title='bbox 1000 2395 1327 2478; x_wconf 87' lang='lat' dir='ltr'><strong>provincia</strong></span> <span class='ocrx_word' id='word_1_159' title='bbox 1373 2393 1792 2457; x_wconf 86' lang='lat' dir='ltr'><strong>Venetiarum</strong></span> <span class='ocrx_word' id='word_1_160' title='bbox 1841 2398 1906 2456; x_wconf 87' lang='lat' dir='ltr'><strong>et</strong></span> <span class='ocrx_word' id='word_1_161' title='bbox 1951 2391 2170 2470; x_wconf 88' lang='lat' dir='ltr'><strong>Istria,</strong></span> <span class='ocrx_word' id='word_1_162' title='bbox 2235 2415 2484 2458; x_wconf 90' lang='lat' dir='ltr'><strong>necnon</strong></span> <span class='ocrx_word' id='word_1_163' title='bbox 2531 2399 2803 2458; x_wconf 79' lang='lat' dir='ltr'><strong>cunctus</strong></span> <span class='ocrx_word' id='word_1_164' title='bbox 2851 2393 2959 2456; x_wconf 89' lang='lat' dir='ltr'><strong>du·</strong></span> 
     </span>
     <span class='ocr_line' id='line_1_26' title="bbox 654 2487 2962 2577; baseline -0.002 -18"><span class='ocrx_word' id='word_1_165' title='bbox 654 2499 833 2559; x_wconf 88' lang='lat' dir='ltr'><strong>catus</strong></span> <span class='ocrx_word' id='word_1_166' title='bbox 891 2491 1277 2577; x_wconf 83' lang='lat' dir='ltr'><strong>Spoletanus</strong></span> <span class='ocrx_word' id='word_1_167' title='bbox 1333 2494 1398 2555; x_wconf 92' lang='lat' dir='ltr'><strong>et</strong></span> <span class='ocrx_word' id='word_1_168' title='bbox 1442 2489 1943 2555; x_wconf 87' lang='lat' dir='ltr'><strong>Beneventanus</strong></span> <span class='ocrx_word' id='word_1_169' title='bbox 2001 2489 2650 2574; x_wconf 88' lang='lat' dir='ltr'><strong>comprehenduntur.</strong></span> <span class='ocrx_word' id='word_1_170' title='bbox 2756 2487 2962 2555; x_wconf 76' lang='lat' dir='ltr'><strong>Simu}</strong></span> 
     </span>
     <span class='ocr_line' id='line_1_27' title="bbox 656 2581 2957 2671; baseline -0.003 -16"><span class='ocrx_word' id='word_1_171' title='bbox 656 2596 872 2655; x_wconf 89' lang='lat' dir='ltr'><strong>autem</strong></span> <span class='ocrx_word' id='word_1_172' title='bbox 935 2594 1304 2663; x_wconf 87' lang='lat' dir='ltr'><strong>enarratur,</strong></span> <span class='ocrx_word' id='word_1_173' title='bbox 1376 2587 1675 2651; x_wconf 86' lang='lat' dir='ltr'><strong>Carolum</strong></span> <span class='ocrx_word' id='word_1_174' title='bbox 1747 2587 1869 2650; x_wconf 90' lang='lat' dir='ltr'><strong>sibi</strong></span> <span class='ocrx_word' id='word_1_175' title='bbox 1928 2588 2126 2671; x_wconf 88' lang='lat' dir='ltr'><strong>relegi</strong></span> <span class='ocrx_word' id='word_1_176' title='bbox 2188 2588 2413 2652; x_wconf 86' lang='lat' dir='ltr'><strong>fecisse</strong></span> <span class='ocrx_word' id='word_1_177' title='bbox 2475 2581 2957 2669; x_wconf 84' lang='lat' dir='ltr'><strong>promissionem</strong></span> 
     </span>
     <span class='ocr_line' id='line_1_28' title="bbox 656 2679 2968 2771; baseline -0.003 -19"><span class='ocrx_word' id='word_1_178' title='bbox 656 2710 819 2771; x_wconf 87' lang='lat' dir='ltr'><strong>quae</strong></span> <span class='ocrx_word' id='word_1_179' title='bbox 881 2688 1053 2751; x_wconf 87' lang='lat' dir='ltr'><strong>facta</strong></span> <span class='ocrx_word' id='word_1_180' title='bbox 1090 2679 1312 2768; x_wconf 54' lang='lat' dir='ltr'><strong>&#39;fuerit</strong></span> <span class='ocrx_word' id='word_1_181' title='bbox 1369 2707 1406 2747; x_wconf 88' lang='lat' dir='ltr'><strong>a</strong></span> <span class='ocrx_word' id='word_1_182' title='bbox 1459 2682 1693 2767; x_wconf 90' lang='lat' dir='ltr'><strong>Pipino</strong></span> <span class='ocrx_word' id='word_1_183' title='bbox 1752 2682 2053 2764; x_wconf 86' lang='lat' dir='ltr'><strong>Carisiaci</strong></span> <span class='ocrx_word' id='word_1_184' title='bbox 2100 2682 2181 2767; x_wconf 88' lang='lat' dir='ltr'><strong>(a.</strong></span> <span class='ocrx_word' id='word_1_185' title='bbox 2245 2681 2429 2766; x_wconf 83' lang='lat'><strong>754),</strong></span> <span class='ocrx_word' id='word_1_186' title='bbox 2489 2689 2555 2747; x_wconf 89' lang='lat' dir='ltr'><strong>et</strong></span> <span class='ocrx_word' id='word_1_187' title='bbox 2617 2679 2968 2748; x_wconf 85' lang='lat' dir='ltr'><strong>adinstar</strong></span> 
     </span>
     <span class='ocr_line' id='line_1_29' title="bbox 657 2778 2970 2867; baseline -0.002 -21"><span class='ocrx_word' id='word_1_188' title='bbox 657 2784 832 2848; x_wconf 82' lang='lat' dir='ltr'><strong>illius·</strong></span> <span class='ocrx_word' id='word_1_189' title='bbox 881 2783 1318 2867; x_wconf 87' lang='lat' dir='ltr'><strong>promissionis</strong></span> <span class='ocrx_word' id='word_1_190' title='bbox 1366 2804 1600 2846; x_wconf 86' lang='lat' dir='ltr'><strong>novam</strong></span> <span class='ocrx_word' id='word_1_191' title='bbox 1650 2780 2059 2845; x_wconf 88' lang='lat' dir='ltr'><strong>donationem</strong></span> <span class='ocrx_word' id='word_1_192' title='bbox 2117 2799 2246 2861; x_wconf 78' lang='lat' dir='ltr'><strong>qua</strong></span> <span class='ocrx_word' id='word_1_193' title='bbox 2292 2778 2595 2844; x_wconf 77' lang='lat' dir='ltr'><strong>concessit</strong></span> <span class='ocrx_word' id='word_1_194' title='bbox 2640 2778 2970 2864; x_wconf 88' lang='lat' dir='ltr'><strong>(Carolus)</strong></span> 
     </span>
     <span class='ocr_line' id='line_1_30' title="bbox 661 2876 2890 2957; baseline -0.002 -13"><span class='ocrx_word' id='word_1_195' title='bbox 661 2880 910 2944; x_wconf 79' lang='lat' dir='ltr'><strong>easdem</strong></span> <span class='ocrx_word' id='word_1_196' title='bbox 958 2877 1249 2943; x_wconf 77' lang='lat' dir='ltr'><strong>civitates</strong></span> <span class='ocrx_word' id='word_1_197' title='bbox 1294 2880 1356 2941; x_wconf 81' lang='lat' dir='ltr'><strong>et</strong></span> <span class='ocrx_word' id='word_1_198' title='bbox 1401 2876 1740 2941; x_wconf 79' lang='lat' dir='ltr'><strong>territoria</strong></span> <span class='ocrx_word' id='word_1_199' title='bbox 1789 2876 1966 2942; x_wconf 78' lang='lat' dir='ltr'><strong>beato</strong></span> <span class='ocrx_word' id='word_1_200' title='bbox 2011 2876 2226 2957; x_wconf 78' lang='lat' dir='ltr'><strong>Petro,</strong></span> <span class='ocrx_word' id='word_1_201' title='bbox 2274 2879 2631 2943; x_wconf 84' lang='lat' dir='ltr'><strong>confectam</strong></span> <span class='ocrx_word' id='word_1_202' title='bbox 2677 2878 2890 2942; x_wconf 84' lang='lat' dir='ltr'><strong>fuisse.</strong></span> 
     </span>
    </p>
   </div>
   <div class='ocr_carea' id='block_1_8' title="bbox 659 3024 2971 3396">
    <p class='ocr_par' dir='ltr' id='par_1_8' title="bbox 659 3024 2971 3396">
     <span class='ocr_line' id='line_1_31' title="bbox 841 3024 2966 3108; baseline -0.002 -16"><span class='ocrx_word' id='word_1_203' title='bbox 841 3030 938 3093; x_wconf 89' lang='grc'><strong>71.</strong></span> <span class='ocrx_word' id='word_1_204' title='bbox 1018 3027 1512 3091; x_wconf 87' lang='lat' dir='ltr'><strong>Promissionem</strong></span> <span class='ocrx_word' id='word_1_205' title='bbox 1589 3026 1763 3089; x_wconf 89' lang='lat' dir='ltr'><strong>illam</strong></span> <span class='ocrx_word' id='word_1_206' title='bbox 1844 3024 2145 3089; x_wconf 88' lang='lat' dir='ltr'><strong>Carisiaci</strong></span> <span class='ocrx_word' id='word_1_207' title='bbox 2218 3025 2459 3089; x_wconf 85' lang='lat' dir='ltr'><strong>factam</strong></span> <span class='ocrx_word' id='word_1_208' title='bbox 2532 3029 2781 3108; x_wconf 86' lang='lat' dir='ltr'><strong>spectat</strong></span> <span class='ocrx_word' id='word_1_209' title='bbox 2852 3024 2966 3088; x_wconf 84' lang='lat' dir='ltr'><strong>do·</strong></span> 
     </span>
     <span class='ocr_line' id='line_1_32' title="bbox 662 3111 2966 3206; baseline -0.003 -16"><span class='ocrx_word' id='word_1_210' title='bbox 662 3131 1032 3190; x_wconf 88' lang='lat' dir='ltr'><strong>cumentum</strong></span> <span class='ocrx_word' id='word_1_211' title='bbox 1090 3123 1258 3206; x_wconf 88' lang='lat' dir='ltr'><strong>quod</strong></span> <span class='ocrx_word' id='word_1_212' title='bbox 1315 3120 1791 3203; x_wconf 73' lang='lat' dir='ltr'><strong>Fraqmentnm</strong></span> <span class='ocrx_word' id='word_1_213' title='bbox 1847 3119 2338 3185; x_wconf 77' lang='lat' dir='ltr'><strong>Fantntianum</strong></span> <span class='ocrx_word' id='word_1_214' title='bbox 2396 3122 2561 3186; x_wconf 88' lang='lat' dir='ltr'><strong>solet</strong></span> <span class='ocrx_word' id='word_1_215' title='bbox 2624 3111 2966 3204; x_wconf 75' lang='lat' dir='ltr'><strong>app&#39;ellari3</strong></span> 
     </span>
     <span class='ocr_line' id='line_1_33' title="bbox 661 3218 2971 3300; baseline -0.003 -13"><span class='ocrx_word' id='word_1_216' title='bbox 661 3222 879 3287; x_wconf 89' lang='lat' dir='ltr'><strong>eodem</strong></span> <span class='ocrx_word' id='word_1_217' title='bbox 943 3220 1239 3285; x_wconf 86' lang='lat' dir='ltr'><strong>videlicet</strong></span> <span class='ocrx_word' id='word_1_218' title='bbox 1306 3219 1537 3283; x_wconf 89' lang='lat' dir='ltr'><strong>relatio</strong></span> <span class='ocrx_word' id='word_1_219' title='bbox 1613 3241 1831 3283; x_wconf 90' lang='lat' dir='ltr'><strong>eorum</strong></span> <span class='ocrx_word' id='word_1_220' title='bbox 1897 3239 2060 3300; x_wconf 87' lang='lat' dir='ltr'><strong>quae</strong></span> <span class='ocrx_word' id='word_1_221' title='bbox 2126 3218 2424 3282; x_wconf 86' lang='lat' dir='ltr'><strong>Carisiaci</strong></span> <span class='ocrx_word' id='word_1_222' title='bbox 2498 3222 2744 3282; x_wconf 86' lang='lat' dir='ltr'><strong>statuta</strong></span> <span class='ocrx_word' id='word_1_223' title='bbox 2812 3218 2971 3293; x_wconf 83' lang='lat' dir='ltr'><strong>sint,</strong></span> 
     </span>
     <span class='ocr_line' id='line_1_34' title="bbox 659 3313 2962 3396; baseline -0.003 -14"><span class='ocrx_word' id='word_1_224' title='bbox 659 3319 1048 3383; x_wconf 88' lang='lat' dir='ltr'><strong>continetur.</strong></span> <span class='ocrx_word' id='word_1_225' title='bbox 1068 3314 1118 3396; x_wconf 80' lang='lat'><strong>2)</strong></span> <span class='ocrx_word' id='word_1_226' title='bbox 1239 3316 1619 3380; x_wconf 88' lang='lat' dir='ltr'><strong>Inscribitur</strong></span> <span class='ocrx_word' id='word_1_227' title='bbox 1693 3313 1813 3379; x_wconf 89' lang='lat' dir='ltr'><strong>hoc</strong></span> <span class='ocrx_word' id='word_1_228' title='bbox 1888 3316 2367 3379; x_wconf 87' lang='lat' dir='ltr'><strong>documentum:</strong></span> <span class='ocrx_word' id='word_1_229' title='bbox 2447 3313 2764 3388; x_wconf 82' lang='lat' dir='ltr'><strong>„Pactum</strong></span> <span class='ocrx_word' id='word_1_230' title='bbox 2832 3314 2962 3377; x_wconf 85' lang='lat' dir='ltr'><strong>sive</strong></span> 
     </span>
    </p>
   </div>
   <div class='ocr_carea' id='block_1_9' title="bbox 659 3567 2978 4277">
    <p class='ocr_par' dir='ltr' id='par_1_9' title="bbox 840 3567 2466 3644">
     <span class='ocr_line' id='line_1_35' title="bbox 840 3567 2466 3644; baseline -0.001 -14"><span class='ocrx_word' id='word_1_231' title='bbox 840 3578 884 3640; x_wconf 86' lang='lat'><strong>¹)</strong></span> <span class='ocrx_word' id='word_1_232' title='bbox 924 3578 1212 3641; x_wconf 87' lang='lat' dir='ltr'><strong>Reumont,</strong></span> <span class='ocrx_word' id='word_1_233' title='bbox 1251 3575 1446 3630; x_wconf 84' lang='lat' dir='ltr'><strong>Gesch.</strong></span> <span class='ocrx_word' id='word_1_234' title='bbox 1485 3567 1780 3629; x_wconf 64' lang='lat' dir='ltr'><strong>der&#39;Stadt</strong></span> <span class='ocrx_word' id='word_1_235' title='bbox 1816 3577 1970 3642; x_wconf 86' lang='lat' dir='ltr'><strong>Rom,</strong></span> <span class='ocrx_word' id='word_1_236' title='bbox 2010 3576 2083 3629; x_wconf 91' lang='grc' dir='ltr'><strong>ΙΙ.</strong></span> <span class='ocrx_word' id='word_1_237' title='bbox 2121 3593 2172 3644; x_wconf 86' lang='lat' dir='ltr'><strong>p.</strong></span> <span class='ocrx_word' id='word_1_238' title='bbox 2215 3577 2312 3629; x_wconf 87' lang='grc'><strong>147</strong></span> <span class='ocrx_word' id='word_1_239' title='bbox 2354 3591 2466 3643; x_wconf 87' lang='lat' dir='ltr'><strong>sqq.</strong></span> 
     </span>
    </p>

    <p class='ocr_par' dir='ltr' id='par_1_10' title="bbox 659 3653 2978 4277">
     <span class='ocr_line' id='line_1_36' title="bbox 837 3653 2972 3722; baseline -0.001 -13"><span class='ocrx_word' id='word_1_240' title='bbox 837 3655 880 3722; x_wconf 77' lang='grc'><strong>2)</strong></span> <span class='ocrx_word' id='word_1_241' title='bbox 918 3656 1037 3709; x_wconf 90' lang='lat' dir='ltr'><strong>Hoc</strong></span> <span class='ocrx_word' id='word_1_242' title='bbox 1075 3656 1454 3709; x_wconf 84' lang='lat' dir='ltr'><strong>documentum</strong></span> <span class='ocrx_word' id='word_1_243' title='bbox 1492 3656 1835 3721; x_wconf 85' lang='lat' dir='ltr'><strong>desumptum</strong></span> <span class='ocrx_word' id='word_1_244' title='bbox 1883 3663 1970 3710; x_wconf 91' lang='lat' dir='ltr'><strong>est</strong></span> <span class='ocrx_word' id='word_1_245' title='bbox 2006 3672 2072 3709; x_wconf 89' lang='lat' dir='ltr'><strong>ex</strong></span> <span class='ocrx_word' id='word_1_246' title='bbox 2116 3653 2377 3708; x_wconf 86' lang='lat' dir='ltr'><strong>archiviis</strong></span> <span class='ocrx_word' id='word_1_247' title='bbox 2426 3654 2755 3722; x_wconf 87' lang='lat' dir='ltr'><strong>reipublicae</strong></span> <span class='ocrx_word' id='word_1_248' title='bbox 2791 3654 2972 3707; x_wconf 69' lang='lat' dir='ltr'><strong>Vene-</strong></span> 
     </span>
     <span class='ocr_line' id='line_1_37' title="bbox 659 3732 2972 3802; baseline -0.003 -12"><span class='ocrx_word' id='word_1_249' title='bbox 659 3743 852 3790; x_wconf 86' lang='lat' dir='ltr'><strong>torum.</strong></span> <span class='ocrx_word' id='word_1_250' title='bbox 927 3736 976 3787; x_wconf 91' lang='lat' dir='ltr'>A</span> <span class='ocrx_word' id='word_1_251' title='bbox 1025 3733 1289 3802; x_wconf 85' lang='lat' dir='ltr'><strong>gubernio</strong></span> <span class='ocrx_word' id='word_1_252' title='bbox 1327 3733 1663 3787; x_wconf 87' lang='lat' dir='ltr'><strong>Venetorum</strong></span> <span class='ocrx_word' id='word_1_253' title='bbox 1701 3733 1962 3788; x_wconf 89' lang='lat' dir='ltr'><strong>videlicet</strong></span> <span class='ocrx_word' id='word_1_254' title='bbox 2012 3749 2059 3787; x_wconf 87' lang='lat' dir='ltr'><strong>a.</strong></span> <span class='ocrx_word' id='word_1_255' title='bbox 2101 3736 2237 3787; x_wconf 83' lang='lat'>1500</span> <span class='ocrx_word' id='word_1_256' title='bbox 2288 3733 2539 3788; x_wconf 83' lang='lat' dir='ltr'><strong>collectio</strong></span> <span class='ocrx_word' id='word_1_257' title='bbox 2587 3732 2833 3786; x_wconf 82' lang='lat' dir='ltr'><strong>confecta</strong></span> <span class='ocrx_word' id='word_1_258' title='bbox 2883 3736 2972 3784; x_wconf 88' lang='lat' dir='ltr'><strong>est</strong></span> 
     </span>
     <span class='ocr_line' id='line_1_38' title="bbox 663 3809 2966 3880; baseline -0.003 -11"><span class='ocrx_word' id='word_1_259' title='bbox 663 3817 1107 3870; x_wconf 86' lang='lat' dir='ltr'><strong>documentorum</strong></span> <span class='ocrx_word' id='word_1_260' title='bbox 1152 3829 1371 3867; x_wconf 90' lang='lat' dir='ltr'><strong>numero</strong></span> <span class='ocrx_word' id='word_1_261' title='bbox 1415 3814 1545 3878; x_wconf 79' lang='lat'><strong>270,</strong></span> <span class='ocrx_word' id='word_1_262' title='bbox 1593 3827 1730 3878; x_wconf 87' lang='lat' dir='ltr'><strong>quae</strong></span> <span class='ocrx_word' id='word_1_263' title='bbox 1778 3812 1999 3880; x_wconf 88' lang='lat' dir='ltr'><strong>maj0ris</strong></span> <span class='ocrx_word' id='word_1_264' title='bbox 2039 3812 2296 3867; x_wconf 89' lang='lat' dir='ltr'><strong>momenti</strong></span> <span class='ocrx_word' id='word_1_265' title='bbox 2348 3817 2535 3876; x_wconf 89' lang='lat' dir='ltr'><strong>erant,</strong></span> <span class='ocrx_word' id='word_1_266' title='bbox 2578 3811 2848 3878; x_wconf 86' lang='lat' dir='ltr'><strong>inscripto</strong></span> <span class='ocrx_word' id='word_1_267' title='bbox 2894 3809 2966 3863; x_wconf 88' lang='lat' dir='ltr'><strong>ti-</strong></span> 
     </span>
     <span class='ocr_line' id='line_1_39' title="bbox 661 3890 2970 3961; baseline -0.003 -13"><span class='ocrx_word' id='word_1_268' title='bbox 661 3895 803 3948; x_wconf 88' lang='lat' dir='ltr'><strong>tulo:</strong></span> <span class='ocrx_word' id='word_1_269' title='bbox 855 3892 1065 3961; x_wconf 88' lang='lat' dir='ltr'><strong>„Series</strong></span> <span class='ocrx_word' id='word_1_270' title='bbox 1101 3892 1436 3960; x_wconf 89' lang='lat' dir='ltr'><strong>litterarum,</strong></span> <span class='ocrx_word' id='word_1_271' title='bbox 1484 3892 1900 3960; x_wconf 84' lang='lat' dir='ltr'><strong>privilegiorum</strong></span> <span class='ocrx_word' id='word_1_272' title='bbox 1952 3897 2007 3945; x_wconf 90' lang='lat' dir='ltr'><strong>et</strong></span> <span class='ocrx_word' id='word_1_273' title='bbox 2040 3896 2322 3960; x_wconf 88' lang='lat' dir='ltr'><strong>pactorum</strong></span> <span class='ocrx_word' id='word_1_274' title='bbox 2347 3890 2693 3957; x_wconf 87' lang='lat' dir='ltr'><strong>Pontificum,</strong></span> <span class='ocrx_word' id='word_1_275' title='bbox 2731 3890 2970 3956; x_wconf 83' lang='lat' dir='ltr'><strong>Impera—</strong></span> 
     </span>
     <span class='ocr_line' id='line_1_40' title="bbox 661 3968 2969 4040; baseline -0.004 -12"><span class='ocrx_word' id='word_1_276' title='bbox 661 3981 844 4028; x_wconf 89' lang='lat' dir='ltr'><strong>torum</strong></span> <span class='ocrx_word' id='word_1_277' title='bbox 892 3977 949 4027; x_wconf 90' lang='lat' dir='ltr'><strong>et</strong></span> <span class='ocrx_word' id='word_1_278' title='bbox 998 3971 1227 4026; x_wconf 87' lang='lat' dir='ltr'><strong>aliorum</strong></span> <span class='ocrx_word' id='word_1_279' title='bbox 1265 3972 1581 4040; x_wconf 88' lang='lat' dir='ltr'><strong>Principum</strong></span> <span class='ocrx_word' id='word_1_280' title='bbox 1633 3972 1702 4024; x_wconf 86' lang='lat' dir='ltr'><strong>ad</strong></span> <span class='ocrx_word' id='word_1_281' title='bbox 1751 3970 2082 4025; x_wconf 89' lang='lat' dir='ltr'><strong>Venetorum</strong></span> <span class='ocrx_word' id='word_1_282' title='bbox 2132 3971 2386 4025; x_wconf 85' lang='lat' dir='ltr'><strong>ducatum</strong></span> <span class='ocrx_word' id='word_1_283' title='bbox 2435 3974 2491 4022; x_wconf 90' lang='lat' dir='ltr'><strong>et</strong></span> <span class='ocrx_word' id='word_1_284' title='bbox 2540 3968 2801 4023; x_wconf 87' lang='lat' dir='ltr'><strong>ecclesias</strong></span> <span class='ocrx_word' id='word_1_285' title='bbox 2852 3982 2969 4033; x_wconf 89' lang='lat' dir='ltr'><strong>spe-</strong></span> 
     </span>
     <span class='ocr_line' id='line_1_41' title="bbox 663 4045 2978 4120; baseline -0.003 -14"><span class='ocrx_word' id='word_1_286' title='bbox 663 4051 954 4120; x_wconf 89' lang='lat' dir='ltr'><strong>ctantium,</strong></span> <span class='ocrx_word' id='word_1_287' title='bbox 1005 4051 1072 4104; x_wconf 87' lang='lat' dir='ltr'><strong>ab</strong></span> <span class='ocrx_word' id='word_1_288' title='bbox 1121 4068 1262 4106; x_wconf 86' lang='lat' dir='ltr'><strong>anno</strong></span> <span class='ocrx_word' id='word_1_289' title='bbox 1323 4054 1427 4105; x_wconf 86' lang='lat'><strong>700</strong></span> <span class='ocrx_word' id='word_1_290' title='bbox 1484 4050 1706 4104; x_wconf 88' lang='lat' dir='ltr'><strong>circiter</strong></span> <span class='ocrx_word' id='word_1_291' title='bbox 1753 4065 1921 4117; x_wconf 87' lang='lat' dir='ltr'><strong>usque</strong></span> <span class='ocrx_word' id='word_1_292' title='bbox 1980 4050 2048 4102; x_wconf 90' lang='lat' dir='ltr'><strong>ad</strong></span> <span class='ocrx_word' id='word_1_293' title='bbox 2101 4047 2284 4102; x_wconf 85' lang='lat'>1400.“</span> <span class='ocrx_word' id='word_1_294' title='bbox 2369 4048 2521 4102; x_wconf 86' lang='lat' dir='ltr'><strong>Haec</strong></span> <span class='ocrx_word' id='word_1_295' title='bbox 2571 4045 2821 4100; x_wconf 89' lang='lat' dir='ltr'><strong>collectio</strong></span> <span class='ocrx_word' id='word_1_296' title='bbox 2871 4045 2978 4099; x_wconf 82' lang='lat' dir='ltr'><strong>ali—</strong></span> 
     </span>
     <span class='ocr_line' id='line_1_42' title="bbox 664 4124 2973 4199; baseline -0.002 -16"><span class='ocrx_word' id='word_1_297' title='bbox 664 4131 876 4199; x_wconf 88' lang='lat' dir='ltr'><strong>quando</strong></span> <span class='ocrx_word' id='word_1_298' title='bbox 913 4131 971 4183; x_wconf 91' lang='lat' dir='ltr'><strong>in</strong></span> <span class='ocrx_word' id='word_1_299' title='bbox 1014 4131 1361 4198; x_wconf 87' lang='lat' dir='ltr'><strong>possessione</strong></span> <span class='ocrx_word' id='word_1_300' title='bbox 1411 4135 1534 4185; x_wconf 88' lang='lat' dir='ltr'><strong>erat</strong></span> <span class='ocrx_word' id='word_1_301' title='bbox 1569 4129 1680 4182; x_wconf 87' lang='lat' dir='ltr'><strong>viri</strong></span> <span class='ocrx_word' id='word_1_302' title='bbox 1723 4127 1944 4196; x_wconf 86' lang='lat' dir='ltr'><strong>patricii</strong></span> <span class='ocrx_word' id='word_1_303' title='bbox 1984 4128 2315 4182; x_wconf 87' lang='lat' dir='ltr'><strong>Venetorum</strong></span> <span class='ocrx_word' id='word_1_304' title='bbox 2351 4126 2618 4181; x_wconf 88' lang='lat' dir='ltr'><strong>Bernardi</strong></span> <span class='ocrx_word' id='word_1_305' title='bbox 2658 4124 2973 4185; x_wconf 67' lang='lat' dir='ltr'><strong>Trevisani&#39;,</strong></span> 
     </span>
     <span class='ocr_line' id='line_1_43' title="bbox 664 4203 2978 4277; baseline -0.002 -16"><span class='ocrx_word' id='word_1_306' title='bbox 664 4210 805 4263; x_wconf 87' lang='lat' dir='ltr'><strong>unde</strong></span> <span class='ocrx_word' id='word_1_307' title='bbox 858 4214 915 4264; x_wconf 87' lang='lat' dir='ltr'><strong>et</strong></span> <span class='ocrx_word' id='word_1_308' title='bbox 949 4207 1120 4263; x_wconf 84' lang='lat' dir='ltr'><strong>Codex</strong></span> <span class='ocrx_word' id='word_1_309' title='bbox 1160 4209 1492 4264; x_wconf 80' lang='lat' dir='ltr'><strong>Trevisanus</strong></span> <span class='ocrx_word' id='word_1_310' title='bbox 1540 4208 1822 4277; x_wconf 85' lang='lat' dir='ltr'><strong>appellata</strong></span> <span class='ocrx_word' id='word_1_311' title='bbox 1873 4211 1982 4274; x_wconf 84' lang='lat' dir='ltr'><strong>est3</strong></span> <span class='ocrx_word' id='word_1_312' title='bbox 2040 4208 2107 4260; x_wconf 89' lang='lat' dir='ltr'><strong>ad</strong></span> <span class='ocrx_word' id='word_1_313' title='bbox 2159 4221 2350 4259; x_wconf 89' lang='lat' dir='ltr'><strong>manus</strong></span> <span class='ocrx_word' id='word_1_314' title='bbox 2398 4205 2628 4258; x_wconf 88' lang='lat' dir='ltr'><strong>aliorum</strong></span> <span class='ocrx_word' id='word_1_315' title='bbox 2679 4203 2805 4258; x_wconf 89' lang='lat' dir='ltr'><strong>dein</strong></span> <span class='ocrx_word' id='word_1_316' title='bbox 2851 4219 2978 4271; x_wconf 82' lang='lat' dir='ltr'><strong>per·—</strong></span> 
     </span>
    </p>
   </div>
  </div>
 </body>
</html>
