3270 5028
1071 463 1154 518 De
1188 462 1542 517 institutione
1578 463 1817 529 Imperii.
2497 465 2597 517 189

289 605 475 670 stolis
520 624 723 686 usque
766 623 944 668 nunc
989 602 1311 668 traditum
1355 601 1671 682 habeant,·
1695 602 1737 687 ¹)
1795 624 1914 667 nos
1967 601 2257 667 hortaris
2305 602 2596 688 (ironice)

291 705 366 766 ut
398 701 916 784 persuadeamus
962 699 1082 779 eis,
1143 720 1268 782 quo
1322 719 1441 763 nos
1485 697 1923 781 Imperatores
1976 698 2314 782 appellent.
2413 696 2599 777 Quod

290 803 507 863 tamen
567 819 683 863 nec
743 795 918 862 ratio
976 795 1205 876 dictat,
1264 816 1380 860 nec
1437 799 1531 860 est
1590 816 1766 878 opus.
1837 834 1910 842 —
1978 797 2232 862 Iudicat
2288 798 2462 875 dein,
2530 819 2599 861 se

289 896 750 979 Imperatorem
811 895 1120 978 appellari
1187 895 1257 958 in
1327 894 1562 958 litteris
1635 895 1719 958 ab
1784 895 2078 959 omnibus
2152 898 2415 977 excepto
2477 893 2597 957 Ba·

287 993 452 1057 silio,
500 1029 589 1038 —
631 989 1059 1069 Praesertim,
1116 991 1356 1074 pergit,
1413 1009 1613 1071 quum
1662 994 1723 1054 et
1765 989 1897 1072 ipsi
1931 989 2168 1072 patrui
2214 988 2426 1055 nostri
2465 990 2597 1073 ylo-

288 1087 453 1152 riosi
528 1108 706 1170 reyes
779 1088 1016 1169 absque
1090 1086 1347 1151 invidia
1420 1083 1892 1168 Imperatorem
1966 1108 2086 1152 nos
2158 1087 2463 1166 vocitent,
2540 1092 2601 1151 et

288 1182 762 1265 Imperatorem
827 1204 959 1248 esse
1013 1182 1250 1265 procul
1315 1181 1509 1247 dubio
1569 1183 1900 1265 fatentur,
1968 1204 2102 1249 non
2162 1183 2456 1266 profecto
2515 1183 2603 1248 ad

289 1285 564 1345 aetatem
611 1301 741 1361 qua
786 1279 972 1345 nobis
1017 1280 1298 1363 majores
1341 1283 1525 1358 sunt,
1582 1279 2013 1360 attendentes,
2060 1280 2170 1344 sed
2214 1280 2301 1344 ad
2343 1279 2599 1345 unctio-

289 1397 435 1442 nem
481 1381 543 1441 et
587 1375 1036 1455 sacrationem,
1084 1396 1214 1458 qua
1250 1396 1375 1459 per
1419 1375 1659 1440 summi
1705 1375 2046 1456 Pontificis
2092 1395 2348 1455 manus,
2395 1375 2598 1459 impo-

288 1472 523 1538 sitione
567 1477 630 1537 et
682 1472 974 1538 oratione
1029 1472 1349 1538 divinitus
1394 1493 1620 1538 sumus
1678 1473 1764 1538 ad
1819 1472 1936 1537 hoc
1990 1472 2241 1538 culmen
2290 1473 2598 1555 provecti,

290 1573 350 1634 et
395 1569 483 1633 ad
524 1570 816 1634 Romani
851 1569 1274 1652 principatus
1302 1569 1685 1652 Imperium,
1733 1590 1859 1652 quo
1904 1591 2183 1653 superno
2226 1574 2399 1635 nutu
2427 1570 2599 1653 poti-

291 1687 468 1746 mur,
540 1665 980 1749 adspicientes.
1086 1666 1297 1732 Porro
1360 1666 1420 1731 si
1483 1687 1694 1732 unum
1753 1666 2118 1750 Imperium
2174 1667 2601 1750 patriarchae

290 1762 467 1828 inter
525 1766 938 1828 sacrosancta
997 1761 1324 1843 sacrificia
1379 1768 1768 1844 memorant,
1839 1764 2158 1830 laudandi
2216 1768 2399 1844 sunt,
2468 1785 2602 1829 non

290 1860 516 1942 utique
580 1859 1107 1924 inconvenienter
1167 1863 1443 1943 ayentes.
1565 1859 1779 1924 Unum
1849 1864 1942 1924 est
2011 1860 2186 1925 enim
2250 1860 2600 1942 imperium

290 1957 520 2022 Patris
579 1961 641 2022 et
702 1955 869 2021 Filii
931 1961 992 2020 et
1037 1956 1332 2039 Spiritus
1385 1955 1644 2036 Sancti,
1708 1957 1897 2040 cujus
1940 1977 2106 2040 pars
2166 1961 2259 2021 est
2306 1943 2600 2021 Ecclesia

291 2054 646 2119 constituta
687 2054 762 2118 in
810 2053 1025 2132 terris,
1071 2073 1268 2135 quam
1315 2059 1531 2118 tamen
1577 2054 1765 2119 Deus
1808 2074 1924 2120 nec
1960 2075 2085 2136 per
2130 2058 2189 2118 te
2234 2054 2441 2119 solum
2487 2074 2602 2119 nec

281 2171 406 2234 per
449 2172 548 2215 me
606 2154 863 2216 tantum
912 2149 1276 2233 qubernari
1331 2149 1678 2232 disposuit,
1743 2150 1877 2214 nisi
1932 2150 2090 2232 quia
2140 2154 2330 2216 tanta
2374 2170 2602 2215 sumus

292 2247 379 2313 ad
413 2246 689 2312 invicem
746 2246 1021 2312 caritate
1077 2247 1379 2325 connexi,
1440 2251 1516 2311 ut
1569 2268 1703 2312 non
1747 2247 1897 2331 Jam
1945 2247 2172 2327 divisi,
2238 2247 2348 2312 sed
2389 2267 2598 2312 unum

291 2343 564 2409 exsistere
625 2344 943 2410 videatur.
1005 2381 1088 2389 —
1146 2344 1351 2408 Valde
1415 2366 1696 2429 congrue
1766 2345 1864 2408 his
1935 2346 2154 2409 innuit
2214 2345 2600 2421 Ludovicus,

292 2464 421 2527 qua
479 2443 729 2506 ratione
792 2443 859 2505 in
926 2463 1058 2506 uno
1111 2440 1392 2526 Imperio
1453 2442 1777 2507 societatis
1839 2442 2228 2507 christianae
2292 2443 2414 2526 ipsi
2474 2440 2600 2506 duo

290 2540 544 2623 possint
601 2561 741 2602 esse
799 2539 1224 2622 Imperatores
1284 2540 1622 2604 concordia
1668 2545 1911 2604 mutua.
2018 2538 2210 2604 Unde
2257 2540 2462 2617 vides,
2523 2561 2600 2603 ex

291 2636 390 2700 his
435 2636 900 2719 expositionem
946 2640 1233 2699 nostram
1281 2636 1669 2700 anteriorem
1716 2637 2101 2700 confirmari.

804 2814 817 2826 .
939 2812 952 2825 .
1070 2812 1082 2824 .
1482 2813 1495 2826 .
1551 2813 1562 2825 .
2195 2814 2233 2827 ..
2559 2817 2571 2829 ,
2615 2778 2935 2830 Imperiiorigo.

468 2816 571 2877 25.
642 2813 738 2877 De
798 2815 1210 2878 1nst1tutione
1275 2815 1341 2875 et
1405 2833 1654 2895 origme
1723 2834 1913 2894 porro
1971 2812 2237 2895 Impern
2298 2813 2596 2892 Romam,

296 2933 368 2975 ac
425 2911 500 2975 de
560 2912 698 2994 ejus
759 2909 973 2973 indole
1036 2908 1276 2992 optime
1338 2908 1608 2972 disserit.
1715 2907 2094 2987 Praeterea,
2157 2911 2413 2988 scribit,
2477 2910 2596 2975 mi-

293 3005 440 3071 rari
484 3026 548 3069 se
593 3004 826 3070 dilecta
875 3003 1272 3085 fraternitas
1326 3007 1442 3068 tua
1499 3002 1855 3086 siqnificat,
1914 3004 2083 3085 quod
2136 3025 2268 3070 non
2312 3004 2597 3071 Franco·

292 3124 443 3169 rum
506 3101 614 3166 sed
676 3101 1132 3188 Romanorum
1185 3098 1559 3182 Imperator
1623 3100 2057 3182 appellemur:
2131 3101 2242 3166 sed
2306 3102 2470 3167 scire
2542 3108 2601 3168 te

294 3198 617 3277 convenit,
685 3186 843 3278 {uia
895 3196 1031 3261 nisi
1085 3196 1537 3262 Romanorum
1584 3196 1955 3279 Imperator
2008 3218 2316 3278 essemus,
2378 3198 2603 3282 utique

293 3316 409 3362 nec
452 3294 884 3360 Francorum.
977 3292 1039 3356 A
1084 3291 1409 3358 Romanis
1452 3293 1624 3358 enim
1670 3293 1786 3359 hoc
1830 3314 2063 3359 nomen
2109 3299 2169 3358 et
2215 3295 2603 3378 diynitatem

295 3390 796 3474 assumpsimus,
853 3389 1032 3471 apud
1079 3409 1238 3471 quos
1278 3389 1570 3471 profecto
1606 3390 1830 3473 primo
1884 3394 2107 3455 tantae
2161 3392 2411 3457 culmen
2455 3392 2601 3458 sub-
2671 3407 2674 3410 “

297 3487 601 3555 limitatis
644 3491 704 3552 et
749 3485 1207 3569 appellationis
1247 3485 1510 3568 effulsit,
1560 3506 1963 3569 quorumque
2002 3492 2255 3571 yentem
2287 3494 2347 3554 et
2379 3489 2603 3555 urbem

296 3584 618 3651 divinitus
655 3582 1180 3667 yubernandam,
1237 3587 1299 3648 et
1341 3587 1616 3647 matrem
1663 3582 1954 3649 omnium
2011 3584 2424 3651 ecclesiarum
2472 3585 2605 3651 Dei

299 3681 769 3766 defendendam
824 3684 1016 3763 atque
1073 3678 1551 3746 sublimandam
1607 3680 2034 3763 suscepimus,
2091 3702 2171 3747 ecc
2227 3702 2358 3764 qua
2406 3687 2467 3747 et
2504 3704 2603 3747 re-

293 3778 548 3864 ynandi
592 3777 782 3860 prius
825 3783 884 3842 et
920 3777 1330 3860 postmodum
1363 3776 1734 3859 imperandi
1762 3778 2216 3843 auctoritatem
2253 3780 2606 3862 prosapiae

298 3880 561 3943 nostrae
588 3874 1016 3941 seminarium
1047 3874 1341 3957 sumpsit.
1389 3872 1566 3939 Nam
1592 3873 2010 3940 Francorum
2025 3874 2363 3958 principes
2383 3875 2608 3958 primo

484 4119 523 4186 ¹)
562 4119 648 4171 Ex
691 4118 779 4171 his
814 4116 1056 4172 Basilius
1104 4116 1353 4172 sumebat
1389 4121 1793 4185 argumentum,
1846 4134 2010 4170 unum
2060 4132 2181 4172 esse
2216 4118 2510 4187 Imperium
2550 4126 2612 4174 et

299 4214 467 4251 unum
503 4198 909 4265 Imperatorem.
