3270 5028
688 435 762 485 48
1416 432 1498 486 De
1537 430 1753 485 haeresi
1790 430 2271 484 Icouoclastarum.

690 573 1070 635 sanctorum
1121 590 1442 638 canonum
1506 571 1851 651 instituta,
1914 590 2027 635 seu
2090 573 2462 635 sanctorum
2523 570 2803 635 Patrum
2864 574 2999 635 tra-

690 665 1019 731 ditionum
1072 666 1321 734 decreta
1381 689 1512 733 esse
1555 667 1829 733 videtur.
1895 704 1981 714 —
2042 664 2167 731 Sed
2221 666 2284 731 id
2342 668 2585 732 factum
2629 673 2769 731 erat
2806 669 3003 752 juxta

694 763 1125 829 Orientalium
1187 767 1748 844 consuetudinem,
1814 765 1892 829 de
1955 786 2083 848 qua
2142 764 2266 828 alio
2327 765 2463 829 loco
2524 785 2812 849 agemus;
2874 764 3000 827 Ta-

694 861 898 925 rasius
960 862 1095 945 ipse
1167 862 1376 927 abfuit
1445 885 1482 926 a
1542 885 1706 926 vana
1769 862 1943 927 tituli
2005 861 2179 924 illius
2249 860 2635 940 ambitione,
2715 862 2816 925 uti
2881 884 3001 926 sua

689 956 925 1043 agendi
982 959 1235 1023 ratione
1294 960 1452 1024 satis
1514 957 1815 1023 ostendit.
1882 994 1963 1004 —
2026 958 2299 1022 Demum
2363 957 2735 1023 Hadrianus
2797 959 2998 1043 signi-

693 1054 845 1118 ficat
907 1055 1440 1138 Imperatoribus,
1497 1055 1618 1119 sibi
1673 1055 2089 1119 vehementer
2147 1054 2507 1138 displicere,
2569 1055 2740 1139 quod
2797 1054 2998 1119 Tara-

689 1151 825 1215 sius
882 1172 959 1214 ex
1014 1151 1175 1217 laico
1221 1151 1300 1215 ad
1356 1153 1789 1236 episcopatum
1847 1151 2046 1215 fuerit
2099 1151 2313 1216 subito
2370 1156 2720 1234 promotus·
2813 1149 2999 1216 Unde

690 1248 833 1331 ejus
881 1247 1255 1313 electionem
1310 1253 1382 1313 ut
1442 1270 1775 1333 perperam
1838 1252 1903 1312 et
1964 1250 2192 1313 contra
2245 1269 2526 1313 canones
2585 1249 2822 1313 factam
2877 1249 2997 1312 im-

692 1342 951 1428 probat,
1008 1367 1146 1409 eam
1195 1349 1431 1421 tamen,
1457 1368 1588 1411 nou
1635 1345 1970 1425 rescindit,
2025 1344 2135 1409 sed
2190 1366 2513 1410 canonum
2556 1346 2628 1409 in
2675 1366 2749 1409 ea
2793 1344 2996 1409 infra-

689 1445 938 1506 ctorum
991 1440 1119 1516 ⁴dat
1181 1444 1434 1508 veniam
1500 1464 1575 1507 ea
1647 1441 2041 1520 conditione,
2122 1445 2193 1504 ut
2255 1463 2369 1524 pro
2438 1442 2631 1506 sacris
2698 1441 2998 1526 imagini-

690 1538 810 1601 bus
868 1539 1292 1603 restituendis
1353 1538 1572 1604 sedulo
1631 1539 1900 1603 laboret.
2015 1535 2110 1600 Et
2170 1535 2305 1601 nisi
2361 1557 2485 1619 per
2552 1536 2692 1619 eJ'us
2749 1535 2994 1617 fidelem

688 1654 1109 1712 concursum,
1173 1637 1390 1720 inquit
1409 1683 1423 1712 ,
1475 1655 1601 1717 pro
1662 1637 2043 1700 sanctarum
2097 1632 2463 1716 imayi‘num
2522 1633 2861 1712 erectione,
2922 1632 2996 1698 i‘n

688 1733 833 1815 ejus
905 1730 1377 1797 consecratione
1441 1750 1780 1796 assensum
1847 1729 2025 1795 omni
2092 1728 2274 1794 modo
2349 1729 2634 1796 tribuere
2708 1728 2997 1812 nequivi·

580 1842 591 1852 ‘
689 1849 852 1894 mus.
865 1827 908 1909 ¹)
967 1864 1054 1873 —-
1111 1828 1465 1913 Epistolam
1510 1828 1692 1893 valde
1746 1828 2018 1893 similem
2072 1826 2440 1893 Hadrianus
2498 1829 2690 1895 etiam
2746 1828 2825 1892 ad
2873 1827 2996 1892 Ta·

378 2084 650 2127 Litterarum

414 2146 600 2188 indoles.

691 1926 927 1989 rasium
972 1925 1164 1989 dedit.

867 2075 971 2138 55.
1039 2074 1117 2138 In
1181 2073 1353 2139 hisce
1411 2073 1642 2138 litteris
1709 2070 2077 2137 Hadrianus
2143 2073 2483 2138 manifeste
2548 2074 2996 2139 auctoritatem

689 2193 1050 2255 supremam
1107 2169 1287 2235 Sedis
1336 2167 1748 2254 Apostolicae
1803 2169 2033 2232 eximie
2089 2168 2402 2250 vindicat,
2458 2191 2575 2235 nec
2625 2166 2996 2235 contr6ver-

688 2270 849 2332 siam
896 2268 974 2331 de
1025 2268 1412 2353 imaginibus
1467 2267 1665 2330 sacris
1711 2264 1970 2348 Synodo
2027 2266 2339 2349 relinquit
2383 2265 2834 2345 dirimendam,
2895 2267 2996 2329 vel

689 2367 830 2449 ejus
884 2364 1379 2429 celebrationem
1426 2362 1505 2427 ad
1551 2363 1892 2427 veritatem
1946 2361 2355 2427 statuendam
2409 2363 2834 2427 necessariam
2865 2362 2995 2450 ‚ha-

689 2463 818 2527 bet.
913 2461 1138 2527 Fidem
1206 2460 1536 2526 Romanae
1603 2459 1925 2525 Ecclesiae
1988 2459 2492 2544 amplectendam
2557 2480 2696 2524 esse
2758 2459 2995 2524 diserte

686 2560 870 2635 dicit3
928 2559 1250 2624 consentit
1295 2562 1507 2622 autem
1554 2555 1794 2639 Synodi
1849 2557 2291 2634 celebrationi,
2350 2560 2670 2641 quatenus
2714 2556 2992 2620 medium

688 2666 1127 2740 opportunum
1190 2677 1324 2719 esse
1387 2656 1618 2737 possit,
1687 2659 1759 2719 ut
1822 2655 2048 2739 majori
2113 2654 2333 2735 vigore
2396 2654 2737 2739 frangatur
2797 2654 2994 2720 obsti·

691 2753 873 2816 natio
936 2752 1418 2816 haereticorum.
1525 2749 1765 2814 Mirum
1826 2754 1953 2828 est,
2018 2750 2383 2815 Gallicanos
2448 2751 2642 2815 etiam
2703 2751 2783 2815 ad
2843 2773 2991 2815 con·

690 2849 1088 2913 vocationem
1133 2847 1329 2932 hujus
1363 2847 1608 2930 Synodi
1652 2847 2018 2932 confugere,
2064 2852 2136 2911 ut
2166 2868 2311 2911 suas
2345 2848 2604 2911 firment
2634 2848 2993 2931 opiniones,

690 2968 764 3010 ac
811 2967 1020 3029 nuper
1065 2945 1319 3009 Illmum
1355 2943 1568 3008 Maret
1607 2944 1757 3008 inde
1803 2944 2121 3009 studuisse
2167 2965 2347 3008 suam
2395 2945 2805 3027 comprobare
2853 2966 2996 3008 sen-

687 3043 965 3106 tentiam
1029 3041 1106 3105 de
1173 3041 1556 3106 auctoritate
1620 3044 1687 3104 et
1746 3041 2114 3125 magisterio
2182 3061 2478 3124 supremo
2539 3042 2711 3105 inter
2769 3040 2995 3105 Ponti·

687 3139 873 3203 ficem
921 3143 986 3202 et
1031 3139 1358 3222 episcopos
1403 3137 1624 3202 diviso.
1719 3135 1954 3202 Scribit
2001 3138 2173 3202 inter
2222 3138 2377 3202 alia:
2437 3136 2671 3219 „Mais,
2716 3138 2773 3201 si
2816 3137 2993 3202 l'em·

689 3238 1054 3318 portement
1106 3240 1171 3298 et
1223 3234 1648 3298 l'incredulite
1700 3233 1810 3298 des
1869 3233 2234 3317 heretiques
2296 3254 2376 3298 ne
2431 3239 2823 3317 permettent
2881 3255 2994 3319 pas
3062 3268 3068 3276 ·

686 3331 767 3394 de
825 3335 1146 3395 restaurer
1203 3331 1296 3395 les
1353 3332 1597 3396 saintes
1657 3330 1897 3415 images
1952 3352 2101 3394 sans
2157 3330 2486 3395 l'autorite
2542 3330 2696 3394 d'un
2750 3332 2992 3396 concile

686 3429 970 3512 general,
1019 3428 1078 3492 le
1122 3449 1285 3511 pape
1332 3428 1642 3492 demande
1690 3427 1885 3510 qu'on
1933 3448 2292 3491 commence
2338 3448 2454 3510 par
2497 3428 2700 3492 fletrir
2744 3428 2804 3491 le
2837 3427 2990 3492 faux

687 3524 933 3590 concile
985 3524 1097 3606 qui
1153 3525 1245 3587 les
1303 3546 1340 3588 a
1396 3523 1759 3608 prohibeeS,
1821 3526 1886 3586 et
1932 3522 2168 3606 qu'une
2228 3524 2541 3606 comple-te
2593 3524 2821 3588 liberte
2868 3524 2993 3587 soit

873 3766 914 3834 ¹)
952 3766 1205 3835 Epistola
1240 3765 1506 3820 Hadriani
1554 3766 1623 3818 ad
1659 3766 2025 3835 Imperatores
2073 3782 2140 3821 ex
2185 3772 2342 3833 parte
2387 3766 2594 3821 inserta
2639 3773 2727 3822 est
2770 3766 2992 3821 Actioni

686 3847 960 3903 secundae
999 3844 1228 3900 Concilii
1266 3844 1493 3899 Nicaeni
1529 3845 1630 3911 IL,
1683 3848 1779 3902 sed
1825 3862 1963 3915 quae
2009 3844 2378 3912 respiciebant
2415 3847 2630 3901 Tarasii
2671 3847 2990 3903 electionem

688 3927 1016 3992 titulumque
1053 3924 1394 3978 Universalis
1438 3923 1543 3991 ipsi
1593 3925 1660 3978 ab
1698 3925 2122 3994 Imperatoribus
2172 3924 2462 3991 tributum,
2510 3925 2709 3979 omissa
2747 3931 2874 3980 sunt
2911 3932 2992 3980 at-

688 4022 793 4072 que
840 4006 906 4059 ob
956 4004 1323 4059 reverentiam
1368 4002 1423 4055 in
1463 4002 1752 4058 Tarasium
1799 4005 1856 4058 in
1894 4003 2135 4058 Concilio
2183 4019 2291 4057 non
2338 4005 2587 4059 recitata.
2663 4004 2780 4071 Qua
2826 4005 2883 4058 in
2929 4021 2990 4059 re

691 4083 968 4151 probabile
1007 4088 1095 4137 est
1132 4082 1370 4137 adfuisse
1408 4098 1689 4138 assensum
1724 4084 2030 4152 legatorum
2067 4082 2360 4138 PontificiS.
2424 4083 2748 4138 Anastasius
2786 4083 2994 4139 Biblio-

686 4163 964 4217 thecarius
1002 4162 1274 4231 integram
1314 4161 1599 4229 epistolam
1637 4162 1804 4218 dedit.
1864 4163 1931 4216 V.
1970 4162 2170 4226 Labbe,
2207 4163 2333 4217 VII.
2375 4166 2458 4217 99.
