3270 5028
931 427 1138 480 Causae
1176 426 1369 494 quibus
1407 426 1644 480 schisma
1680 433 2076 495 praeparatum.
2109 387 2114 395 Ι
2552 432 2654 484 331

342 574 485 633 tum
545 568 860 654 reliquum
908 566 1508 651 Constantinopolis
1571 568 1813 632 clerum
1873 592 1947 634 eo
2004 569 2305 649 tendere,
2367 576 2438 635 ut
2492 573 2656 637 sedis

345 664 540 749 hujus
596 671 881 749 potestas
926 665 1130 748 magis
1187 664 1521 749 magisque
1578 665 2022 748 amplificetur.
2126 666 2461 751 Ejusmodi
2513 673 2657 733 ten-

341 761 565 826 dentia
634 762 888 847 quidem
952 762 1241 826 excusari
1305 761 1630 825 interdum
1693 766 1969 845 poterat.
2083 760 2209 829 Sed
2271 764 2455 828 valde
2518 787 2657 849 per·

346 857 585 923 niciosa
632 861 799 935 erat,
853 858 1109 943 quando
1155 858 1276 922 viri
1331 859 1545 922 minus
1592 858 1772 942 digni
1831 864 2026 943 atque
2082 859 2397 925 honorum
2443 862 2655 945 cupidi

340 954 555 1019 sedem
631 955 811 1019 illam
880 954 1279 1039 occupabant
1353 959 1422 1018 et
1486 954 1824 1038 disciplina
1896 956 2323 1022 ecclesiastica
2393 956 2652 1022 remissa

340 1058 499 1117 erat.
611 1049 826 1116 Facile
901 1059 1061 1117 tunc
1136 1052 1331 1116 etiam
1398 1050 1714 1134 oppositio
1778 1053 1845 1115 in
1916 1049 2144 1117 Sedem
2215 1051 2654 1136 Apostolicam

340 1148 687 1214 oriebatur.
757 1148 1295 1225 Quemadmodum
1346 1168 1497 1211 vero
1544 1148 1912 1231 patriarcha
1961 1147 2264 1213 OPtanus
2315 1150 2380 1214 in
2429 1149 2655 1216 Orien-

339 1245 429 1308 tis
478 1246 802 1328 episcopos
849 1246 1233 1329 despoticam
1284 1245 1416 1309 fere
1462 1243 1800 1327 exercebat
1846 1246 2295 1310 auctoritatem
2314 1295 2330 1326 ,
2386 1246 2478 1310 ita
2523 1247 2657 1330 ipse

342 1362 489 1405 cum
550 1342 814 1426 reliquis
875 1341 1273 1425 praesulibus
1348 1341 1566 1406 servili
1630 1340 2059 1425 dependentia
2117 1341 2198 1405 ab
2260 1342 2656 1426 Imperatore

342 1438 709 1502 tenebatur.
809 1437 1067 1503 Etenim
1129 1438 1444 1502 immixtio
1500 1437 1569 1501 in
1630 1459 1730 1502 res
1791 1439 2247 1504 ecclesiasticas
2307 1460 2657 1523 earumque

343 1556 457 1618 per
504 1538 888 1617 potestatem
934 1533 1401 1617 Imperatorum
1459 1532 1753 1611 directi0,
1809 1556 2035 1619 quam
2029 1532 2356 1599 Caesaro-
2333 1533 2659 1630 ·Pqpismi

342 1652 492 1695 voce
540 1630 876 1716 designare
923 1633 1226 1708 solemuS,
1272 1631 1342 1694 in
1392 1629 1658 1695 Oriente
1707 1632 1971 1696 omnino
2017 1619 2411 1709 invaluerat,
2470 1633 2658 1715 quae-

340 1729 712 1811 stionesque
765 1726 1141 1811 dogmatum
1199 1731 1264 1791 et
1317 1727 1689 1808 disciplinae
1738 1728 1878 1811 jam
1931 1727 2167 1792 dudum
2228 1727 2654 1811 Imperatores

344 1825 640 1889 dirimere
695 1824 1007 1889 solebant.
1101 1824 1204 1889 Ita
1260 1824 1461 1908 igitur
1516 1824 1846 1906 usurpatio
1906 1825 2020 1888 illa
2067 1822 2535 1907 Imperatorum
2591 1831 2656 1889 et

341 1921 613 1985 ambitio
676 1920 1186 2004 patriarcharum
1255 1920 1542 1986 ordinem
1616 1920 2115 1985 ecclesiasticum
2181 1925 2246 1985 et
2307 1920 2656 1986 hierarchi-

338 2039 488 2082 cum
545 2017 1027 2083 subvertebant.
1135 2016 1431 2101 Episcopi
1493 2038 1530 2080 a
1588 2016 2047 2100 metropolitiS,
2122 2017 2570 2100 metropolitae
2620 2040 2657 2081 a

343 2114 742 2197 patriarcha,
799 2113 903 2178 hic
948 2135 1099 2179 vero
1146 2136 1495 2198 omnesque
1540 2113 1776 2198 reliqui
1820 2114 1903 2177 ab
1946 2113 2347 2196 Imperatore
2388 2115 2658 2198 ejusque

338 2211 687 2296 guberniO,
749 2212 964 2276 servili
1027 2211 1423 2275 tenebantur
1486 2209 1969 2294 dependentia,s
2016 2232 2088 2275 ac
2147 2211 2461 2293 paulatim
2524 2233 2655 2275 cor-

341 2307 556 2391 ruptio
601 2307 915 2396 quaedam
959 2307 1197 2391 ignava
1226 2328 1527 2391 magnam
1576 2307 1730 2371 cleri
1763 2313 2010 2389 partem
2058 2307 2394 2371 infecerat.
2472 2307 2656 2372 Istud

344 2404 545 2487 igitur
589 2410 903 2487 systema,
964 2405 1112 2469 illae
1169 2403 1572 2480 tendentiae,
1633 2403 1876 2487 illaque
1933 2426 2145 2468 rerum
2202 2404 2485 2469 conditio
2538 2426 2656 2468 no-

344 2501 518 2565 mine
564 2498 1062 2583 Byzantinismi
1107 2500 1431 2586 designari
1477 2501 1707 2566 solent.

527 2642 621 2705 17.
689 2641 834 2707 Jam
901 2642 1241 2725 aliquoties
1305 2638 1643 2704 scissimzes
1708 2638 2118 2705 Occidentem
2186 2645 2253 2704 et
2321 2639 2653 2705 Orientem

338 2744 813 2820 separaverant.
911 2737 1271 2803 Arianismi
1329 2735 1644 2815 haeresis,
1709 2758 1872 2819 quae
1934 2737 2002 2800 in
2063 2735 2330 2801 Oriente
2390 2758 2656 2819 praeva-

343 2835 582 2911 luerat,
640 2836 1109 2917 separationem
1173 2834 1594 2917 perniciosam
1656 2838 1945 2916 tempore
2004 2832 2272 2897 Concilii
2319 2831 2659 2897 Sardicen-

342 2931 429 2994 sis
473 2929 806 3012 produxit3
870 2934 1160 2995 attamen
1206 2934 1352 3013 p'ost
1398 2930 1613 3011 plures
1661 2950 1867 2993 annos
1912 2928 2164 2993 haeresi
2212 2928 2458 2993 devicta
2504 2929 2659 2992 unio

344 3026 649 3090 restituta
696 3030 813 3091 est.
905 3025 1096 3090 Brevi
1142 3026 1348 3108 spatio
1394 3025 1734 3090 concordia
1781 3028 1846 3089 et
1899 3048 2025 3109 pax
2072 3025 2474 3109 interruptae
2519 3026 2660 3089 fue-

343 3125 498 3185 rant
568 3143 685 3205 per
761 3121 1201 3205 Chrysostomi
1281 3121 1773 3205 depositionem,
1850 3143 1965 3205 per
2039 3119 2323 3186 Nestorii
2399 3143 2662 3210 errores,

345 3241 459 3302 per
504 3218 794 3283 Dioscori
854 3217 1280 3281 Alexandrini
1345 3216 1740 3282 violentiam.
1850 3215 1975 3282 Sed
2023 3218 2358 3282 scissiones
2419 3217 2660 3282 diutius

343 3316 765 3399 perdurantes
813 3318 1168 3389 evenerunt
1211 3335 1325 3396 per
1376 3312 1653 3377 schisma
1699 3312 2130 3392 Acacianum,
2187 3335 2302 3397 per
2358 3314 2534 3378 litem
2583 3312 2659 3377 de

341 3411 552 3476 tribus
610 3409 951 3495 CapituliS,
1012 3433 1126 3494 per
1184 3412 1407 3476 turbas
1455 3408 2076 3489 Monotheletarum,
2139 3414 2207 3474 et
2262 3432 2376 3495 per
2432 3410 2660 3474 Icono-

341 3509 691 3573 clastarum
770 3507 1269 3591 persecutione-a.
1381 3505 1683 3584 Quamvis
1757 3507 2106 3573 schismata
2182 3507 2343 3572 haec
2404 3507 2655 3570 demum

342 3605 666 3669 exstincta
720 3604 998 3683 fuerint,
1057 3609 1279 3673 tamen
1337 3604 1582 3668 aversio
1637 3604 1917 3689 lugenda
1973 3607 2038 3668 et
2097 3605 2391 3689 germina
2446 3603 2661 3668 multi-

344 3701 535 3786 plicia
579 3723 891 3766 novarum
941 3700 1400 3766 discordiarum
1450 3722 1528 3764 ex
1575 3701 1654 3765 iis
1701 3705 2170 3766 remanserunt.
2212 3716 2223 3743 ³

527 3851 626 3916 18.
685 3851 867 3916 Varii
925 3851 1121 3914 etiam
1186 3853 1449 3914 eventus
1514 3872 1589 3915 ac
1635 3851 1812 3915 varia
1872 3849 2057 3930 facta
2120 3851 2387 3915 decursu
2445 3870 2660 3913 saecu·

347 3948 579 4025 lorum,
656 3947 791 4012 sive
861 3949 1040 4033 juste
1115 3947 1250 4012 sive
1325 3948 1649 4012 immerito
1726 3948 1984 4031 utrique
2060 3945 2233 4030 parti
2308 3949 2659 4011 evenerant

349 4043 588 4108 motiva
645 4045 1049 4127 querelarum
1106 4047 1301 4128 atque
1357 4043 1723 4109 simultatis
1815 4042 2040 4109 Latini
2097 4043 2513 4107 vehementer
2567 4041 2659 4105 of-

343 4139 519 4204 fensi
596 4139 858 4204 fuerant
917 4140 1368 4207 vexationibus
1439 4146 1506 4206 et
1572 4140 2119 4224 persecutionibus
2193 4139 2660 4223 Imperatorum

2716 2653 2957 2696 Scissiones

2711 2715 2961 2758 anteriores.

2738 3865 2939 3907 Eventus

2771 3938 2896 3968 vam.
