3270 5028
675 423 746 474 46
1402 422 1484 475 De
1520 422 1734 477 haeresi
1771 422 2253 476 Iconoclastarum.

674 584 995 628 sacrarum
1056 563 1413 647 imaginum
1470 565 1823 627 restituant
1881 563 2443 649 Constantinopoli
2505 567 2569 628 et
2630 564 2701 626 in
2764 562 2980 646 Impe-

674 660 798 740 rio;
847 659 1079 724 annuit
1123 681 1273 724 vero
1321 658 1605 724 Concilio
1653 659 2059 739 celebrando,
2105 661 2157 726 si
2194 663 2467 743 propter
2512 657 2982 723 haereticorum

674 753 1007 819 vesaniam
1067 777 1170 820 res
1229 756 1420 820 aliter
1475 757 1776 840 compleri
1826 759 2123 840 nequeat.
2218 756 2406 821 Unde
2470 755 2812 821 manifeste
2870 778 2981 839 pa·

675 857 794 930 tet,
840 852 1238 916 Hadrianum
1287 852 1663 916 nullatenus
1706 853 2058 918 doctrinam
2102 853 2537 918 considerasse
2582 858 2657 916 ut
2703 851 2981 929 dubiam,

676 971 840 1033 quae
894 949 963 1013 in
1011 948 1293 1013 Concilio
1354 950 1759 1013 oecumenico
1815 949 2025 1013 dirimi
2087 949 2347 1033 debeat,
2405 949 2517 1014 sed
2572 948 2652 1012 ob
2701 948 2983 1013 rationes

677 1049 1012 1124 externam,
1081 1048 1156 1108 ut
1199 1045 1665 1115 haereticorum
1707 1051 1879 1109 artes
1938 1045 2353 1125 eliderentur,
2428 1049 2493 1110 et
2547 1046 2775 1129 maj0ri
2839 1066 2981 1108 cum

675 1144 895 1227 vigore
943 1142 1174 1226 dogma
1220 1141 1604 1207 catholicum
1654 1141 2115 1220 vindicaretur,
2169 1142 2665 1207 celebrationem
2713 1140 2983 1205 Concilii

678 1239 848 1303 forte
895 1243 1323 1322 opportunam
1366 1238 1526 1317 fore,
1577 1239 1933 1322 agnovisse.

361 1329 641 1445 ρέῐξέξῑὲξθθ
855 1336 958 1401 52.
1013 1333 1244 1398 Varias
1288 1339 1503 1399 autem
1554 1335 1856 1418 praefinit
1902 1334 2328 1414 conditiones,
2384 1339 2457 1400 ut
2502 1333 2795 1418 Synodus
2840 1356 2982 1417 pos-

579 1423 588 1432 ’
677 1433 763 1495 sit
810 1453 951 1496 cum
998 1432 1215 1496 fructu
1245 1431 1466 1496 haberi
1513 1432 1700 1514 eique
1745 1432 1943 1514 legati
1963 1432 2184 1515 ‘ipsius
2217 1435 2363 1496 tuto
2409 1433 2739 1508 interesse,
2789 1431 2979 1496 etiam

677 1529 733 1592 si
794 1551 939 1612 pars
1000 1529 1261 1592 adversa
1321 1528 1801 1592 restitutionem
1864 1527 2217 1612 imaginum
2282 1528 2633 1611 impediret.
2751 1525 2986 1592 Coram

676 1625 818 1689 Deo
864 1645 1058 1706 posco
1119 1627 1180 1686 et
1237 1622 1472 1705 adjuro
1481 1671 1500 1702 ‚
1565 1624 1787 1688 scribit
1849 1624 2181 1703 Pontifex,
2243 1629 2318 1689 ut
2372 1623 2621 1689 easdem
2678 1622 2983 1688 sacratis-

674 1721 876 1787 simas
942 1721 1265 1804 imagines
1330 1718 1404 1785 in
1471 1719 1619 1803 ipsa
1686 1739 1728 1784 a
1794 1719 1962 1784 Deo‘
2004 1723 2383 1785 conservata
2446 1720 2631 1804 reqia
2698 1719 2856 1785 urbe
2924 1724 2986 1784 et

675 1819 944 1884 caeteris
994 1815 1306 1882 Graeciae
1341 1815 1667 1899 partibus,
1722 1815 1797 1881 in
1832 1816 2201 1899 pristinum
2247 1820 2493 1881 statum
2538 1817 2879 1882 restituere
2924 1821 2988 1880 et

675 1913 1057 1995 confirmare
1088 1913 1410 1997 jubeatiS,
1471 1914 1881 1978 observantes
1935 1913 2358 1979 traditionem
2401 1912 2601 1996 huJ'us
2647 1933 2983 1978 sacrosan·
3028 1912 3033 1917 ’

675 2016 811 2076 ctae
856 2016 1118 2076 nostrae
1164 2011 1506 2077 Romanae
1546 2009 1858 2091 ecclesiae,
1913 2010 2289 2094 abjicientes
2334 2014 2395 2075 et
2439 2014 2811 2092 respuentes
2855 2010 2985 2076 ini-

675 2129 954 2191 quorum
1000 2113 1192 2190 atque
1236 2108 1710 2174 haereticorum
1759 2106 2175 2187 calliditates,
2236 2111 2313 2172 ut
2360 2108 2434 2173 in
2479 2106 2680 2191 hujus
2724 2112 2989 2172 nostrae

674 2209 936 2270 sanctae
981 2205 1328 2270 catholicae
1375 2210 1437 2270 et
1481 2203 1869 2287 apostolicae
1914 2208 1975 2269 et
2018 2202 2608 2286 irreprehensibilis
2645 2203 2988 2269 Romanae

673 2301 968 2367 ecclesiae
1014 2302 1193 2369 ulnis
1237 2300 1709 2384 suscipiamini.
1805 2300 1881 2365 Si
1925 2322 2073 2366 vero
2126 2300 2520 2382 impossibile
2566 2305 2659 2370 est
2704 2299 2986 2365 haereti-

673 2420 895 2465 corum
955 2398 1256 2485 vesaniae
1308 2420 1435 2480 pro
1494 2397 1951 2463 incredulitate
2010 2399 2335 2480 ipsorum,
2399 2396 2580 2481 ipsas
2634 2417 2855 2463 sacras
2908 2418 2987 2462 ac

671 2497 1074 2563 venerandas
1119 2496 1440 2581 imagines
1497 2495 1638 2560 sine
1684 2494 1937 2578 Synodi
1985 2494 2235 2561 actione
2278 2495 2352 2560 in
2399 2493 2691 2578 pristino
2738 2494 2987 2578 eriqere

673 2615 748 2659 ac
793 2593 1191 2675 confirmare,
1223 2597 1420 2673 statu,
1469 2597 1530 2657 et
1573 2597 1833 2657 nostros
1880 2592 2237 2658 sacerdotes
2276 2614 2403 2675 pro
2448 2591 2823 2675 hujusmodi
2860 2591 2983 2674 pia

674 2690 1044 2774 operatione
1087 2694 1304 2755 vestra
1347 2689 1526 2773 cupit
1570 2689 1986 2754 serenissima
2032 2689 2396 2771 imperialis
2430 2690 2729 2772 potentia
2774 2703 3008 2753 aecer*

673 2787 824 2868 sire,
872 2788 1041 2853 sicut
1084 2786 1159 2852 in
1203 2785 1437 2852 vestris
1479 2786 1701 2868 fertur
1747 2785 2198 2868 imperialibus
2230 2785 2678 2869 jussionibuS,
2724 2785 2799 2851 in
2835 2785 2983 2867 pri-

674 2884 798 2950 mis
831 2883 1398 2968 pseudosyllogum
1426 2882 1610 2962 illud,
1661 2883 1830 2963 quod
1874 2882 2014 2947 sine
2054 2882 2403 2965 apostolica
2436 2882 2593 2947 Sede
2635 2881 2987 2946 enormiter

674 2987 735 3046 et
777 2980 1330 3046 irrationabiliter
1373 2979 1794 3062 nequiterque
1825 2984 2051 3045 contra
2098 2984 2470 3044 sanctorum
2513 2977 2984 3044 venerabilium

663 3083 939 3162 patrum
988 3076 1407 3143 traditionem
1453 3076 1528 3141 de
1573 3076 1782 3141 sacris
1829 3076 2231 3160 imaginibus
2276 3082 2494 3141 actum
2538 3080 2659 3153 est,
2714 3074 2982 3140 anathe-

675 3175 1026 3241 matizetur
1069 3173 1528 3258 praesentibus
1567 3172 1789 3238 missis
1833 3172 2111 3252 nostris;
2170 3177 2231 3239 et
2276 3177 2429 3239 tunc
2478 3172 2647 3238 sicut
2693 3171 2982 3253 antiqui-

677 3277 782 3339 tus
828 3293 963 3337 mos
1017 3270 1296 3350 exstitit,
1341 3270 1789 3353 jurejurando
1835 3273 2050 3334 vestra
2095 3270 2407 3353 piissima
2458 3274 2520 3333 et
2574 3267 2981 3349 tranquillis-

676 3368 844 3435 sima
892 3371 1184 3452 potestas
1240 3388 1377 3432 una
1439 3388 1583 3432 cum
1645 3366 1938 3432 Domina
2002 3366 2309 3450 Augusta
2366 3364 2659 3449 piissimi
2720 3363 2985 3447 imperii

675 3464 875 3531 vestri
915 3463 1247 3548 yenitrice,
1295 3484 1408 3528 seu
1453 3463 1737 3546 ejusdem
1783 3463 2002 3546 reqiae
2047 3462 2231 3528 urbis
2267 3461 2688 3545 patriarcha,
2736 3480 2985 3526 necnon

675 3567 735 3628 et
781 3565 1008 3628 cuncto
1056 3564 1316 3639 senatu,
1375 3560 1705 3641 corporale
1750 3559 2105 3625 tribuentes
2151 3563 2627 3624 sacramentum
2645 3607 2659 3632 ‚
2716 3557 2984 3624 verbum

678 3656 1235 3724 commonitorium
1305 3655 1473 3721 sicut
1541 3655 1942 3738 antiquitus,
2000 3656 2122 3740 pia
2176 3656 2384 3722 Sacra
2451 3654 2635 3720 nobis
2702 3653 2985 3737 dirigere

676 3754 983 3839 diynetur
1037 3752 1402 3835 imperialis
1448 3756 1775 3835 potestas:
1830 3753 1987 3836 quia
2041 3774 2175 3818 non
2230 3757 2323 3817 est
2378 3751 2560 3836 apud
2601 3772 2711 3816 vos
2761 3749 2986 3834 partis

678 3850 1019 3935 cujuslibet
1060 3849 1254 3933 favor
1301 3854 1421 3915 aut
1464 3849 1781 3931 defensiO,
1839 3849 1948 3914 sed
1992 3849 2450 3931 aequalitatem
2496 3847 2792 3929 utrisque
2822 3867 2983 3929 par-

680 3948 854 4013 tibus
899 3945 1387 4026 conservabitis,
1447 3945 1826 4011 nullatenus
1870 3946 2311 4012 necessitatem
2352 3943 2665 4029 facientes
2709 3942 2784 4008 in
2829 3962 2983 4025 quo-

677 4065 946 4127 cumque
1010 4043 1293 4126 capitulo
1353 4043 1469 4121 eis,
1535 4043 1650 4124 qui
1714 4062 1756 4107 a
1819 4042 2004 4107 nobis
2070 4042 2458 4126 diriquntur
2526 4038 2982 4123 quoquomod0‚

676 4141 787 4210 sed
830 4146 890 4207 et
937 4141 1115 4206 omni
1168 4140 1408 4207 honore
1464 4161 1607 4204 cum
1658 4138 2105 4220 munificentia
2160 4144 2543 4223 competente
2599 4157 2701 4201 eos
2754 4136 2990 4219 diqnos
