3270 5028
322 1185 538 1228 Ludovioi
581 1185 637 1227 11.

382 1247 583 1301 epistola.

662 407 765 458 188
1195 407 1278 460 De
1315 405 1551 473 Imperio
1593 410 1651 458 et
1686 406 1752 459 de
1791 405 2043 459 Ecclesia
2082 421 2224 460 saec.
2259 422 2420 460 nono.

659 548 1023 626 susceptum
1069 566 1111 610 a
1156 566 1222 610 se
1266 543 1697 627 Imperatoris
1740 566 1990 625 nomen,
2038 549 2099 609 et
2144 545 2217 609 ob
2264 544 2396 624 hoc,
2446 546 2638 628 quasi
2683 547 2797 628 qui
2826 546 2973 611 Im·

647 639 911 722 perium
962 641 1054 705 eis
1099 642 1346 724 eripere
1405 642 1588 707 vellet
1642 642 1827 706 valde
1884 647 2246 724 suspectum
2303 680 2391 689 —
2440 644 2671 725 foedus
2721 643 2972 724 firmis·

658 736 897 803 simum
943 739 1195 818 statuit,
1242 743 1319 804 ut
1347 738 1537 804 nulla
1561 738 1739 802 inter
1772 744 2001 821 partes
2046 739 2339 804 scandali
2370 739 2712 822 cujuslibet
2755 761 2973 805 rema·

654 839 838 899 neret
902 835 1161 900 occasio.
1237 874 1314 882 —-
1384 836 1561 900 Erat
1623 835 1798 901 enim
1865 857 2112 918 semper
2172 835 2498 902 Romanis
2563 841 2625 901 et
2694 836 2973 902 Graecis

656 929 1070 996 Francorum
1129 936 1425 1014 suspecta
1469 931 1806 1015 potentia;
1860 933 2029 998 unde
2077 937 2136 996 et
2180 932 2349 998 illud
2395 953 2705 1015 yraecum
2751 936 2977 997 eaestat

646 1028 1067 1109 proverbium
1086 1049 1106 1093 .·
1155 1031 1213 1093 T
1205 1056 1279 1094 ον
1332 1031 1633 1114 Φραγκον
1680 1033 1865 1113 φιλον
1908 1033 2073 1113 ε’χης,
2117 1055 2351 1113 χιτωνα
2399 1033 2516 1094 οὐκ
2565 1033 2726 1113 ἕχης.

833 1179 936 1243 23.
1002 1177 1096 1242 Ut
1156 1202 1306 1244 vero
1362 1180 1588 1243 melius
1654 1184 2104 1263 cognoscatur,
2171 1179 2377 1261 qualis
2440 1179 2636 1243 fuerit
2700 1184 2972 1244 senten·-

655 1274 751 1338 tia
817 1276 896 1339 de
964 1276 1243 1359 Imperio
1311 1276 1565 1341 saeculo
1632 1296 1834 1347 non0,
1905 1275 2162 1358 juvabit
2235 1274 2356 1339 hoc
2422 1277 2560 1340 loco
2628 1277 2970 1340 attendere

656 1372 736 1436 ad
801 1372 1078 1449 litteras,
1158 1394 1316 1455 quas
1383 1370 1747 1456 Iqudovicus
1811 1371 1895 1436 H.
1967 1371 2328 1454 Imperator
2388 1372 2719 1455 Romanus
2787 1394 2968 1436 anno

657 1468 781 1531 871
854 1468 1089 1532 direxit
1156 1469 1235 1531 ad
1303 1467 1615 1530 Basilium
1684 1468 2142 1550 Imperatorem
2215 1467 2568 1534 CPtanum.
2681 1468 2968 1532 Basilius

592 1547 606 1566 ⁰
654 1564 884 1628 diffusa
955 1565 1225 1647 epistola
1293 1563 1373 1627 ad
1439 1562 1834 1628 Ludovicum
1905 1564 2095 1648 missa
2172 1564 2364 1647 (quae
2430 1564 2763 1648 deperdita
2838 1567 2965 1641 est)

653 1668 1042 1743 conquestus
1093 1667 1262 1737 erat,
1324 1660 1488 1744 quod
1550 1660 1654 1724 hic
1711 1660 1949 1723 diceret
2008 1681 2075 1724 se
2124 1660 2588 1743 Imperatorem
2634 1659 2963 1726 Romano-

653 1778 823 1839 rum3
883 1757 1142 1820 nonnisi
1194 1757 1440 1821 Basilio
1493 1757 1613 1820 soli
1658 1778 1897 1820 nomen
1950 1755 2362 1840 Imperatoris
2411 1755 2745 1841 (βασιλεὺς)
2796 1780 2963 1822 com-

655 1857 899 1935 petere,
956 1846 1124 1918 hanc
1171 1877 1307 1918 esse
1360 1854 1567 1938 legem
1624 1853 2091 1917 immutabilem
2145 1877 2183 1917 a
2240 1875 2369 1937 qua
2422 1855 2718 1918 recedere
2778 1853 2962 1918 nefas

653 1950 755 2012 sit.
852 1948 1117 2013 Indicat
1175 1950 1427 2014 dilectio
1480 1955 1625 2029 tua,
1689 1952 1910 2015 scribit
1967 1950 2358 2029 LudovicuS,
2420 1970 2485 2014 se
2548 1949 2962 2015 maledictum

654 2043 812 2128 Zeyis
857 2066 1227 2127 pavescere,
1287 2053 1353 2111 et
1413 2048 1648 2111 idcirco
1713 2045 2022 2111 terminos
2084 2050 2377 2110 aeternos
2441 2048 2835 2129 transferre,
2899 2050 2963 2110 et

652 2146 940 2207 veterum
995 2142 1480 2224 Imperatorum
1531 2143 1786 2225 formas
1840 2146 2264 2221 commutare,
2327 2163 2403 2207 ac
2454 2146 2721 2224 praeter
2770 2163 2958 2206 cano-

651 2239 803 2304 nica
848 2260 923 2303 ac
958 2244 1247 2321 paterna
1281 2243 1631 2321 praecepta
1678 2239 2049 2304 conversari
2093 2242 2333 2304 renuat
2376 2259 2452 2304 ac
2498 2243 2761 2304 recuset.
2853 2240 2960 2304 Ad

651 2360 1000 2416 summum,
1067 2337 1497 2402 contendebat
1560 2337 1873 2415 Basilius,
1950 2335 2341 2401 Ludovicum
2404 2338 2523 2401 dici
2590 2356 2771 2420 posse
2835 2337 2961 2400 Im-

652 2438 1014 2517 peratorem
1076 2431 1410 2518 (βασιλεὺς)
1473 2432 1898 2511 Francorum,
1970 2454 2163 2517 quum
2226 2433 2489 2497 nonnisi
2543 2432 2838 2514 FranciS,
2895 2437 2962 2497 et

652 2534 821 2613 parti
887 2531 1141 2616 quidem
1206 2553 1421 2594 eorum
1484 2537 1740 2594 tantum
1806 2530 2205 2605 dominetur,
2268 2530 2448 2594 nulla
2503 2532 2754 2595 ratione
2813 2552 2958 2593 eum

651 2628 774 2691 dici
848 2650 1030 2710 posse
1096 2628 1549 2709 Imperatorem
1617 2626 2084 2711 Romanorum3
2153 2627 2506 2691 consultius
2577 2650 2727 2691 vero
2804 2649 2958 2705 esse,

651 2728 726 2787 ut
786 2729 1078 2787 uteretur
1144 2724 1404 2788 nomine
1471 2732 1663 2806 ρῆγα,
1743 2746 1856 2788 seu
1924 2746 2033 2787 rex
2104 2722 2519 2788 Francorum.
2594 2761 2668 2768 —
2741 2723 2960 2788 Ludo-

652 2820 828 2884 vicus
889 2820 970 2883 II.
1038 2819 1276 2884 Basilio
1343 2843 1485 2884 cum
1562 2821 1780 2904 vigore
1858 2824 1923 2883 et
2001 2818 2275 2904 quadam
2343 2820 2794 2905 indignatione
2857 2841 2958 2884 re-

650 2917 943 3000 spondit,
1026 2940 1097 2981 ac
1183 2916 1260 2981 de
1344 2916 1620 3000 Imperio
1701 2916 1993 2981 Romano
2069 2918 2161 2981 ita
2242 2917 2531 2994 disserit,
2617 2925 2691 2981 ut
2761 2939 2957 3000 appa·

650 3019 817 3092 reat,
897 3036 1037 3077 eam
1115 3015 1478 3091 notionem,
1557 3036 1749 3097 quam
1817 3013 2026 3077 medio
2097 3035 2251 3077 aevo
2318 3014 2703 3096 procedente
2777 3015 2959 3078 inve-

652 3112 864 3175 nimus
915 3111 1079 3194 apud
1137 3111 1474 3193 scriptores
1521 3111 1874 3187 evolutam,
1926 3112 2061 3194 jam
2110 3113 2269 3173 tunc
2323 3110 2607 3174 adfuisse
2656 3111 2812 3175 satis
2859 3132 2959 3174 ac-

649 3213 955 3272 curatam.

824 3349 925 3411 24.
1014 3348 1354 3429 Inscripsit
1432 3346 1794 3430 epistolam:
1877 3343 1965 3409 In
2038 3344 2297 3410 nomine
2373 3345 2651 3410 Domini
2724 3345 2956 3410 Nostri

649 3444 809 3509 Jesu
860 3442 1117 3508 Christi
1163 3442 1294 3507 Dei
1336 3442 1604 3507 aeterni.
1699 3441 2072 3506 Ludovicus
2126 3440 2354 3506 divina
2407 3441 2751 3507 ordinante
2796 3463 2950 3525 pro-

647 3539 937 3605 videntia
994 3539 1364 3621 Imperator
1425 3538 1770 3619 Auyustus
1814 3537 2293 3617 Romanorum,
2350 3538 2761 3604 dilectissimo
2818 3537 2952 3620 spi-

648 3636 1007 3718 ritualique
1078 3634 1287 3715 fratri
1363 3638 1584 3699 nostro
1656 3633 1914 3698 Basilio
1983 3634 2449 3717 qloi⁴iosissimo
2511 3657 2587 3701 ac
2650 3635 2953 3719 piissimo

649 3754 847 3816 aeque
910 3731 1306 3815 Imperatori
1365 3752 1568 3796 novae
1611 3730 1880 3795 Romae.
1989 3732 2255 3798 Refellit
2314 3756 2502 3817 porro
2566 3735 2950 3817 multiplices

650 3854 892 3896 errores
954 3830 1261 3912 epistolae
1322 3828 1564 3911 Basilii,
1613 3829 2057 3912 ostenditque,
2123 3852 2355 3894 nomen
2413 3831 2700 3914 βασιλεὺς
2760 3831 2951 3894 variis

650 3927 1044 4012 principibus
1091 3927 1264 3989 omni
1314 3930 1602 4007 tempore
1646 3926 1864 3988 datum
1914 3947 2067 3989 esse.
2115 3961 2199 3970 ——
2246 3925 2442 3990 Dein:
2491 3925 2684 3990 Dicis
2713 3929 2947 4003 autem,

648 4025 887 4108 inquit,
961 4020 1129 4103 quod
1202 4024 1486 4102 quatuor
1539 4019 2025 4101 patriarchales
2083 4020 2256 4084 sedes
2320 4042 2529 4086 unum
2587 4021 2949 4103 Imperium

650 4117 1012 4205 (βασιλείαν)
1079 4116 1254 4182 inter
1312 4136 1502 4181 sacra
1563 4116 1874 4199 mysteria
1939 4116 2290 4182 memorari
2353 4138 2394 4182 a
2454 4117 2719 4201 deiferis
2784 4117 2951 4199 Apo-
