3270 5028
665 474 772 525 406
1340 471 1518 525 XVII.
1555 473 1640 526 De
1680 473 1974 527 schismate
2012 472 2303 526 PhotianO.

666 636 807 676 sum
860 612 1081 677 datum
1138 618 1234 676 est
1297 614 1501 677 missis
1546 613 1972 697 Bulgarorum
2040 612 2358 693 quoddam
2420 611 2738 695 scriptum
2799 631 3049 693 qrae-

547 720 569 729 “
667 708 758 773 eis
819 707 1031 772 verbis
1091 712 1151 772 et
1211 708 1448 773 litteris
1506 714 1854 773 eoearatam
1910 708 2275 788 continenS,
2342 709 2530 790 quasi
2591 708 2713 773 loci
2773 728 3042 771 serva-

668 809 835 870 tores
881 804 1169 869 Orientis
1214 803 1389 869 inter
1449 805 1569 870 loci
1626 809 1986 869 servatores
2032 805 2368 870 Romanos
2422 808 2483 869 et
2532 803 3040 886 patriarcham

667 901 1009 984 Ionatiain
1079 900 1320 965 arbitri
1386 901 1732 966 existentes
1789 900 2274 988 judicaverint,
2355 900 2810 983 Bultqarorum
2878 920 3037 982 pa-
3066 947 3133 970 ..-

668 998 866 1083 triani
915 1018 1079 1079 qaae
1137 997 1211 1062 in
1256 997 1539 1080 Illyrico
1587 997 1942 1063 constituta
1989 1003 2109 1078 est,
2174 997 2444 1062 dioecesi
2493 996 2800 1062 CPtanae
2851 996 3031 1062 sub-

653 1094 1035 1177 jiciendam.
1103 1095 1209 1159 Ita
1240 1097 1631 1159 Anastasius
1681 1096 1747 1158 in
1782 1096 2198 1160 Praefatione
2249 1096 2325 1159 ad
2362 1096 2712 1160 Concilium
2748 1092 3029 1178 VIII.¹)

666 1191 968 1255 Advertit
1036 1200 1261 1255 tamen
1328 1193 1494 1274 ipse:
1568 1190 1756 1255 Licet
1821 1190 1936 1255 hoc
2002 1190 2221 1273 ipsum
2284 1211 2370 1255 an
2444 1189 2561 1254 loci
2628 1195 3029 1254 servatores

671 1287 959 1353 Orientis
988 1286 1400 1368 decreverint,
1448 1287 1653 1353 nullis
1684 1292 1849 1351 certe
1885 1287 2203 1370 probetur
2232 1286 2574 1370 indiciis.2)
2623 1324 2703 1333 —
2752 1288 3023 1364 Quam-

668 1386 763 1448 vis
804 1386 1099 1450 videlicet
1147 1385 1366 1448 vicarii
1409 1386 1755 1449 orientales
1814 1386 1883 1448 in
1930 1387 2215 1449 favorem
2265 1386 2564 1449 ecclesiae
2611 1384 3017 1449 Constanti-

668 1482 1083 1564 nopolitanae
1156 1483 1232 1545 de
1305 1480 1650 1565 Bulgariae
1731 1503 1922 1545 causa
1985 1482 2447 1565 judicaverint,
2527 1482 2693 1545 forte
2764 1486 3015 1545 tamen

319 1639 346 1654 „
668 1578 946 1660 aliquam
992 1579 1413 1655 sententiam,
1462 1586 1539 1641 ut
1582 1600 1717 1641 rem
1764 1600 1903 1642 cum
1953 1578 2340 1642 auctoritate
2390 1577 2800 1656 dirimerent,
2852 1601 3007 1642 non

668 1675 994 1750 tulerunt,
1061 1675 1163 1737 vel
1224 1674 1452 1737 sal-tem
1508 1676 1963 1738 documentum
2028 1673 2331 1757 Bulgaris
2409 1673 2630 1738 datum
2687 1675 2770 1737 ab
2831 1675 3011 1757 ipsis

374 1778 614 1847 usurpatio
668 1793 804 1835 11011
869 1773 1212 1835 emanavit.
1286 1806 1364 1815 —-
1438 1770 1691 1834 Exinde
1759 1792 1902 1834 vero
1976 1792 2014 1832 a
2080 1791 2231 1853 rege
2303 1768 2726 1853 Bulgarorum
2800 1771 3007 1834 latini

349 1838 647 1880 Onentalmm.
669 1867 1028 1931 sacerdotes
1089 1867 1333 1930 dimissi
1391 1872 1572 1945 sunt,
1645 1871 1710 1930 et
1774 1868 2068 1950 Ignatius
2131 1866 2552 1949 patriarchico
2604 1868 2750 1950 jure
2808 1865 3001 1930 illam

670 1962 1063 2047 provinciam
1126 1964 1490 2047 gubernare
1536 1985 1672 2027 non
1722 1964 2060 2027 dubitavit.
2166 1961 2582 2027 Consecravit
2641 1962 3001 2046 Bulgariae

670 2060 1241 2143 archiepiscopum,
1305 2060 1415 2142 qui
1485 2082 1523 2124 a
1584 2059 1963 2142 quibusdam
2036 2058 2400 2123 auctoribus
2462 2057 3003 2141 Theophylactus

669 2157 935 2237 dicitur,
1022 2157 1202 2238 isque
1278 2157 1434 2220 alios
1512 2156 1836 2220 ordinavit
1913 2157 2307 2238 episcoposf
2357 2156 2715 2238 presbyteri
2790 2156 3000 2219 etiam

668 2253 884 2335 graeci
950 2254 1020 2315 in
1070 2250 1442 2334 Bulgariam
1501 2253 1676 2316 missi
1744 2256 1914 2315 sunt.
2007 2251 2304 2317 Severius
2369 2252 2624 2335 quidem
2691 2251 3001 2335 Ignatius

670 2350 749 2412 ab
816 2348 1145 2411 Hadriano
1212 2353 1279 2411 et
1337 2347 1593 2411 Joanne
1643 2346 1823 2412 VIII.
1895 2349 1976 2412 ob
2041 2354 2417 2432 usurpatam
2483 2349 2551 2411 in
2615 2347 2998 2431 Bulgariam

603 2435 606 2438 ¹
660 2444 1175 2530 jurisdictionem
1241 2446 1525 2507 monitus
1592 2445 1750 2521 fuit,
1822 2447 1931 2529 qui
1997 2446 2191 2508 etiam
2261 2446 2997 2509 excommunicationem

670 2543 728 2606 01
796 2542 1023 2604 minati
1088 2550 1258 2606 sunt.
1363 2542 1680 2605 Attamen
1744 2544 1882 2625 ipse
1953 2565 2156 2624 usque
2222 2542 2301 2606 ad
2366 2548 2638 2606 mortem
2711 2542 2993 2625 patriar·

668 2638 846 2702 chica
894 2640 1045 2721 jura
1099 2639 1168 2701 iu
1223 2638 1402 2723 illam
1458 2638 1790 2721 regionem
1846 2640 2162 2716 exercuit,
2219 2661 2339 2702 nec
2396 2638 2993 2703 excommunicatus

668 2736 813 2799 fuit.
904 2734 1254 2800 Difficilem
1306 2735 1502 2798 fuisse
1549 2732 1795 2817 Ignatii
1840 2735 2245 2818 patriarchae
2291 2735 2746 2808 conditionem,
2798 2756 2989 2798 nemo

671 2837 769 2895 est
837 2832 942 2914 qui
1006 2853 1138 2895 non
1202 2831 1394 2896 videt.
1494 2830 1666 2894 Nam
1732 2837 1798 2895 et
1866 2832 2222 2914 Imperator
2290 2836 2356 2896 et
2427 2833 2631 2895 clerus
2699 2829 2990 2894 Orientis

670 2948 907 3011 magno
972 2949 1115 2991 cum
1181 2912 1406 2992 ardore
1463 2929 1589 2991 ista
1643 2930 1795 3011 jura
1852 2929 2180 3010 supposita
2243 2928 2541 2992 ecclesiae
2603 2927 2989 2996 Constanti-

669 3024 1084 3106 nopolitanae
1148 3024 1593 3101 vindicabant,
1669 3030 1736 3087 et
1809 3026 1865 3087 si
1933 3023 2228 3106 I'gnatius
2294 3046 2368 3086 ea
2433 3024 2804 3096 dimisisset,
2877 3023 2984 3085 ad·-

669 3106 935 3184 versa‘rii
996 3122 1131 3205 ejus
1176 3120 1325 3184 inde
1374 3122 1694 3203 cepissent
1749 3121 2146 3184 occasionem
2205 3122 2476 3184 maxime
2535 3126 2981 3202 opportunam,

671 3222 746 3279 ut
812 3217 1239 3299 patriarcham
1288 3216 1447 3281 odiis
1494 3222 1804 3305 voverent
1864 3218 2248 3291 multorum,
2304 3217 2667 3300 iterumque
2715 3237 2791 3278 ex
2839 3215 2983 3279 sede

671 3313 1109 3377 deturbarent.
1202 3311 1338 3376 Nec
1384 3311 1602 3377 tamen
1650 3334 1847 3375 senex
1902 3313 2163 3394 pietatis
2213 3312 2522 3395 probatae
2571 3317 2637 3375 et
2680 3317 2980 3375 constan-

669 3410 756 3472 tis
803 3407 950 3473 Sedi
997 3409 1410 3492 Apostolicae
1468 3410 1842 3485 restitisset,
1901 3409 2029 3472 11181
2090 3415 2155 3472 et
2214 3411 2380 3492 ipse,
2445 3409 2564 3472 hac
2618 3410 2686 3472 in
2752 3432 2819 3473 re
2873 3432 2980 3472 an-

671 3506 973 3590 gustioris
1050 3506 1318 3583 mentis,
1403 3505 1958 3587 Orientaliumque
2036 3506 2365 3589 principiis
2442 3513 2507 3569 et
2581 3506 2981 3589 opinionibus

673 3603 995 3695 paulisper
1055 3602 1350 3678 affectuS,
1408 3602 1861 3680 existimasset,
1925 3624 1992 3665 se
2043 3605 2190 3686 Jura
2236 3602 2535 3666 ecclesiae
2581 3624 2732 3666 suae
2779 3603 2983 3666 defen·

672 3699 839 3762 dere.
931 3697 1117 3762 Certe
1174 3699 1367 3762 etiam
1430 3699 1550 3762 viri
1618 3698 1709 3780 pii
1771 3705 2133 3780 temporum
2198 3704 2261 3762 et
2326 3700 2665 3763 nationum
2728 3702 2979 3783 praeju-

674 3794 851 3857 diciis
898 3798 963 3857 &t
1015 3793 1370 3858 defectibus
1427 3796 1660 3878 passim
1716 3794 2116 3871 afficiuntur,
2176 3794 2453 3880 indeque
2516 3797 2778 3885 humani
2832 3796 2976 3879 quid

587 3885 590 3889 ’
675 3891 1035 3973 patiuntur.
1137 3889 1493 3975 Benignius
1550 3891 1628 3954 ad
1689 3890 2120 3973 patriarcham
2184 3893 2613 3958 excusandum
2674 3892 2977 3957 Baronius

674 3987 924 4052 scribit:
990 3985 1213 4067 Neque
1270 3991 1392 4066 est,
1453 3989 1701 4071 inquit,
1766 3987 1934 4068 quod
1995 3988 2141 4068 quis
2200 3988 2272 4053 ob
2336 3989 2510 4054 litem
2564 3988 2732 4054 hanc
2784 3987 2974 4071 ana-

855 4210 897 4274 1)
938 4186 1119 4266 La'bbe
1147 4213 1300 4266 vm.
1340 4216 1459 4266 971.
1780 4210 1822 4277 ²)
1860 4211 2084 4267 Ibidem.
