3270 5028
643 415 755 470 330
1322 413 1502 468 XVII.
1539 414 1622 468 De
1661 412 1956 468 schismate
1991 413 2280 470 Photiauo.

642 557 792 621 culo
852 576 1026 619 nono
1092 553 1460 637 principia,
1541 552 1934 642 tendentiae,
2007 558 2067 619 et
2123 553 2377 633 sensim,
2444 571 2629 638 quae*
2687 552 2982 621 nomine

645 648 1147 733 Byzantinismi
1217 652 1299 716 ab
1372 651 1637 716 eruditis
1702 652 1914 716 *nostri
1974 651 2280 734 temporis
2338 651 2661 735 designari
2698 650 2978 725 solent,

647 747 714 813 et
746 743 1457 832 Constantinopolitani
1488 748 1981 831 praevalebant:
2024 746 2241 812 Variis
2268 747 2638 826 tendentiiS‚
2678 768 2845 833 quae
2887 747 2981 811 in·

646 844 855 922 GlerO,
900 847 970 910 in
1011 844 1424 929 Imperatore,
1468 846 1539 910 in
1586 844 1973 928 proceribus,
2017 843 2088 908 in
2135 843 2332 927 vulgu
2375 843 2616 908 radices
2661 847 2975 926 egerant,

646 942 958 1025 ejusmodi
1004 941 1479 1025 Byzantinismi
1538 941 1802 1024 spiritus
1865 939 2293 1016 conflabatur;
2352 962 2456 1004 eas
2516 941 2707 1023 paulo
2768 960 2973 1005 accu-

646 1037 850 1101 ratius
899 1038 1343 1104 describemus.
1400 1074 1487 1083 -—
1544 1037 1919 1103 Generatim
1973 1057 2278 1121 magnam
2333 1035 2698 1121 analogiam
2753 1036 2973 1100 habet

321 1136 607 1191 Bymtiniss·
646 1131 1199 1222 Byzantinismus
1243 1134 1364 1197 iste
1422 1155 1565 1199 cum
1614 1133 1972 1199 tendentiis
2029 1133 2098 1197 in
2149 1133 2291 1196 aliis
2336 1133 2729 1209 nationibuS,
2786 1154 2971 1217 quae

414 1211 525 1240 mu*
647 1231 985 1313 posteriori
1031 1236 1321 1313 tempore
1366 1253 1433 1295 se
1479 1230 2009 1307 manifestarunt,
2074 1235 2140 1295 et
2186 1230 2443 1295 nomine
2497 1226 2973 1295 Gallicanismi

648 1326 751 1390 vel
796 1324 1263 1408 Josephinismi
1307 1326 1629 1411 designari
1685 1328 1913 1392 solent.
2005 1326 2177 1406 „Des
2230 1328 2695 1391 circonstances
2753 1327 2968 1409 parti-

640 1424 933 1500 culiereS,
982 1423 1075 1488 ait
1122 1422 1439 1508 Gagarin‚
1499 1424 1756 1487 avaient
1802 1423 1926 1488 fait
1970 1424 2292 1508 prevaloir
2335 1446 2372 1486 a
2418 1422 2967 1532 Constantinople

644 1543 735 1584 un
780 1521 1087 1603 systeme,
1143 1543 1235 1583 un
1283 1520 1512 1603 esprst,
1575 1520 1685 1584 des
1731 1520 2106 1602 tendances,
2157 1520 2270 1603 qui
2327 1524 2445 1586 ont
2498 1542 2627 1583 une
2672 1499 2966 1585 certaine

639 1617 943 1701 analogie
1005 1637 1157 1680 avec
1212 1638 1281 1680 ce
1338 1639 1423 1702 qu
1430 1614 1532 1682 ’on
1592 1641 1628 1681 a
1685 1617 1948 1700 designe
2006 1616 2226 1700 depuis
2283 1621 2349 1681 et
2406 1617 2666 1681 ailleurs
2732 1638 2850 1698 par
2896 1617 2962 1679 le

644 1736 795 1778 nom
860 1712 937 1776 de
1001 1711 1403 1796 Josephisme
1467 1719 1532 1778 et
1592 1714 1671 1778 de
1738 1712 2212 1779 Gallicanisme.
2333 1713 2506 1778 C'est
2570 1735 2640 1777 ce
2702 1735 2826 1798 que
2885 1716 2960 1799 je

645 1810 897 1874 m'etais
954 1812 1188 1892 permis
1244 1809 1563 1894 d‘appeler
1619 1811 1680 1874 le
1727 1809 2160 1894 Byzantisme.
2255 1811 2337 1877 Je
2393 1810 2778 1894 distinguais
2830 1812 2953 1875 soi·

637 1910 1070 1989 gneusement
1134 1908 1193 1971 le
1239 1906 1651 1990 Byzantisnse
1713 1908 1798 1970 du
1854 1906 2149 1987 schisme3
2208 1908 2346 1971 l’un
2404 1907 2565 1971 etait
2593 1976 2598 1982 q
2624 1908 2959 1971 anterieur

638 2006 682 2065 a
731 2000 979 2081 l’autre,
1027 2003 1185 2069 mais
1233 2004 1279 2066 il
1320 2026 1363 2087 y
1409 2005 1720 2088 poussait,
1763 2005 1811 2068 il
1857 2005 1915 2069 le
1962 2004 2294 2069 contenait
2341 2026 2419 2067 en
2470 2002 2816 2088 germe.“¹)

826 2135 926 2197 15.
996 2132 1365 2198 Universim
1436 2134 1687 2200 CPtani
1758 2136 1983 2199 infecti
2049 2140 2236 2199 erant
2302 2152 2475 2198 vana
2543 2137 2604 2198 et
2671 2139 2961 2216 anqusta

597 2161 620 2284 t
636 2228 952 2311 superbia
1028 2231 1089 2292 et
1155 2228 1505 2295 ambitione
1579 2228 1922 2295 nationali.
2045 2230 2670 2314 Constantinopolis,
2747 2253 2960 2297 novae

644 2326 914 2406 Romae,
976 2326 1139 2390 sedis
1185 2327 1477 2411 Imperii,
1540 2330 1767 2393 mundi
1825 2328 2120 2393 dominae
2168 2349 2242 2392 ac
2298 2328 2562 2412 reginae
2619 2329 2960 2411 splendore

640 2431 711 2488 et
771 2424 1062 2507 potentia
1121 2424 1474 2507 gloriantes
1548 2429 1613 2489 et
1676 2425 2144 2508 superbientes,
2213 2425 2456 2490 cunctis
2523 2425 2592 2489 in
2660 2424 2961 2490 omnibus

635 2542 711 2585 se
762 2521 1147 2604 praecellere
1194 2522 1567 2605 censebant.
1655 2522 1829 2587 Hinc
1874 2523 2069 2587 etiam
2124 2523 2432 2606 antiquae
2480 2522 2719 2587 Romae
2770 2523 2957 2586 nullo

645 2618 834 2682 modo
896 2618 1118 2683 cedere
1178 2619 1330 2702 ipsis
1393 2618 1567 2684 cordi
1625 2624 1792 2696 erat,
1865 2640 2189 2702 quumque
2253 2620 2326 2685 in
2390 2619 2650 2703 reliquis
2715 2620 2957 2703 princi-

645 2718 868 2797 patum
914 2715 1036 2780 sibi
1069 2716 1489 2794 vindicarent,
1535 2739 1727 2802 aegre
1767 2715 2086 2793 ferebant,
2134 2716 2302 2799 quod
2336 2716 2411 2789 in
2448 2715 2670 2780 ordine
2715 2715 2958 2779 hierar-

634 2811 820 2876 chico
891 2812 1212 2896 subjectos
1282 2835 1349 2878 se
1423 2813 1616 2878 fateri
1691 2813 2017 2877 deberent.
2133 2811 2295 2877 Cum
2367 2812 2642 2895 quadam
2716 2811 2961 2876 invidia

646 2908 900 2972 unicam
958 2908 1124 2974 hanc
1178 2910 1497 2975 aemulam
1554 2909 2012 2994 respiciebant,
2074 2931 2145 2974 ac
2199 2909 2384 2974 facile
2430 2905 2756 2974 occasione
2802 2907 2959 2971 data

636 3005 715 3068 in
759 3006 899 3089 ejus
960 3005 1178 3070 odium
1233 3011 1426 3092 atque
1480 3009 1552 3072 in
1606 3006 2023 3071 rebellionem
2079 3009 2305 3070 contra
2365 3006 2712 3089 primatum
2759 3005 2956 3069 eccle-

634 3101 966 3164 siasticum
1016 3102 1321 3167 concitari
1369 3107 1690 3188 poterant.
1785 3103 1884 3166 Eo
1930 3104 2032 3167 vel
2087 3103 2290 3186 magis
2351 3101 2430 3165 ad
2484 3102 2953 3185 oppositionem

643 3198 830 3280 proni
892 3204 1105 3276 erant,
1170 3200 1339 3283 quod
1405 3200 1715 3265 Occidens
1781 3202 1858 3263 iis
1919 3202 2252 3282 suspectus
2319 3202 2506 3263 esset.
2616 3199 2955 3281 Quumque

636 3294 948 3374 angustia
991 3297 1228 3360 mentis
1275 3298 1481 3381 rigida
1527 3298 1813 3382 antiquis
1846 3296 2086 3376 formis,
2134 3295 2702 3360 consuetudinibus
2746 3297 2812 3358 et
2850 3296 2954 3358 in-

633 3389 890 3452 stitutis
930 3388 1300 3471 haererent,
1362 3415 1501 3458 eam
1551 3415 1743 3477 quam
1790 3393 1916 3458 illis
1974 3394 2043 3457 in
2103 3393 2471 3477 regionibus
2529 3392 2952 3456 advertebant

642 3506 858 3548 rerum
925 3487 1496 3555 ecclesiasticarum
1546 3491 1982 3555 differentiam
2042 3495 2106 3554 et
2168 3490 2634 3568 evolutionem,
2708 3493 2782 3552 ut
2842 3489 2955 3553 im-

638 3581 812 3663 piam
872 3581 1387 3665 innovationem,
1452 3592 1646 3671 atque
1694 3591 1767 3651 ut
1812 3586 2218 3670 illegitimam
2281 3587 2612 3652 doctrinae
2660 3591 2728 3650 et
2773 3585 2953 3649 disci-

643 3677 858 3759 plinae
905 3680 1355 3747 alterationem
1407 3684 1855 3748 traducebant.

822 3807 922 3871 16.
990 3803 1277 3870 Ambitio
1342 3806 1651 3891 ejusmodi
1717 3806 1911 3871 etiam
1977 3804 2218 3891 clerum
2283 3805 2557 3869 maxime
2618 3805 2949 3871 infecerat.

633 3901 790 3967 Jam
852 3925 929 3966 ex
1001 3901 1291 3985 pluribus
1353 3904 1621 3969 saeculis
1687 3886 2281 3980 animadvertimus,
2349 3905 2490 3965 tum
2558 3898 2952 3985 patriarchas

827 4146 866 4210 ¹)
903 4146 1109 4200 Etudes
1147 4147 1486 4214 religieuseS,
1525 4146 1637 4201 Mai
1679 4147 1831 4211 1865,
1869 4162 1918 4213 p.
1961 4148 2076 4199 117.
