<?xml version="1.0" encoding="UTF-8"?>
<!DOCTYPE html PUBLIC "-//W3C//DTD XHTML 1.0 Transitional//EN"
    "http://www.w3.org/TR/xhtml1/DTD/xhtml1-transitional.dtd">
<html xmlns="http://www.w3.org/1999/xhtml" xml:lang="en" lang="en">
 <head>
  <title>
</title>
<meta http-equiv="Content-Type" content="text/html;charset=utf-8" />
  <meta name='ocr-system' content='tesseract 3.04.00' />
  <meta name='ocr-capabilities' content='ocr_page ocr_carea ocr_par ocr_line ocrx_word'/>
</head>
<body>
  <div class='ocr_page' id='page_1' title='image "./dissertationess04junggoog_0148.png"; bbox 0 0 3270 5028; ppageno 0'>
   <div class='ocr_carea' id='block_1_1' title="bbox 632 455 2407 524">
    <p class='ocr_par' dir='ltr' id='par_1_1' title="bbox 632 455 2407 524">
     <span class='ocr_line' id='line_1_1' title="bbox 632 455 2407 524; baseline -0.002 -11"><span class='ocrx_word' id='word_1_1' title='bbox 632 463 739 514; x_wconf 78' lang='lat'>142</span> <span class='ocrx_word' id='word_1_2' title='bbox 1160 459 1311 512; x_wconf 90' lang='lat' dir='ltr'><strong>XIV.</strong></span> <span class='ocrx_word' id='word_1_3' title='bbox 1349 458 1431 513; x_wconf 89' lang='lat' dir='ltr'>De</span> <span class='ocrx_word' id='word_1_4' title='bbox 1470 457 1622 512; x_wconf 89' lang='lat' dir='ltr'>civili</span> <span class='ocrx_word' id='word_1_5' title='bbox 1659 457 1724 510; x_wconf 89' lang='lat' dir='ltr'>R.</span> <span class='ocrx_word' id='word_1_6' title='bbox 1763 455 2047 511; x_wconf 86' lang='lat' dir='ltr'>Pontificis</span> <span class='ocrx_word' id='word_1_7' title='bbox 2082 457 2407 524; x_wconf 87' lang='lat' dir='ltr'>principatu.</span> 
     </span>
    </p>
   </div>
   <div class='ocr_carea' id='block_1_2' title="bbox 613 598 2980 3674">
    <p class='ocr_par' dir='ltr' id='par_1_2' title="bbox 613 598 2980 3674">
     <span class='ocr_line' id='line_1_2' title="bbox 623 598 2943 683; baseline -0.002 -17"><span class='ocrx_word' id='word_1_8' title='bbox 623 607 743 666; x_wconf 80' lang='lat' dir='ltr'>tur</span> <span class='ocrx_word' id='word_1_9' title='bbox 804 601 1158 665; x_wconf 84' lang='lat' dir='ltr'>Carisiacus</span> <span class='ocrx_word' id='word_1_10' title='bbox 1220 601 1392 664; x_wconf 88' lang='lat' dir='ltr'>facta</span> <span class='ocrx_word' id='word_1_11' title='bbox 1447 606 1548 663; x_wconf 91' lang='lat' dir='ltr'>est</span> <span class='ocrx_word' id='word_1_12' title='bbox 1609 598 1731 662; x_wconf 90' lang='lat' dir='ltr'>sibi</span> <span class='ocrx_word' id='word_1_13' title='bbox 1795 598 1993 683; x_wconf 87' lang='lat' dir='ltr'>relegi</span> <span class='ocrx_word' id='word_1_14' title='bbox 2058 598 2341 678; x_wconf 86' lang='lat' dir='ltr'>fecisset,</span> <span class='ocrx_word' id='word_1_15' title='bbox 2418 599 2943 682; x_wconf 85' lang='lat' dir='ltr'>complacuerunt</span> 
     </span>
     <span class='ocr_line' id='line_1_3' title="bbox 630 694 2942 782; baseline -0.002 -20"><span class='ocrx_word' id='word_1_16' title='bbox 630 698 727 762; x_wconf 92' lang='lat' dir='ltr'>illi</span> <span class='ocrx_word' id='word_1_17' title='bbox 778 703 845 761; x_wconf 93' lang='lat' dir='ltr'>et</span> <span class='ocrx_word' id='word_1_18' title='bbox 906 699 1043 782; x_wconf 86' lang='lat' dir='ltr'>ejus</span> <span class='ocrx_word' id='word_1_19' title='bbox 1089 696 1422 761; x_wconf 86' lang='lat' dir='ltr'>Judicibus</span> <span class='ocrx_word' id='word_1_20' title='bbox 1485 697 1704 760; x_wconf 90' lang='lat' dir='ltr'>omnia</span> <span class='ocrx_word' id='word_1_21' title='bbox 1766 716 1932 778; x_wconf 86' lang='lat' dir='ltr'>quae</span> <span class='ocrx_word' id='word_1_22' title='bbox 1993 694 2231 759; x_wconf 84' lang='lat' dir='ltr'>ibidem</span> <span class='ocrx_word' id='word_1_23' title='bbox 2293 699 2479 759; x_wconf 88' lang='lat' dir='ltr'>erant</span> <span class='ocrx_word' id='word_1_24' title='bbox 2536 695 2813 772; x_wconf 86' lang='lat' dir='ltr'>adnexa,</span> <span class='ocrx_word' id='word_1_25' title='bbox 2877 700 2942 759; x_wconf 95' lang='lat' dir='ltr'>et</span> 
     </span>
     <span class='ocr_line' id='line_1_4' title="bbox 632 791 2942 878; baseline -0.001 -21"><span class='ocrx_word' id='word_1_26' title='bbox 632 795 891 878; x_wconf 87' lang='lat' dir='ltr'>propria</span> <span class='ocrx_word' id='word_1_27' title='bbox 954 794 1318 867; x_wconf 88' lang='lat' dir='ltr'>voluntate,</span> <span class='ocrx_word' id='word_1_28' title='bbox 1383 793 1553 857; x_wconf 91' lang='lat' dir='ltr'>bono</span> <span class='ocrx_word' id='word_1_29' title='bbox 1617 813 1690 855; x_wconf 89' lang='lat' dir='ltr'>ac</span> <span class='ocrx_word' id='word_1_30' title='bbox 1755 791 1984 856; x_wconf 90' lang='lat' dir='ltr'>libenti</span> <span class='ocrx_word' id='word_1_31' title='bbox 2044 791 2260 857; x_wconf 91' lang='lat' dir='ltr'>animo</span> <span class='ocrx_word' id='word_1_32' title='bbox 2324 792 2514 855; x_wconf 90' lang='lat' dir='ltr'>aliam</span> <span class='ocrx_word' id='word_1_33' title='bbox 2577 791 2942 857; x_wconf 88' lang='lat' dir='ltr'>donationis</span> 
     </span>
     <span class='ocr_line' id='line_1_5' title="bbox 631 887 2942 974; baseline -0.001 -20"><span class='ocrx_word' id='word_1_34' title='bbox 631 891 1115 974; x_wconf 85' lang='lat' dir='ltr'>promissionem</span> <span class='ocrx_word' id='word_1_35' title='bbox 1165 889 1245 954; x_wconf 89' lang='lat' dir='ltr'>ad</span> <span class='ocrx_word' id='word_1_36' title='bbox 1292 890 1498 953; x_wconf 89' lang='lat' dir='ltr'>instar</span> <span class='ocrx_word' id='word_1_37' title='bbox 1554 887 1896 953; x_wconf 85' lang='lat' dir='ltr'>anterioris</span> <span class='ocrx_word' id='word_1_38' title='bbox 1956 889 2090 972; x_wconf 90' lang='lat' dir='ltr'>ipse</span> <span class='ocrx_word' id='word_1_39' title='bbox 2147 888 2507 953; x_wconf 89' lang='lat' dir='ltr'>antedictus</span> <span class='ocrx_word' id='word_1_40' title='bbox 2552 888 2942 971; x_wconf 87' lang='lat' dir='ltr'>praecellen-</span> 
     </span>
     <span class='ocr_line' id='line_1_6' title="bbox 632 983 2941 1051; baseline -0.001 0"><span class='ocrx_word' id='word_1_41' title='bbox 632 988 921 1051; x_wconf 87' lang='lat' dir='ltr'>tissimus</span> <span class='ocrx_word' id='word_1_42' title='bbox 991 990 1057 1051; x_wconf 90' lang='lat' dir='ltr'>et</span> <span class='ocrx_word' id='word_1_43' title='bbox 1127 1007 1351 1050; x_wconf 86' lang='lat' dir='ltr'>revera</span> <span class='ocrx_word' id='word_1_44' title='bbox 1413 985 1985 1049; x_wconf 87' lang='lat' dir='ltr'>christianissimus</span> <span class='ocrx_word' id='word_1_45' title='bbox 2046 984 2312 1050; x_wconf 83' lang='lat' dir='ltr'>Carolus</span> <span class='ocrx_word' id='word_1_46' title='bbox 2371 983 2765 1048; x_wconf 81' lang='lat' dir='ltr'>Francorum</span> <span class='ocrx_word' id='word_1_47' title='bbox 2830 1006 2941 1048; x_wconf 85' lang='lat' dir='ltr'>rex</span> 
     </span>
     <span class='ocr_line' id='line_1_7' title="bbox 630 1080 2939 1167; baseline -0.001 -20"><span class='ocrx_word' id='word_1_48' title='bbox 630 1083 906 1147; x_wconf 80' lang='lat' dir='ltr'>adscribi</span> <span class='ocrx_word' id='word_1_49' title='bbox 959 1083 1156 1167; x_wconf 88' lang='lat' dir='ltr'>jussit</span> <span class='ocrx_word' id='word_1_50' title='bbox 1215 1104 1328 1165; x_wconf 83' lang='lat' dir='ltr'>per</span> <span class='ocrx_word' id='word_1_51' title='bbox 1377 1082 1744 1158; x_wconf 88' lang='lat' dir='ltr'>Etherium,</span> <span class='ocrx_word' id='word_1_52' title='bbox 1808 1081 2178 1165; x_wconf 87' lang='lat' dir='ltr'>religiosum</span> <span class='ocrx_word' id='word_1_53' title='bbox 2244 1102 2317 1145; x_wconf 88' lang='lat' dir='ltr'>ac</span> <span class='ocrx_word' id='word_1_54' title='bbox 2377 1080 2939 1163; x_wconf 87' lang='lat' dir='ltr'>prudentissimum</span> 
     </span>
     <span class='ocr_line' id='line_1_8' title="bbox 613 1176 2943 1262; baseline -0.001 -19"><span class='ocrx_word' id='word_1_55' title='bbox 613 1178 1054 1262; x_wconf 73' lang='lat' dir='ltr'>Capellanum</span> <span class='ocrx_word' id='word_1_56' title='bbox 1119 1183 1185 1242; x_wconf 88' lang='lat' dir='ltr'>et</span> <span class='ocrx_word' id='word_1_57' title='bbox 1242 1177 1580 1242; x_wconf 88' lang='lat' dir='ltr'>Notarium</span> <span class='ocrx_word' id='word_1_58' title='bbox 1644 1200 1857 1254; x_wconf 91' lang='lat' dir='ltr'>suum,</span> <span class='ocrx_word' id='word_1_59' title='bbox 1927 1178 2032 1241; x_wconf 90' lang='lat' dir='ltr'>ubi</span> <span class='ocrx_word' id='word_1_60' title='bbox 2101 1178 2416 1243; x_wconf 75' lang='lat' dir='ltr'><strong>concessit</strong></span> <span class='ocrx_word' id='word_1_61' title='bbox 2477 1176 2726 1241; x_wconf 92' lang='lat' dir='ltr'>easdem</span> <span class='ocrx_word' id='word_1_62' title='bbox 2787 1178 2943 1242; x_wconf 82' lang='lat' dir='ltr'>civi-</span> 
     </span>
     <span class='ocr_line' id='line_1_9' title="bbox 634 1273 2941 1357; baseline -0 -18"><span class='ocrx_word' id='word_1_63' title='bbox 634 1280 805 1339; x_wconf 88' lang='lat' dir='ltr'>tates</span> <span class='ocrx_word' id='word_1_64' title='bbox 851 1282 918 1339; x_wconf 89' lang='lat' dir='ltr'>et</span> <span class='ocrx_word' id='word_1_65' title='bbox 962 1276 1288 1341; x_wconf 88' lang='lat' dir='ltr'>territoria</span> <span class='ocrx_word' id='word_1_66' title='bbox 1334 1275 1524 1338; x_wconf 89' lang='lat' dir='ltr'>beato</span> <span class='ocrx_word' id='word_1_67' title='bbox 1573 1274 1784 1351; x_wconf 77' lang='lat' dir='ltr'>Petro,</span> <span class='ocrx_word' id='word_1_68' title='bbox 1836 1296 2063 1357; x_wconf 89' lang='lat' dir='ltr'>easque</span> <span class='ocrx_word' id='word_1_69' title='bbox 2107 1273 2397 1357; x_wconf 87' lang='lat' dir='ltr'>praefato</span> <span class='ocrx_word' id='word_1_70' title='bbox 2444 1273 2746 1339; x_wconf 87' lang='lat' dir='ltr'>Pontifici</span> <span class='ocrx_word' id='word_1_71' title='bbox 2791 1296 2941 1340; x_wconf 90' lang='lat' dir='ltr'>con-</span> 
     </span>
     <span class='ocr_line' id='line_1_10' title="bbox 633 1371 2940 1455; baseline -0 -19"><span class='ocrx_word' id='word_1_72' title='bbox 633 1372 802 1436; x_wconf 89' lang='lat' dir='ltr'>tradi</span> <span class='ocrx_word' id='word_1_73' title='bbox 848 1372 1194 1455; x_wconf 76' lang='lat' dir='ltr'>spopondit</span> <span class='ocrx_word' id='word_1_74' title='bbox 1240 1393 1354 1455; x_wconf 88' lang='lat' dir='ltr'>per</span> <span class='ocrx_word' id='word_1_75' title='bbox 1396 1371 1905 1454; x_wconf 77' lang='lat' dir='ltr'>designationem</span> <span class='ocrx_word' id='word_1_76' title='bbox 1961 1371 2339 1435; x_wconf 87' lang='lat' dir='ltr'>confinium:</span> <span class='ocrx_word' id='word_1_77' title='bbox 2397 1372 2564 1434; x_wconf 90' lang='lat' dir='ltr'>sicut</span> <span class='ocrx_word' id='word_1_78' title='bbox 2608 1371 2678 1435; x_wconf 91' lang='lat' dir='ltr'>in</span> <span class='ocrx_word' id='word_1_79' title='bbox 2725 1371 2940 1436; x_wconf 86' lang='lat' dir='ltr'>eadem</span> 
     </span>
     <span class='ocr_line' id='line_1_11' title="bbox 614 1466 2942 1543; baseline -0 -12"><span class='ocrx_word' id='word_1_80' title='bbox 614 1468 984 1533; x_wconf 78' lang='lat' dir='ltr'>—donatione</span> <span class='ocrx_word' id='word_1_81' title='bbox 1032 1469 1366 1533; x_wconf 88' lang='lat' dir='ltr'>continere</span> <span class='ocrx_word' id='word_1_82' title='bbox 1415 1471 1840 1542; x_wconf 82' lang='lat' dir='ltr'>monstratur,</span> <span class='ocrx_word' id='word_1_83' title='bbox 1898 1467 1962 1532; x_wconf 92' lang='lat' dir='ltr'>id</span> <span class='ocrx_word' id='word_1_84' title='bbox 2006 1470 2132 1543; x_wconf 87' lang='lat' dir='ltr'>est,</span> <span class='ocrx_word' id='word_1_85' title='bbox 2193 1490 2231 1530; x_wconf 88' lang='lat' dir='ltr'>a</span> <span class='ocrx_word' id='word_1_86' title='bbox 2277 1466 2482 1530; x_wconf 90' lang='lat' dir='ltr'>Lunis</span> <span class='ocrx_word' id='word_1_87' title='bbox 2538 1489 2684 1531; x_wconf 91' lang='lat' dir='ltr'>cum</span> <span class='ocrx_word' id='word_1_88' title='bbox 2727 1468 2942 1532; x_wconf 90' lang='lat' dir='ltr'>insula</span> 
     </span>
     <span class='ocr_line' id='line_1_12' title="bbox 632 1562 2943 1644; baseline -0.001 -15"><span class='ocrx_word' id='word_1_89' title='bbox 632 1564 912 1644; x_wconf 84' lang='lat' dir='ltr'>Corsica,</span> <span class='ocrx_word' id='word_1_90' title='bbox 958 1565 1186 1630; x_wconf 86' lang='lat' dir='ltr'>deinde</span> <span class='ocrx_word' id='word_1_91' title='bbox 1232 1566 1302 1628; x_wconf 92' lang='lat' dir='ltr'>in</span> <span class='ocrx_word' id='word_1_92' title='bbox 1350 1562 1654 1639; x_wconf 88' lang='lat' dir='ltr'>Suriano,</span> <span class='ocrx_word' id='word_1_93' title='bbox 1711 1563 1942 1627; x_wconf 92' lang='lat' dir='ltr'>deinde</span> <span class='ocrx_word' id='word_1_94' title='bbox 1990 1565 2058 1627; x_wconf 92' lang='lat' dir='ltr'>in</span> <span class='ocrx_word' id='word_1_95' title='bbox 2103 1569 2322 1633; x_wconf 89' lang='lat' dir='ltr'>monte</span> <span class='ocrx_word' id='word_1_96' title='bbox 2372 1562 2684 1643; x_wconf 85' lang='lat' dir='ltr'>Bardone,</span> <span class='ocrx_word' id='word_1_97' title='bbox 2732 1566 2797 1630; x_wconf 92' lang='lat' dir='ltr'>id</span> <span class='ocrx_word' id='word_1_98' title='bbox 2844 1567 2943 1630; x_wconf 87' lang='lat' dir='ltr'>est</span> 
     </span>
     <span class='ocr_line' id='line_1_13' title="bbox 632 1660 2943 1741; baseline 0 -17"><span class='ocrx_word' id='word_1_99' title='bbox 632 1662 704 1725; x_wconf 92' lang='lat' dir='ltr'>in</span> <span class='ocrx_word' id='word_1_100' title='bbox 751 1660 1056 1737; x_wconf 88' lang='lat' dir='ltr'>Vercet0,</span> <span class='ocrx_word' id='word_1_101' title='bbox 1121 1661 1351 1724; x_wconf 89' lang='lat' dir='ltr'>deinde</span> <span class='ocrx_word' id='word_1_102' title='bbox 1411 1660 1480 1723; x_wconf 90' lang='lat' dir='ltr'>in</span> <span class='ocrx_word' id='word_1_103' title='bbox 1548 1660 1810 1733; x_wconf 82' lang='lat' dir='ltr'>Parma,</span> <span class='ocrx_word' id='word_1_104' title='bbox 1872 1660 2099 1724; x_wconf 88' lang='lat' dir='ltr'>deinde</span> <span class='ocrx_word' id='word_1_105' title='bbox 2160 1661 2229 1723; x_wconf 92' lang='lat' dir='ltr'>in</span> <span class='ocrx_word' id='word_1_106' title='bbox 2283 1660 2535 1741; x_wconf 87' lang='lat' dir='ltr'>Rhegio</span> <span class='ocrx_word' id='word_1_107' title='bbox 2596 1667 2661 1726; x_wconf 93' lang='lat' dir='ltr'>et</span> <span class='ocrx_word' id='word_1_108' title='bbox 2715 1662 2943 1726; x_wconf 86' lang='lat' dir='ltr'>exinde</span> 
     </span>
     <span class='ocr_line' id='line_1_14' title="bbox 633 1755 2942 1840; baseline -0 -19"><span class='ocrx_word' id='word_1_109' title='bbox 633 1759 703 1821; x_wconf 91' lang='lat' dir='ltr'>in</span> <span class='ocrx_word' id='word_1_110' title='bbox 749 1757 1052 1834; x_wconf 82' lang='lat' dir='ltr'>Mantua,</span> <span class='ocrx_word' id='word_1_111' title='bbox 1115 1761 1309 1840; x_wconf 88' lang='lat' dir='ltr'>atque</span> <span class='ocrx_word' id='word_1_112' title='bbox 1356 1761 1577 1820; x_wconf 89' lang='lat' dir='ltr'>monte</span> <span class='ocrx_word' id='word_1_113' title='bbox 1624 1755 1871 1831; x_wconf 83' lang='lat' dir='ltr'>Silicis,</span> <span class='ocrx_word' id='word_1_114' title='bbox 1919 1756 2234 1840; x_wconf 86' lang='lat' dir='ltr'>simulque</span> <span class='ocrx_word' id='word_1_115' title='bbox 2279 1759 2345 1819; x_wconf 83' lang='lat' dir='ltr'>et</span> <span class='ocrx_word' id='word_1_116' title='bbox 2390 1758 2753 1822; x_wconf 86' lang='lat' dir='ltr'>universum</span> <span class='ocrx_word' id='word_1_117' title='bbox 2807 1757 2942 1822; x_wconf 83' lang='lat' dir='ltr'>Ex-</span> 
     </span>
     <span class='ocr_line' id='line_1_15' title="bbox 616 1852 2942 1938; baseline 0 -20"><span class='ocrx_word' id='word_1_118' title='bbox 616 1855 971 1918; x_wconf 24' lang='lat' dir='ltr'>ssarchatum</span> <span class='ocrx_word' id='word_1_119' title='bbox 1016 1853 1495 1918; x_wconf 86' lang='lat' dir='ltr'>Ravennatium</span> <span class='ocrx_word' id='word_1_120' title='bbox 1556 1853 1726 1917; x_wconf 90' lang='lat' dir='ltr'>sicut</span> <span class='ocrx_word' id='word_1_121' title='bbox 1781 1852 2142 1935; x_wconf 88' lang='lat' dir='ltr'>antiquitus</span> <span class='ocrx_word' id='word_1_122' title='bbox 2204 1855 2375 1928; x_wconf 90' lang='lat' dir='ltr'>erat,</span> <span class='ocrx_word' id='word_1_123' title='bbox 2434 1856 2632 1937; x_wconf 88' lang='lat' dir='ltr'>atque</span> <span class='ocrx_word' id='word_1_124' title='bbox 2684 1855 2942 1938; x_wconf 86' lang='lat' dir='ltr'>provin·</span> 
     </span>
     <span class='ocr_line' id='line_1_16' title="bbox 635 1947 2942 2025; baseline 0 -12"><span class='ocrx_word' id='word_1_125' title='bbox 635 1950 764 2013; x_wconf 90' lang='lat' dir='ltr'>cias</span> <span class='ocrx_word' id='word_1_126' title='bbox 828 1949 1248 2014; x_wconf 90' lang='lat' dir='ltr'>Venetiarum</span> <span class='ocrx_word' id='word_1_127' title='bbox 1314 1956 1379 2013; x_wconf 89' lang='lat' dir='ltr'>et</span> <span class='ocrx_word' id='word_1_128' title='bbox 1452 1947 1743 2025; x_wconf 86' lang='lat' dir='ltr'>Istriam,</span> <span class='ocrx_word' id='word_1_129' title='bbox 1821 1970 2074 2012; x_wconf 84' lang='lat' dir='ltr'>necnon</span> <span class='ocrx_word' id='word_1_130' title='bbox 2143 1954 2209 2012; x_wconf 90' lang='lat' dir='ltr'>et</span> <span class='ocrx_word' id='word_1_131' title='bbox 2277 1953 2578 2013; x_wconf 90' lang='lat' dir='ltr'>cunctum</span> <span class='ocrx_word' id='word_1_132' title='bbox 2643 1951 2942 2016; x_wconf 88' lang='lat' dir='ltr'>ducatum</span> 
     </span>
     <span class='ocr_line' id='line_1_17' title="bbox 617 2044 2980 2131; baseline 0.001 -21"><span class='ocrx_word' id='word_1_133' title='bbox 617 2044 1054 2131; x_wconf 82' lang='lat' dir='ltr'>-Spoletanum</span> <span class='ocrx_word' id='word_1_134' title='bbox 1127 2051 1192 2110; x_wconf 91' lang='lat' dir='ltr'>et</span> <span class='ocrx_word' id='word_1_135' title='bbox 1262 2046 1813 2110; x_wconf 80' lang='lat' dir='ltr'>Beneventanum.</span> <span class='ocrx_word' id='word_1_136' title='bbox 1884 2082 1971 2089; x_wconf 92' lang='lat'>—</span> <span class='ocrx_word' id='word_1_137' title='bbox 2041 2044 2239 2109; x_wconf 83' lang='lat' dir='ltr'>Facta</span> <span class='ocrx_word' id='word_1_138' title='bbox 2307 2044 2526 2109; x_wconf 90' lang='lat' dir='ltr'>eadem</span> <span class='ocrx_word' id='word_1_139' title='bbox 2596 2047 2980 2131; x_wconf 26' lang='lat' dir='ltr'>donatione„</span> 
     </span>
     <span class='ocr_line' id='line_1_18' title="bbox 638 2140 2941 2227; baseline 0 -20"><span class='ocrx_word' id='word_1_140' title='bbox 638 2144 894 2227; x_wconf 88' lang='lat' dir='ltr'>propria</span> <span class='ocrx_word' id='word_1_141' title='bbox 948 2165 1142 2206; x_wconf 88' lang='lat' dir='ltr'>manu</span> <span class='ocrx_word' id='word_1_142' title='bbox 1200 2144 1334 2225; x_wconf 90' lang='lat' dir='ltr'>ipse</span> <span class='ocrx_word' id='word_1_143' title='bbox 1392 2141 1955 2206; x_wconf 87' lang='lat' dir='ltr'>christianissimus</span> <span class='ocrx_word' id='word_1_144' title='bbox 2000 2140 2389 2207; x_wconf 86' lang='lat' dir='ltr'>Francorum</span> <span class='ocrx_word' id='word_1_145' title='bbox 2448 2165 2561 2207; x_wconf 87' lang='lat' dir='ltr'>rex</span> <span class='ocrx_word' id='word_1_146' title='bbox 2620 2166 2757 2207; x_wconf 90' lang='lat' dir='ltr'>eam</span> <span class='ocrx_word' id='word_1_147' title='bbox 2805 2166 2941 2208; x_wconf 88' lang='lat' dir='ltr'>cor·</span> 
     </span>
     <span class='ocr_line' id='line_1_19' title="bbox 637 2231 2942 2324; baseline -0 -20"><span class='ocrx_word' id='word_1_148' title='bbox 637 2240 975 2318; x_wconf 81' lang='lat' dir='ltr'>roboranS,</span> <span class='ocrx_word' id='word_1_149' title='bbox 1033 2231 1365 2303; x_wconf 87' lang='lat' dir='ltr'>universos</span> <span class='ocrx_word' id='word_1_150' title='bbox 1414 2238 1770 2322; x_wconf 89' lang='lat' dir='ltr'>episcopos,</span> <span class='ocrx_word' id='word_1_151' title='bbox 1821 2239 2116 2314; x_wconf 78' lang='lat' dir='ltr'>abbates,</span> <span class='ocrx_word' id='word_1_152' title='bbox 2169 2239 2357 2304; x_wconf 90' lang='lat' dir='ltr'>duces</span> <span class='ocrx_word' id='word_1_153' title='bbox 2406 2245 2470 2304; x_wconf 90' lang='lat' dir='ltr'>et</span> <span class='ocrx_word' id='word_1_154' title='bbox 2511 2240 2829 2324; x_wconf 86' lang='lat' dir='ltr'>grafiones</span> <span class='ocrx_word' id='word_1_155' title='bbox 2872 2242 2942 2304; x_wconf 88' lang='lat' dir='ltr'>in</span> 
     </span>
     <span class='ocr_line' id='line_1_20' title="bbox 637 2335 2943 2417; baseline -0 -16"><span class='ocrx_word' id='word_1_156' title='bbox 637 2359 713 2401; x_wconf 89' lang='lat' dir='ltr'>ea</span> <span class='ocrx_word' id='word_1_157' title='bbox 764 2335 1038 2400; x_wconf 82' lang='lat' dir='ltr'>adscribi</span> <span class='ocrx_word' id='word_1_158' title='bbox 1098 2336 1267 2399; x_wconf 88' lang='lat' dir='ltr'>fecit.</span> <span class='ocrx_word' id='word_1_159' title='bbox 1375 2335 1577 2410; x_wconf 84' lang='lat' dir='ltr'>Quam</span> <span class='ocrx_word' id='word_1_160' title='bbox 1637 2335 1810 2416; x_wconf 85' lang='lat' dir='ltr'>prius</span> <span class='ocrx_word' id='word_1_161' title='bbox 1868 2356 2060 2417; x_wconf 89' lang='lat' dir='ltr'>super</span> <span class='ocrx_word' id='word_1_162' title='bbox 2120 2336 2325 2398; x_wconf 90' lang='lat' dir='ltr'>altare</span> <span class='ocrx_word' id='word_1_163' title='bbox 2386 2336 2558 2400; x_wconf 87' lang='lat' dir='ltr'>beati</span> <span class='ocrx_word' id='word_1_164' title='bbox 2614 2336 2822 2415; x_wconf 90' lang='lat' dir='ltr'>Petri,</span> <span class='ocrx_word' id='word_1_165' title='bbox 2879 2341 2943 2400; x_wconf 87' lang='lat' dir='ltr'>et</span> 
     </span>
     <span class='ocr_line' id='line_1_21' title="bbox 628 2430 2939 2518; baseline -0 -22"><span class='ocrx_word' id='word_1_166' title='bbox 628 2432 1038 2518; x_wconf 63' lang='lat' dir='ltr'>&gt;postmodum</span> <span class='ocrx_word' id='word_1_167' title='bbox 1097 2432 1276 2496; x_wconf 88' lang='lat' dir='ltr'>intus</span> <span class='ocrx_word' id='word_1_168' title='bbox 1323 2433 1387 2494; x_wconf 90' lang='lat' dir='ltr'>in</span> <span class='ocrx_word' id='word_1_169' title='bbox 1445 2432 1582 2517; x_wconf 87' lang='lat' dir='ltr'>ejus</span> <span class='ocrx_word' id='word_1_170' title='bbox 1629 2435 1853 2496; x_wconf 88' lang='lat' dir='ltr'>sancta</span> <span class='ocrx_word' id='word_1_171' title='bbox 1910 2431 2307 2497; x_wconf 86' lang='lat' dir='ltr'>confessione</span> <span class='ocrx_word' id='word_1_172' title='bbox 2362 2430 2754 2516; x_wconf 78' lang='lat' dir='ltr'>ponenteS,¹)</span> <span class='ocrx_word' id='word_1_173' title='bbox 2808 2436 2939 2497; x_wconf 87' lang='lat' dir='ltr'>tarn</span> 
     </span>
     <span class='ocr_line' id='line_1_22' title="bbox 633 2528 2943 2613; baseline 0 -20"><span class='ocrx_word' id='word_1_174' title='bbox 633 2531 770 2613; x_wconf 91' lang='lat' dir='ltr'>ipse</span> <span class='ocrx_word' id='word_1_175' title='bbox 832 2528 1225 2593; x_wconf 84' lang='lat' dir='ltr'>Francorum</span> <span class='ocrx_word' id='word_1_176' title='bbox 1286 2551 1428 2608; x_wconf 86' lang='lat' dir='ltr'>rex,</span> <span class='ocrx_word' id='word_1_177' title='bbox 1490 2551 1810 2612; x_wconf 89' lang='lat' dir='ltr'>quamque</span> <span class='ocrx_word' id='word_1_178' title='bbox 1872 2530 2009 2613; x_wconf 87' lang='lat' dir='ltr'>ejus</span> <span class='ocrx_word' id='word_1_179' title='bbox 2064 2529 2311 2613; x_wconf 87' lang='lat' dir='ltr'>judices</span> <span class='ocrx_word' id='word_1_180' title='bbox 2371 2530 2563 2594; x_wconf 90' lang='lat' dir='ltr'>beato</span> <span class='ocrx_word' id='word_1_181' title='bbox 2624 2530 2818 2596; x_wconf 89' lang='lat' dir='ltr'>Petro</span> <span class='ocrx_word' id='word_1_182' title='bbox 2877 2536 2943 2593; x_wconf 89' lang='lat' dir='ltr'>et</span> 
     </span>
     <span class='ocr_line' id='line_1_23' title="bbox 630 2624 2941 2712; baseline -0.001 -21"><span class='ocrx_word' id='word_1_183' title='bbox 630 2629 776 2712; x_wconf 88' lang='lat' dir='ltr'>ejus</span> <span class='ocrx_word' id='word_1_184' title='bbox 846 2626 1082 2690; x_wconf 87' lang='lat' dir='ltr'>vicario</span> <span class='ocrx_word' id='word_1_185' title='bbox 1146 2625 1547 2689; x_wconf 87' lang='lat' dir='ltr'>sanctissimo</span> <span class='ocrx_word' id='word_1_186' title='bbox 1614 2624 1949 2689; x_wconf 84' lang='lat' dir='ltr'>Hadriano</span> <span class='ocrx_word' id='word_1_187' title='bbox 2017 2647 2249 2707; x_wconf 89' lang='lat' dir='ltr'>papae,</span> <span class='ocrx_word' id='word_1_188' title='bbox 2315 2626 2432 2689; x_wconf 89' lang='lat' dir='ltr'>sub</span> <span class='ocrx_word' id='word_1_189' title='bbox 2500 2626 2772 2690; x_wconf 80' lang='lat' dir='ltr'>terribili</span> <span class='ocrx_word' id='word_1_190' title='bbox 2841 2648 2941 2690; x_wconf 88' lang='lat' dir='ltr'>sa-</span> 
     </span>
     <span class='ocr_line' id='line_1_24' title="bbox 617 2722 2942 2805; baseline -0.001 -17"><span class='ocrx_word' id='word_1_191' title='bbox 617 2727 966 2789; x_wconf 78' lang='lat' dir='ltr'>—cramento</span> <span class='ocrx_word' id='word_1_192' title='bbox 1035 2744 1173 2786; x_wconf 89' lang='lat' dir='ltr'>sese</span> <span class='ocrx_word' id='word_1_193' title='bbox 1242 2722 1458 2785; x_wconf 89' lang='lat' dir='ltr'>omnia</span> <span class='ocrx_word' id='word_1_194' title='bbox 1527 2725 2018 2785; x_wconf 86' lang='lat' dir='ltr'>conservaturos</span> <span class='ocrx_word' id='word_1_195' title='bbox 2088 2743 2250 2805; x_wconf 89' lang='lat' dir='ltr'>quae</span> <span class='ocrx_word' id='word_1_196' title='bbox 2315 2723 2383 2786; x_wconf 88' lang='lat' dir='ltr'>in</span> <span class='ocrx_word' id='word_1_197' title='bbox 2449 2722 2668 2787; x_wconf 90' lang='lat' dir='ltr'>eadem</span> <span class='ocrx_word' id='word_1_198' title='bbox 2741 2722 2942 2787; x_wconf 90' lang='lat' dir='ltr'>dona-</span> 
     </span>
     <span class='ocr_line' id='line_1_25' title="bbox 637 2818 2943 2902; baseline -0 -19"><span class='ocrx_word' id='word_1_199' title='bbox 637 2821 814 2885; x_wconf 84' lang='lat' dir='ltr'>tione</span> <span class='ocrx_word' id='word_1_200' title='bbox 871 2821 1288 2884; x_wconf 82' lang='lat' dir='ltr'>continentnr</span> <span class='ocrx_word' id='word_1_201' title='bbox 1337 2818 1820 2901; x_wconf 82' lang='lat' dir='ltr'>promittenteS,</span> <span class='ocrx_word' id='word_1_202' title='bbox 1885 2818 2311 2882; x_wconf 85' lang='lat' dir='ltr'>tradiderunt.</span> <span class='ocrx_word' id='word_1_203' title='bbox 2417 2819 2740 2902; x_wconf 86' lang='lat' dir='ltr'>Apparem</span> <span class='ocrx_word' id='word_1_204' title='bbox 2798 2840 2943 2883; x_wconf 86' lang='lat' dir='ltr'>vero</span> 
     </span>
     <span class='ocr_line' id='line_1_26' title="bbox 636 2913 2942 3002; baseline -0.001 -22"><span class='ocrx_word' id='word_1_205' title='bbox 636 2917 833 3002; x_wconf 90' lang='lat' dir='ltr'>ipsius</span> <span class='ocrx_word' id='word_1_206' title='bbox 880 2915 1243 2979; x_wconf 90' lang='lat' dir='ltr'>donationis</span> <span class='ocrx_word' id='word_1_207' title='bbox 1301 2936 1414 2997; x_wconf 88' lang='lat' dir='ltr'>per</span> <span class='ocrx_word' id='word_1_208' title='bbox 1458 2914 1750 2977; x_wconf 88' lang='lat' dir='ltr'>eumdem</span> <span class='ocrx_word' id='word_1_209' title='bbox 1800 2913 2137 2978; x_wconf 87' lang='lat' dir='ltr'>Etherium</span> <span class='ocrx_word' id='word_1_210' title='bbox 2184 2913 2453 2978; x_wconf 87' lang='lat' dir='ltr'>adscribi</span> <span class='ocrx_word' id='word_1_211' title='bbox 2506 2915 2751 2980; x_wconf 86' lang='lat' dir='ltr'>faciens</span> <span class='ocrx_word' id='word_1_212' title='bbox 2809 2915 2942 2998; x_wconf 88' lang='lat' dir='ltr'>ipse</span> 
     </span>
     <span class='ocr_line' id='line_1_27' title="bbox 616 3010 2943 3093; baseline -0.002 -15"><span class='ocrx_word' id='word_1_213' title='bbox 616 3013 1201 3079; x_wconf 83' lang='lat' dir='ltr'>christianissimus</span> <span class='ocrx_word' id='word_1_214' title='bbox 1256 3032 1400 3089; x_wconf 86' lang='lat' dir='ltr'>rex,</span> <span class='ocrx_word' id='word_1_215' title='bbox 1469 3012 1647 3075; x_wconf 90' lang='lat' dir='ltr'>intus</span> <span class='ocrx_word' id='word_1_216' title='bbox 1703 3032 1896 3093; x_wconf 88' lang='lat' dir='ltr'>super</span> <span class='ocrx_word' id='word_1_217' title='bbox 1949 3032 2175 3093; x_wconf 86' lang='lat' dir='ltr'>corpus</span> <span class='ocrx_word' id='word_1_218' title='bbox 2220 3011 2394 3075; x_wconf 87' lang='lat' dir='ltr'>beati</span> <span class='ocrx_word' id='word_1_219' title='bbox 2447 3010 2654 3088; x_wconf 89' lang='lat' dir='ltr'>Petri,</span> <span class='ocrx_word' id='word_1_220' title='bbox 2715 3012 2943 3075; x_wconf 87' lang='lat' dir='ltr'>subtus</span> 
     </span>
     <span class='ocr_line' id='line_1_28' title="bbox 613 3107 2942 3195; baseline -0.002 -21"><span class='ocrx_word' id='word_1_221' title='bbox 613 3109 975 3195; x_wconf 68' lang='lat' dir='ltr'>evangelia</span> <span class='ocrx_word' id='word_1_222' title='bbox 1037 3130 1198 3191; x_wconf 86' lang='lat' dir='ltr'>quae</span> <span class='ocrx_word' id='word_1_223' title='bbox 1261 3107 1497 3171; x_wconf 90' lang='lat' dir='ltr'>ibidem</span> <span class='ocrx_word' id='word_1_224' title='bbox 1568 3107 1986 3171; x_wconf 87' lang='lat' dir='ltr'>continentur</span> <span class='ocrx_word' id='word_1_225' title='bbox 2059 3110 2125 3171; x_wconf 78' lang='lat' dir='ltr'>et</span> <span class='ocrx_word' id='word_1_226' title='bbox 2186 3108 2586 3184; x_wconf 82' lang='lat' dir='ltr'>osculantur,</span> <span class='ocrx_word' id='word_1_227' title='bbox 2654 3129 2770 3192; x_wconf 89' lang='lat' dir='ltr'>pro</span> <span class='ocrx_word' id='word_1_228' title='bbox 2829 3107 2942 3170; x_wconf 92' lang='lat' dir='ltr'>fir-</span> 
     </span>
     <span class='ocr_line' id='line_1_29' title="bbox 639 3203 2942 3288; baseline -0.002 -17"><span class='ocrx_word' id='word_1_229' title='bbox 639 3208 924 3271; x_wconf 90' lang='lat' dir='ltr'>missima</span> <span class='ocrx_word' id='word_1_230' title='bbox 995 3204 1248 3269; x_wconf 88' lang='lat' dir='ltr'>cautela</span> <span class='ocrx_word' id='word_1_231' title='bbox 1318 3208 1384 3268; x_wconf 85' lang='lat' dir='ltr'>et</span> <span class='ocrx_word' id='word_1_232' title='bbox 1453 3207 1717 3276; x_wconf 86' lang='lat' dir='ltr'>aeterna</span> <span class='ocrx_word' id='word_1_233' title='bbox 1777 3203 2059 3267; x_wconf 90' lang='lat' dir='ltr'>nominis</span> <span class='ocrx_word' id='word_1_234' title='bbox 2119 3204 2217 3267; x_wconf 90' lang='lat' dir='ltr'>sui</span> <span class='ocrx_word' id='word_1_235' title='bbox 2283 3226 2356 3269; x_wconf 89' lang='lat' dir='ltr'>ac</span> <span class='ocrx_word' id='word_1_236' title='bbox 2423 3205 2608 3288; x_wconf 89' lang='lat' dir='ltr'>regni</span> <span class='ocrx_word' id='word_1_237' title='bbox 2669 3204 2942 3269; x_wconf 83' lang='lat' dir='ltr'>Franco-</span> 
     </span>
     <span class='ocr_line' id='line_1_30' title="bbox 637 3300 2941 3386; baseline -0.001 -19"><span class='ocrx_word' id='word_1_238' title='bbox 637 3326 781 3367; x_wconf 90' lang='lat' dir='ltr'>rum</span> <span class='ocrx_word' id='word_1_239' title='bbox 827 3304 1163 3376; x_wconf 87' lang='lat' dir='ltr'>memoria,</span> <span class='ocrx_word' id='word_1_240' title='bbox 1220 3300 1489 3384; x_wconf 89' lang='lat' dir='ltr'>propriis</span> <span class='ocrx_word' id='word_1_241' title='bbox 1535 3301 1667 3363; x_wconf 89' lang='lat' dir='ltr'>suis</span> <span class='ocrx_word' id='word_1_242' title='bbox 1711 3300 2004 3364; x_wconf 89' lang='lat' dir='ltr'>manibus</span> <span class='ocrx_word' id='word_1_243' title='bbox 2052 3301 2297 3384; x_wconf 79' lang='lat' dir='ltr'>posuit3</span> <span class='ocrx_word' id='word_1_244' title='bbox 2360 3302 2611 3385; x_wconf 85' lang='lat' dir='ltr'>aliaque</span> <span class='ocrx_word' id='word_1_245' title='bbox 2656 3301 2941 3386; x_wconf 86' lang='lat' dir='ltr'>ejusdem</span> 
     </span>
     <span class='ocr_line' id='line_1_31' title="bbox 618 3397 2941 3482; baseline -0.002 -18"><span class='ocrx_word' id='word_1_246' title='bbox 618 3399 1004 3464; x_wconf 30' lang='lat' dir='ltr'>‘donationis</span> <span class='ocrx_word' id='word_1_247' title='bbox 1073 3398 1363 3479; x_wconf 83' lang='lat' dir='ltr'>exempla</span> <span class='ocrx_word' id='word_1_248' title='bbox 1424 3419 1536 3480; x_wconf 78' lang='lat' dir='ltr'>per</span> <span class='ocrx_word' id='word_1_249' title='bbox 1605 3397 2007 3462; x_wconf 87' lang='lat' dir='ltr'>scriniarium</span> <span class='ocrx_word' id='word_1_250' title='bbox 2083 3397 2277 3482; x_wconf 88' lang='lat' dir='ltr'>hujus</span> <span class='ocrx_word' id='word_1_251' title='bbox 2345 3404 2604 3463; x_wconf 88' lang='lat' dir='ltr'>nostrae</span> <span class='ocrx_word' id='word_1_252' title='bbox 2682 3403 2941 3463; x_wconf 87' lang='lat' dir='ltr'>sanctae</span> 
     </span>
     <span class='ocr_line' id='line_1_32' title="bbox 640 3494 2945 3579; baseline -0.002 -18"><span class='ocrx_word' id='word_1_253' title='bbox 640 3497 970 3561; x_wconf 87' lang='lat' dir='ltr'>Romanae</span> <span class='ocrx_word' id='word_1_254' title='bbox 1029 3494 1327 3558; x_wconf 89' lang='lat' dir='ltr'>ecclesiae</span> <span class='ocrx_word' id='word_1_255' title='bbox 1385 3494 1705 3577; x_wconf 88' lang='lat' dir='ltr'>adscripta</span> <span class='ocrx_word' id='word_1_256' title='bbox 1766 3495 1903 3578; x_wconf 88' lang='lat' dir='ltr'>ejus</span> <span class='ocrx_word' id='word_1_257' title='bbox 1961 3494 2341 3558; x_wconf 88' lang='lat' dir='ltr'>excellentia</span> <span class='ocrx_word' id='word_1_258' title='bbox 2382 3517 2590 3559; x_wconf 85' lang='lat' dir='ltr'>secum</span> <span class='ocrx_word' id='word_1_259' title='bbox 2655 3495 2945 3579; x_wconf 87' lang='lat' dir='ltr'>deporta-</span> 
     </span>
     <span class='ocr_line' id='line_1_33' title="bbox 628 3589 2941 3674; baseline -0.001 -18"><span class='ocrx_word' id='word_1_260' title='bbox 628 3590 865 3669; x_wconf 68' lang='lat' dir='ltr'>vit.“·²)</span> <span class='ocrx_word' id='word_1_261' title='bbox 958 3590 1055 3655; x_wconf 90' lang='lat' dir='ltr'>De</span> <span class='ocrx_word' id='word_1_262' title='bbox 1103 3590 1290 3674; x_wconf 87' lang='lat' dir='ltr'>hujus</span> <span class='ocrx_word' id='word_1_263' title='bbox 1339 3589 1708 3654; x_wconf 90' lang='lat' dir='ltr'>donationis</span> <span class='ocrx_word' id='word_1_264' title='bbox 1756 3590 2128 3655; x_wconf 86' lang='lat' dir='ltr'>extensione</span> <span class='ocrx_word' id='word_1_265' title='bbox 2176 3595 2241 3655; x_wconf 89' lang='lat' dir='ltr'>et</span> <span class='ocrx_word' id='word_1_266' title='bbox 2287 3592 2626 3656; x_wconf 87' lang='lat' dir='ltr'>authentia</span> <span class='ocrx_word' id='word_1_267' title='bbox 2668 3592 2941 3655; x_wconf 88' lang='lat' dir='ltr'>inferius</span> 
     </span>
    </p>
   </div>
   <div class='ocr_carea' id='block_1_3' title="bbox 636 3712 919 3775">
    <p class='ocr_par' dir='ltr' id='par_1_3' title="bbox 636 3712 919 3775">
     <span class='ocr_line' id='line_1_34' title="bbox 636 3712 919 3775; baseline -0.004 -21"><span class='ocrx_word' id='word_1_268' title='bbox 636 3712 919 3775; x_wconf 86' lang='lat' dir='ltr'>agemus.</span> 
     </span>
    </p>
   </div>
   <div class='ocr_carea' id='block_1_4' title="bbox 624 3868 2942 4256">
    <p class='ocr_par' dir='ltr' id='par_1_4' title="bbox 624 3868 2942 4158">
     <span class='ocr_line' id='line_1_35' title="bbox 784 3868 2942 3937; baseline 0.001 -16"><span class='ocrx_word' id='word_1_269' title='bbox 784 3869 824 3934; x_wconf 89' lang='lat'>¹)</span> <span class='ocrx_word' id='word_1_270' title='bbox 876 3869 1262 3937; x_wconf 72' lang='lat' dir='ltr'>„syngraphae</span> <span class='ocrx_word' id='word_1_271' title='bbox 1310 3868 1657 3922; x_wconf 85' lang='lat' dir='ltr'>continentes</span> <span class='ocrx_word' id='word_1_272' title='bbox 1705 3868 1823 3935; x_wconf 86' lang='lat' dir='ltr'>pias</span> <span class='ocrx_word' id='word_1_273' title='bbox 1867 3868 2188 3924; x_wconf 88' lang='lat' dir='ltr'>donationes</span> <span class='ocrx_word' id='word_1_274' title='bbox 2235 3868 2435 3935; x_wconf 84' lang='lat' dir='ltr'>imponi</span> <span class='ocrx_word' id='word_1_275' title='bbox 2488 3869 2751 3924; x_wconf 83' lang='lat' dir='ltr'>altaribus</span> <span class='ocrx_word' id='word_1_276' title='bbox 2802 3868 2942 3923; x_wconf 86' lang='lat' dir='ltr'>sole-</span> 
     </span>
     <span class='ocr_line' id='line_1_36' title="bbox 638 3946 2941 4016; baseline 0 -17"><span class='ocrx_word' id='word_1_277' title='bbox 638 3948 799 4012; x_wconf 85' lang='lat' dir='ltr'>bant,</span> <span class='ocrx_word' id='word_1_278' title='bbox 847 3953 909 4001; x_wconf 91' lang='lat' dir='ltr'>ut</span> <span class='ocrx_word' id='word_1_279' title='bbox 946 3948 1072 4002; x_wconf 90' lang='lat' dir='ltr'>inde</span> <span class='ocrx_word' id='word_1_280' title='bbox 1111 3949 1271 4001; x_wconf 88' lang='lat' dir='ltr'>robur</span> <span class='ocrx_word' id='word_1_281' title='bbox 1306 3947 1530 4015; x_wconf 70' lang='lat' dir='ltr'>maioris</span> <span class='ocrx_word' id='word_1_282' title='bbox 1578 3946 1889 4001; x_wconf 85' lang='lat' dir='ltr'>validitatis</span> <span class='ocrx_word' id='word_1_283' title='bbox 1936 3947 2260 4014; x_wconf 87' lang='lat' dir='ltr'>acciperent.</span> <span class='ocrx_word' id='word_1_284' title='bbox 2336 3947 2424 4001; x_wconf 87' lang='lat' dir='ltr'>Sic</span> <span class='ocrx_word' id='word_1_285' title='bbox 2474 3948 2656 4016; x_wconf 84' lang='lat' dir='ltr'>pueris</span> <span class='ocrx_word' id='word_1_286' title='bbox 2694 3948 2810 4002; x_wconf 88' lang='lat' dir='ltr'>Deo</span> <span class='ocrx_word' id='word_1_287' title='bbox 2847 3948 2941 4002; x_wconf 91' lang='lat' dir='ltr'>ob-</span> 
     </span>
     <span class='ocr_line' id='line_1_37' title="bbox 628 4025 2942 4094; baseline 0.001 -16"><span class='ocrx_word' id='word_1_288' title='bbox 628 4026 768 4079; x_wconf 80' lang='lat' dir='ltr'>latis</span> <span class='ocrx_word' id='word_1_289' title='bbox 819 4042 1010 4080; x_wconf 88' lang='lat' dir='ltr'>manus</span> <span class='ocrx_word' id='word_1_290' title='bbox 1059 4026 1314 4080; x_wconf 88' lang='lat' dir='ltr'>altarium</span> <span class='ocrx_word' id='word_1_291' title='bbox 1365 4026 1576 4093; x_wconf 84' lang='lat' dir='ltr'>mappis</span> <span class='ocrx_word' id='word_1_292' title='bbox 1627 4025 2108 4080; x_wconf 83' lang='lat' dir='ltr'>obvolvebantur.“</span> <span class='ocrx_word' id='word_1_293' title='bbox 2201 4026 2456 4094; x_wconf 88' lang='lat' dir='ltr'>Vignoli,</span> <span class='ocrx_word' id='word_1_294' title='bbox 2504 4031 2633 4080; x_wconf 86' lang='lat' dir='ltr'>nota</span> <span class='ocrx_word' id='word_1_295' title='bbox 2680 4028 2749 4080; x_wconf 87' lang='lat' dir='ltr'>ad</span> <span class='ocrx_word' id='word_1_296' title='bbox 2798 4027 2942 4080; x_wconf 90' lang='lat' dir='ltr'>hunc</span> 
     </span>
     <span class='ocr_line' id='line_1_38' title="bbox 624 4103 1396 4158; baseline 0 -1"><span class='ocrx_word' id='word_1_297' title='bbox 624 4105 812 4158; x_wconf 78' lang='lat' dir='ltr'>locum</span> <span class='ocrx_word' id='word_1_298' title='bbox 848 4104 1003 4158; x_wconf 86' lang='lat' dir='ltr'>Libri</span> <span class='ocrx_word' id='word_1_299' title='bbox 1039 4103 1396 4158; x_wconf 79' lang='lat' dir='ltr'>PontificaliS.</span> 
     </span>
    </p>

    <p class='ocr_par' dir='ltr' id='par_1_5' title="bbox 817 4182 1356 4256">
     <span class='ocr_line' id='line_1_39' title="bbox 817 4182 1356 4256; baseline 0 -20"><span class='ocrx_word' id='word_1_300' title='bbox 817 4182 861 4250; x_wconf 85' lang='lat'>²)</span> <span class='ocrx_word' id='word_1_301' title='bbox 902 4182 991 4236; x_wconf 83' lang='lat' dir='ltr'>Oc.</span> <span class='ocrx_word' id='word_1_302' title='bbox 1023 4186 1106 4256; x_wconf 71' lang='lat'>41.</span> <span class='ocrx_word' id='word_1_303' title='bbox 1145 4186 1229 4236; x_wconf 81' lang='grc'>42.</span> <span class='ocrx_word' id='word_1_304' title='bbox 1269 4186 1356 4237; x_wconf 87' lang='grc'>43.</span> 
     </span>
    </p>
   </div>
  </div>
 </body>
</html>
