3270 5028
650 430 751 481 124
1079 394 1101 413 ⁹
1168 428 1314 481 XIV.
1353 427 1447 482 De.
1473 428 1625 481 civili
1659 428 1725 481 R.
1767 427 2050 481 Pontificis
2086 427 2413 495 principatu.

310 567 484 610 Bellum
507 581 625 620 Prae·
822 571 928 634 49.
986 554 1123 632 Rex
1186 569 1438 632 interea
1497 591 1635 633 cum
1704 569 2051 651 Aistulpho
2118 570 2251 653 egit
2313 567 2568 653 quidem
2629 567 2707 631 de
2768 542 2954 635 rebus

372 632 564 682 paratur.

646 665 1127 749 componendis3
1186 665 1562 748 praevidens
1609 670 1856 744 autem,
1916 665 2123 748 ipsum
2169 667 2293 730 nisi
2340 669 2626 730 coactum
2677 687 2714 728 a
2759 686 2954 728 cona-

644 763 818 827 tibus
888 761 1017 826 suis
1094 760 1432 845 subigendi
1511 764 1718 826 totam
1803 760 2059 825 Italiam
2127 782 2260 825 non
2334 782 2469 825 esse
2536 781 2952 836 recessurum,

645 859 883 922 bellum
958 857 1380 941 praeparavit.
1499 857 1667 921 Tum
1741 858 1906 941 apud
1983 857 2392 922 Brennacum
2459 857 2678 921 villam
2746 857 2953 940 publi·

643 977 783 1019 cam
846 975 1042 1038 prope
1097 951 1476 1030 Suessiones
1533 976 1749 1018 mense
1811 953 2077 1029 Martie,
2147 959 2287 1018 tum
2341 954 2507 1037 apud
2562 953 2951 1018 Carisiacum

640 1049 964 1133 (Quiersy)
1012 1057 1297 1132 tempore
1342 1049 1675 1121 Paschatis
1724 1051 1856 1134 (14.
1901 1048 2172 1135 Aprilis)
2220 1056 2575 1116 conventus
2622 1072 2952 1134 procerum

643 1146 901 1222 habuit,
964 1151 1162 1229 atque
1229 1150 1305 1209 ut
1363 1147 1684 1228 expeditio
1737 1147 1967 1212 bellica
2032 1152 2258 1212 contra
2318 1146 2774 1232 Longobardos
2838 1146 2952 1210 ha-

642 1243 921 1324 beretur,
970 1264 1110 1306 cum
1157 1243 1311 1325 ipsis
1358 1242 1692 1326 disposuit.
1772 1242 2119 1327 Colligitur
2164 1250 2383 1308 autem
2431 1265 2508 1307 ex
2555 1243 2952 1308 documentis

638 1348 708 1402 et
767 1361 844 1402 ex
911 1338 1279 1422 eventibus,
1345 1339 1411 1401 in
1476 1339 1604 1403 illis
1671 1339 1943 1404 comitiis
2010 1343 2323 1404 statutum
2384 1340 2612 1416 fuisse,
2679 1362 2747 1403 re
2806 1361 2949 1404 cum

641 1435 956 1500 Pontifice
1004 1457 1260 1518 quoque
1307 1435 1623 1499 maturius
1671 1435 2045 1513 deliberata,
2093 1440 2168 1499 ut
2215 1457 2346 1500 non
2395 1435 2655 1500 Graecis
2703 1433 2951 1520 (icono-

638 1532 909 1612 clastis),
956 1553 1229 1615 quorum
1276 1531 1631 1596 dominatio
1684 1533 2005 1596 exstincta
2053 1537 2211 1611 erat,
2260 1533 2620 1616 provinciae
2667 1556 2703 1597 a
2750 1529 2950 1597 Fran·

639 1630 730 1693 cis
773 1627 1140 1693 liberandae
1185 1627 1625 1705 redderentur,
1673 1629 1782 1692 sed
1829 1634 1903 1692 ut
1950 1629 2361 1693 traderentur
2387 1628 2696 1719 Βοῑιιειῑιο
2721 1629 2951 1694 Ponti-

641 1725 762 1789 fici.
870 1723 1059 1787 Haud
1123 1724 1312 1787 aliter
1376 1725 1547 1788 enim
1613 1747 1691 1789 ex
1721 1712 2163 1809 expeditione
2227 1726 2499 1790 molesta
2558 1727 2627 1789 in
2691 1714 2950 1791 Italiam

641 1800 886 1884 fructus
929 1821 1168 1884 solidus
1217 1821 1571 1903 exspectari
1619 1826 1897 1904 poterat,
1941 1844 2057 1886 nec
2100 1844 2393 1933 proceres
2435 1823 2662 1886 adduci
2707 1823 2948 1906 potuis·

637 1920 819 1997 sent,
893 1921 967 1980 ut
1029 1921 1256 1981 contra
1331 1917 1789 2001 Longobardos
1854 1940 2136 2003 eousque
2200 1919 2353 2002 ipsis
2413 1919 2648 1983 amicos
2708 1920 2949 1984 bellum

640 2013 1057 2095 susciperent.
1167 2013 1259 2077 Ut
1316 2013 1575 2078 Graecis
1641 2015 2000 2098 provincias
2065 2015 2425 2098 deperditas
2489 2020 2558 2078 et
2612 2016 2947 2082 derelictas

638 2115 1120 2192 recuperarent,
1181 2111 1468 2193 profecto
1516 2109 1751 2175 Franci
1807 2133 1873 2175 se
1930 2132 2295 2195 pugnarum
2353 2113 2701 2177 discrimini
2749 2134 2822 2177 ac
2860 2114 2948 2177 la-

638 2206 780 2270 bori
828 2229 960 2271 non
1009 2206 1482 2289 exposuissent3
1545 2211 1616 2271 at
1670 2229 1784 2291 pro
1833 2207 2149 2286 Ecclesia,
2212 2208 2285 2273 B.
2340 2208 2527 2274 Petro
2584 2232 2656 2273 ac
2702 2232 2948 2274 summo

555 2237 954 2366 &lpontffice
1019 2302 1098 2366 ad
1162 2302 1401 2366 bellum
1467 2325 1537 2367 se
1592 2303 2027 2369 accinxerunt.
2143 2304 2496 2370 Caeterum?
2533 2305 2791 2389 Pipin0,
2854 2307 2949 2371 uti

638 2397 898 2482 quidam
966 2403 1260 2475 censent,
1327 2399 1521 2463 etiam
1585 2401 1827 2465 motiva
1889 2401 2203 2485 quaedam
2251 2403 2524 2485 *politica
2581 2403 2810 2480 fuisse,
2875 2407 2950 2467 ut

642 2494 1210 2580 Longobardorum
1272 2499 1660 2579 potestatem
1718 2501 2005 2563 coercere
2054 2498 2276 2577 vellet,
2338 2522 2468 2565 non
2528 2502 2626 2564 est
2674 2523 2787 2565 cur
2832 2522 2944 2584 pe-

639 2592 815 2657 nitus
860 2614 1186 2677 negemuS.
1272 2592 1640 2657 Periculum
1680 2594 1851 2658 enim
1901 2596 2067 2658 forte
2114 2595 2508 2678 imminebat,
2556 2618 2639 2660 ne
2688 2595 2947 2680 Longo-

639 2688 976 2753 bardorum
1028 2690 1319 2772 potentia
1355 2690 1747 2774 juvarentur
1803 2695 2030 2773 gentes
2079 2690 2149 2754 in
2197 2692 2436 2778 Italiae?
2478 2692 2712 2757 finibus
2760 2692 2946 2769 sitae,

635 2886 848 2940 toribus
901 2888 1256 2945 iconoclastis
1315 2894 1491 2963 magis
1549 2894 1836 2962 magisque
1902 2894 2408 2962 derelinquerentur
2462 2895 2619 2961 Itali,
2685 2895 2945 2951 civitates

638 2965 741 3019 sibi
790 2975 1050 3034 quantum
1091 2975 1350 3037 poterant
1398 2973 1782 3039 providerunt,
1836 2979 1892 3029 et
1940 2975 2234 3028 secundum
2284 2974 2560 3041 antiquam
2600 2973 2945 3029 consuetudi·

635 3060 757 3099 nem
805 3047 1116 3114 complexus
1167 3064 1353 3103 earum
1400 3068 1534 3106 voce
1579 3051 1899 3122 reipublicae
1945 3054 2285 3121 designatur.
2359 3053 2532 3107 Roma
2577 3053 2703 3107 urbs
2747 3054 2943 3120 prima·

633 3124 718 3178 ria
753 3131 873 3179 erat
910 3126 1069 3195 hujus
1105 3128 1463 3197 reipublicae,
1514 3131 1739 3199 ejusque
1779 3137 1945 3214 caput
1978 3133 2183 3186 m’orale
2222 3136 2280 3187 et
2315 3137 2595 3201 protector
2624 3132 2741 3199 J’am
2776 3132 2943 3187 habe—

624 3204 797 3257 batur
833 3203 1111 3260 Romanus
1149 3207 1434 3274 Pontifex,
1484 3209 1575 3276 qui
1621 3210 1788 3265 etiam
1821 3199 1979 3278 apud
2014 3211 2273 3278 Pipinum
2311 3226 2429 3265 eam
2476 3210 2941 3277 repraesentabat.

631 3282 741 3336 Ofr.
781 3283 1039 3349 NiehueS,
1074 3286 1179 3341 Die
1208 3286 1612 3357 Schenkungen
1654 3289 1750 3354 der
1787 3289 2113 3356 Carolinger
2149 3306 2219 3343 an
2257 3289 2344 3343 die
2383 3289 2605 3357 Papste,
2642 3289 2687 3342 Ι.
2726 3289 2943 3344 Histor.

628 3361 912 3416 Jahrbuch
951 3365 1114 3430 1881,
1164 3365 1236 3419 Π.
1274 3366 1337 3418 Β.
1376 3366 1419 3420 Ι.
1457 3366 1608 3422 Heft.
1648 3368 1700 3422 S.
1739 3371 1833 3436 823
1873 3369 2067 3435 Balan,
2112 3367 2296 3422 Storia
2334 3367 2568 3433 d’Italia,
2609 3368 2728 3422 Vol.
2767 3368 2839 3422 ΙΙ.
2878 3368 2942 3423 L.

633 3439 787 3493 XIII.
826 3458 876 3494 n.
916 3442 1042 3494 XII.
1084 3458 1198 3511 sqq.
1238 3476 1305 3482 —-
1342 3446 1484 3499 Huic
1520 3462 1680 3513 porro
1719 3446 2053 3515 reipublicae
2089 3447 2349 3502 dicuntur
2395 3447 2601 3515 passim
2636 3447 2811 3513 reddi,
2863 3464 2943 3501 re·

626 3518 812 3584 stimi,
862 3519 1121 3576 civitates
1160 3531 1219 3577 et
1252 3524 1399 3592 jura,
1448 3541 1585 3592 quae
1623 3543 1658 3580 a
1693 3526 2078 3594 Longobardis
2130 3532 2323 3594 erepta
2368 3532 2527 3582 erant
2571 3527 2806 3594 Imperio
2846 3542 2943 3581 seu

632 3597 946 3665 provinciae
985 3600 1257 3666 imperiali
1294 3603 1520 3669 Italiae,
1568 3605 1695 3672 quia
1741 3604 1798 3658 in
1834 3606 2010 3660 locum
2049 3605 2270 3672 Imperii
2314 3606 2426 3660 ista
2471 3605 2781 3673 respublica
2817 3622 2941 3660 suc-

631 3677 878 3731 cedebat.
950 3678 1034 3732 Eo
1071 3694 1201 3735 vero
1239 3682 1542 3737 tendebant
1581 3690 1809 3739 conatus
1837 3684 2098 3752 Stephani
2138 3689 2196 3739 et
2230 3685 2430 3753 Pipini,
2467 3685 2629 3753 idque
2665 3686 2813 3740 inter
2849 3700 2944 3739 eos

631 3754 793 3810 initio
832 3756 1154 3812 convenisse
1191 3760 1435 3827 videtur,
1483 3767 1544 3815 ut
1583 3778 1769 3818 omnes
1807 3763 1951 3819 istae
1988 3764 2269 3833 regiones,
2318 3765 2366 3818 si
2403 3764 2715 3832 vindicatae
2755 3772 2943 3819 essent

632 3851 665 3888 a
701 3835 994 3901 tyrannide
1032 3836 1538 3907 Longobardorum‚
1577 3842 1943 3897 subderentur
1978 3843 2221 3897 Romano
2259 3843 2537 3909 Pontifici,
2582 3844 2781 3911 partim
2818 3844 2942 3897 sub-

623 3913 868 3981 jectione
904 3914 1242 3983 immediata,
1289 3920 1490 3985 partim
1525 3919 1808 3974 feudorum
1848 3922 2207 3976 submissione
2243 3922 2499 3988 mediata,
2552 3922 2637 3976 ita
2673 3927 2735 3975 ut
2772 3921 2942 3976 domi-

629 3992 781 4045 nium
829 3992 1001 4046 altum
1050 4009 1218 4060 penes
1267 3995 1591 4053 Pontificem
1644 4005 1808 4054 esset.
1883 3999 1970 4054 Sic
2019 4001 2302 4067 antiquum
2349 4017 2580 4069 regnum
2625 4000 2941 4069 Longobar-

616 4073 816 4125 dorum
870 4071 929 4125 in
975 4073 1141 4127 Italia
1195 4076 1466 4144 superiori
1523 4083 1801 4132 servatum
1850 4078 2218 4145 substitisset,
2274 4080 2451 4135 media
2495 4079 2661 4134 Italia
2705 4095 2834 4134 vero
2879 4078 2941 4133 in

626 4150 894 4206 ditionem
932 4152 1217 4209 Pontificis
1257 4154 1537 4211 cessisset.
1568 4167 1575 4172 ·
1611 4156 1721 4210 Cfr.
1761 4157 1951 4212 Balan.
1989 4158 2025 4211 l.
2064 4176 2109 4212 c.
2148 4174 2200 4211 n.
2238 4159 2437 4214 XXVI.
