3270 5028
715 461 821 512 274
1057 458 1203 513 XVI.
1242 458 1449 513 Causae
1487 458 1729 513 celebres
1771 464 1827 513 et
1859 459 2181 513 Decretales
2217 452 2674 514 Pseudo-Isidori.

713 622 1016 685 sponsum
1063 601 1221 665 citat
1268 602 1523 684 quidem
1568 600 1760 663 etiam
1812 599 1888 664 de
1939 598 2244 684 Regnon‚
2290 601 2399 666 sed
2444 605 2700 665 tantum
2748 606 3033 685 partem,

715 720 922 783 usque
972 697 1049 761 ad
1088 697 1202 761 illa
1244 698 1440 762 verba
1486 701 1625 761 tum
1671 696 1746 759 de
1791 694 2019 760 multis
2062 701 2207 772 etc..
2267 719 2462 781 quum
2519 702 2740 762 tamen
2787 700 2858 762 in
2904 698 3034 763 hac

714 795 940 859 ultima
1005 800 1189 877 parte
1259 795 1532 858 maxime
1599 794 1691 858 vis
1757 792 2171 857 refutationis
2232 794 2559 859 consistat.
2664 795 2707 860 J
2711 817 2813 858 am
2882 795 3031 880 ipse

713 890 1102 955 Hincmarus
1169 889 1584 967 RhemensiS,
1660 911 1853 973 quum
1926 912 2099 953 anno
2169 892 2294 954 868
2365 912 2617 956 causam
2684 890 3027 956 Hincmari

704 988 985 1072 junioris
1032 991 1256 1052 contra
1302 986 1601 1052 Carolum
1656 1007 1873 1070 regem
1916 990 2239 1064 tueretur,
2295 985 3026 1053 Pseudo-Decretalium

711 1090 933 1148 textus
979 1085 1168 1165 citat,
1229 1088 1301 1146 ut
1346 1083 1679 1162 ostendat,
1740 1083 1910 1147 bona
1967 1084 2374 1148 ecclesiarum
2433 1106 2469 1147 a
2515 1088 2834 1174 potestate
2877 1107 3025 1150 sae-

713 1181 914 1245 culari
960 1180 1231 1245 detineri
1278 1203 1412 1246 non
1462 1202 1663 1263 posse.
1752 1179 1976 1258 Vides,
2037 1203 2170 1245 non
2228 1182 2513 1265 probari,
2577 1204 2833 1265 scopum
2878 1185 3026 1247 uni·

711 1301 851 1342 cum
898 1277 1127 1342 Isidori
1174 1278 1385 1353 fuisse,
1436 1280 1511 1340 ut
1557 1298 1785 1341 causae
1833 1279 2269 1360 episcoporum
2315 1278 2394 1341 ad
2438 1278 2803 1343 Romanum
2848 1279 3023 1345 Pon-

710 1375 946 1439 tificem
994 1374 1524 1439 transferrentur.

385 1523 680 1607 Dekaptalipm
886 1526 987 1589 63.
1047 1523 1193 1602 Qua
1236 1519 1493 1586 ratione
1549 1523 1834 1603 receptae
1875 1519 2011 1585 sint
2056 1520 2427 1586 Decretales
2472 1522 3024 1589 Pseudo-Isidori

389 1600 659 1651 ¹³¹⁰p⁸g¹²t¹⁰'
699 1624 838 1707 jam
907 1641 1324 1704 exponamuS‚
1402 1622 1467 1681 et
1527 1616 1882 1694 videamus,
1957 1622 2173 1682 utrum
2247 1622 2584 1704 praecipue
2651 1643 2764 1704 per
2824 1621 3018 1687 Nico·

707 1720 881 1783 laum
935 1719 1222 1800 aliosque
1283 1715 1610 1780 Romanos
1667 1713 2016 1779 Pontifices
2081 1715 2338 1780 eaedem
2406 1719 2855 1784 auctoritatem
2911 1741 3019 1782 ac·

706 1815 1016 1898 ceperint.
1122 1811 1447 1890 Diximus,
1514 1812 1792 1895 primum
1853 1833 1959 1875 eas
2022 1813 2266 1889 afferri,
2334 1815 2435 1876 uti
2494 1814 2773 1894 videtur,
2843 1838 3021 1880 anno

391 1948 418 1982 e
708 1913 833 1977 853
904 1934 942 1973 a
988 1908 1297 1974 Wulfado
1373 1912 1438 1972 et
1509 1909 1697 1972 sociis
1777 1908 1942 1992 ejus,
2020 1908 2169 1972 dum
2246 1932 2499 1974 causam
2568 1933 2747 1976 sua-m
2804 1912 3019 1977 vindi-

706 2013 884 2083 cant;
943 2007 1092 2071 dein
1138 2028 1287 2071 vero
1332 2027 1505 2069 anno
1554 2005 1680 2068 857
1738 2005 1808 2068 in
1867 2006 2135 2071 concilio
2190 2006 2506 2072 Carisiaco
2562 2030 2640 2071 ex
2689 2007 3019 2087 Anacleti‚

708 2105 956 2169 Urbani
1022 2109 1084 2168 et
1149 2103 1331 2167 Lucii
1388 2099 1836 2166 Decretalibus
1904 2102 2082 2167 varia
2145 2102 2401 2167 decreta
2463 2105 2713 2168 concilii
2777 2106 3019 2170 confir-

706 2207 986 2265 mantur.
1075 2198 1279 2264 Porro
1342 2200 1406 2261 in
1473 2197 1811 2262 Hincmari
1872 2197 2253 2264 Rhemensis
2315 2204 2380 2264 et
2437 2200 2776 2266 Hincmari
2839 2200 3016 2266 Lau-

705 2298 1007 2362 dunensis
1055 2297 1247 2360 variis
1290 2296 1546 2378 scriptis
1608 2316 1824 2359 earum
1880 2301 1977 2360 est
2031 2295 2589 2380 frequentissimus
2645 2321 2815 2363 usus.
2908 2298 3021 2362 Ab

633 2425 642 2435 ·
705 2394 1059 2458 Hincmaro
1110 2392 1453 2456 Rhemensi
1512 2400 1755 2475 septem
1800 2396 2017 2456 textus
2078 2414 2154 2457 ex
2204 2393 2282 2458 iis
2341 2395 2701 2459 afferuntur
2742 2396 2813 2459 in
2857 2417 3015 2479 opu·

706 2491 883 2556 sculo
936 2488 1012 2554 de
1058 2487 1362 2554 Divortio
1407 2485 1746 2568 Lotharii,
1810 2487 1981 2574 quod
2039 2512 2211 2555 anno
2272 2492 2394 2557 861
2457 2491 2819 2558 confectum
2873 2514 3020 2557 esse

705 2589 1004 2667 vidimus,
1081 2592 1180 2652 ter
1258 2608 1363 2651 eas
1439 2587 1597 2650 citat
1666 2588 1866 2665 (anno
1937 2585 2094 2670 868)
2169 2589 2239 2651 in
2309 2586 2860 2667 Quaternionibus
2925 2588 3023 2653 ad

708 2683 1014 2763 Carolam
1077 2703 1289 2767 reyem
1356 2704 1470 2767 pro
1531 2683 1957 2747 ecclesiastica
2020 2683 2319 2749 libertate
2388 2685 2630 2748 tuenda
2696 2685 2766 2749 in
2822 2707 3028 2749 causa

707 2781 1156 2846 Laudunensis
1222 2779 1518 2864 episcopi.
1627 2778 1708 2843 In
1779 2778 2099 2863 Opusculo
2173 2776 2626 2862 Capitulorum
2689 2780 3021 2862 quinqua·

698 2877 890 2962 ⁴qinta
947 2877 1231 2959 quinque
1283 2880 1509 2941 contra
1552 2874 1978 2940 Hincmarum
2029 2877 2355 2959 juniorem
2415 2875 2617 2961 (anno
2664 2879 2819 2955 871)
2869 2879 3020 2962 plus

704 2999 897 3061 quam
952 2976 1281 3040 duodecies
1335 2975 1787 3037 auctoritatem
1844 2974 2095 3037 illarum
2155 2973 2582 3039 Decretalium
2639 2976 2854 3052 affert,
2912 2979 3018 3038 at·

704 3097 827 3158 que
873 3075 943 3137 in
1000 3073 1299 3156 opusculo
1353 3069 1458 3133 De
1502 3067 1904 3151 presbyteris
1960 3066 2356 3149 criminosis,
2419 3061 2625 3135 totam
2675 3071 3014 3136 Collectio-

595 3250 602 3257 ,
700 3192 850 3234 nem
904 3171 1356 3234 commemorat
1414 3188 1552 3229 eam
1609 3165 1854 3230 Isidoro
1914 3166 2281 3249 Hispalensi
2347 3168 2727 3241 attribuens,
2834 3165 3014 3231 Scri-

688 3270 882 3349 ptum
928 3284 1206 3346 namque
1250 3266 1369 3342 est,
1428 3263 1697 3340 scribit‚·
1734 3260 1808 3326 in
1865 3261 2142 3342 quodam
2200 3283 2488 3329 sermone
2539 3262 2681 3328 sine
2724 3267 3012 3346 excepto-

700 3361 797 3426 ris
841 3360 1102 3427 nomine
1147 3360 1222 3425 de
1276 3359 1477 3443 yestis
1522 3357 1735 3424 sancti
1781 3357 2082 3424 Silvestri
2131 3364 2415 3446 excepto,
2475 3379 2662 3441 quem
2706 3359 3015 3426 Isidorus

700 3457 1033 3540 episcopus
1093 3454 1508 3538 Hispalensis
1570 3454 1819 3537 colleqit
1879 3475 2024 3520 cum
2092 3456 2377 3538 epistolis
2437 3457 2778 3523 Romanae
2836 3457 3014 3522 sedis

700 3554 1093 3636 Pontificum
1139 3574 1180 3618 a
1225 3556 1447 3617 sancto
1483 3549 1806 3615 Clemente
1852 3571 2052 3633 usque
2097 3552 2183 3617 ad
2230 3552 2485 3618 beatum
2537 3553 3009 3639 amorium&

700 3688 787 3697 —
845 3652 992 3717 Jam
1041 3651 1342 3727 vidimuS‚
1409 3647 1848 3712 Hincmarum
1893 3647 2398 3714 Laudunensem
2460 3651 2701 3734 pariter
2759 3653 2825 3716 in
2888 3652 3010 3715 lite

701 3770 843 3812 cum
895 3747 1242 3812 Rhemensi
1297 3746 1793 3828 metropolitano
1848 3745 2228 3829 frequenter
2276 3769 2460 3810 usum
2508 3768 2642 3812 esse
2687 3749 2826 3812 istis
2876 3747 3013 3810 De-

701 3845 1042 3908 cretalibus
1105 3844 1183 3907 ad
1252 3864 1507 3908 causam
1571 3863 1753 3905 suam
1816 3842 2283 3908 vindicandam.
2345 3881 2432 3888 —
2497 3842 2664 3908 Dein
2720 3866 2868 3909 vero
2934 3846 3007 3908 in
3109 3905 3120 3916 ,

696 3939 1006 4022 plurimis
1064 3939 1328 4022 synodis
1388 3940 1457 4003 in
1510 3938 1722 4003 Gallia
1778 3940 2031 4004 saeculo
2090 3961 2265 4005 nono
2327 3945 2392 4005 et
2455 3941 2695 4006 decimo
2756 3941 3004 4006 habitis

883 4200 924 4267 ¹)
961 4198 1023 4252 L.
1065 4216 1107 4253 c.
1144 4216 1195 4252 n.
1233 4200 1383 4253 XXI.
1423 4199 1555 4266 Opp.
1593 4198 1873 4253 Hincmari
1911 4204 1951 4253 t.
1992 4199 2066 4252 H.
2103 4215 2154 4266 p.
2196 4201 2314 4252 793.
