3270 5028
1120 437 1513 492 Controversia
1549 437 1607 490 in
1646 435 1842 490 Gallia.
2355 504 2358 505 ⁷
2574 439 2639 490 71

314 576 510 660 ,aines
553 576 627 642 in
673 575 950 642 ecclesiis
1005 576 1238 642 habere
1280 597 1414 641 non
1458 575 1827 655 renuimus,
1890 576 1999 641 sed
2043 595 2270 641 earum
2318 575 2639 655 adoratio·

323 693 470 738 nem
511 694 789 756 prorsus
837 672 1286 756 abdicamus.¹)

504 824 607 889 83.
658 823 827 887 Galli
869 820 940 887 3⁰
985 824 1136 888 dum
1192 825 1493 909 rejiciunt
1548 825 1794 889 cultum
1852 842 2220 908 supremum
2278 828 2343 888 et
2389 821 2638 886 absolu-

321 922 468 983 tum
525 942 847 984 sacrarum
901 921 1255 1005 imaginum
1299 923 1376 983 ut
1419 921 1741 1003 ineptum,
1796 920 2070 1005 dumque
2128 923 2429 984 statuunt
2483 921 2639 984 ima·

325 1018 511 1100 gines
558 1017 800 1080 servari
852 1017 933 1080 ob
964 1019 1334 1081 memoriam
1382 1020 1447 1080 et
1487 1039 1764 1081 amorem
1790 1015 2206 1093 Sanctorum,
2237 1010 2388 1080 non
2421 1016 2638 1080 adver-

322 1119 480 1177 tunt
536 1114 615 1178 ad
672 1115 916 1177 cultum
975 1113 1158 1176 illum
1219 1112 1625 1198 inferiorem,
1688 1114 2089 1198 analogicum
2145 1117 2212 1178 et
2273 1111 2639 1186 relativum,

329 1212 439 1294 qui
497 1211 671 1275 licite
725 1210 1118 1292 imaginibus
1173 1215 1559 1293 praestatur.
1654 1210 1870 1295 Atque
1928 1233 2124 1294 quum
2182 1218 2552 1293 supponant
2604 1232 2641 1273 a

324 1307 616 1372 Concilio
650 1306 936 1372 Nicaeno
968 1307 1214 1370 cultum
1256 1307 1621 1372 absolutum
1671 1311 1739 1372 et
1784 1308 2295 1390 superstitiosum
2342 1306 2640 1390 imagini-

327 1404 448 1469 bus
496 1426 633 1468 esse
679 1405 1036 1485 decretum,
1095 1404 1332 1487 passim
1389 1405 1484 1468 ita
1538 1405 1927 1488 loquuntur,
1990 1426 2061 1468 ac
2120 1406 2175 1468 si
2221 1404 2384 1468 alius
2430 1405 2640 1467 cultus

326 1524 463 1566 non
527 1501 901 1575 haberetur,
965 1504 1031 1564 et
1094 1502 1359 1583 proinde
1429 1502 1640 1566 cultus
1694 1502 2047 1585 imaginum
2105 1500 2450 1566 universim
2506 1523 2640 1564 non

328 1599 721 1663 conveniret.
834 1595 1206 1663 Ostendunt
1267 1602 1489 1663 tamen
1555 1600 1741 1675 satis,
1808 1599 2287 1663 venerationem
2358 1599 2636 1681 aliquam

320 1684 671 1758 relativam
728 1716 841 1777 per
897 1716 965 1758 se
1015 1694 1186 1758 haud
1247 1695 1533 1759 illicitam
1581 1717 1749 1773 esse,
1814 1694 1923 1759 sed
1979 1717 2119 1759 eam
2172 1695 2521 1759 traducunt
2569 1699 2641 1757 ut

327 1791 749 1874 periculosam
797 1796 864 1855 et
907 1791 1340 1855 multitudinis
1378 1791 1676 1856 indoctae
1714 1791 2074 1856 intellectui
2123 1791 2637 1856 inaccessibilem.

324 1886 526 1950 Patet
575 1909 677 1950 res
734 1909 811 1950 ex
866 1888 944 1952 iis
1003 1910 1164 1971 quae
1215 1887 1538 1951 habentur
1594 1889 1663 1951 in
1720 1887 2064 1965 CaroliniS,
2126 1888 2200 1951 L.
2247 1887 2366 1952 III.
2426 1910 2475 1951 c.
2525 1888 2637 1950 16:

330 1982 515 2047 Dum
561 1980 731 2047 nihil
774 2003 893 2047 nos
938 2003 1323 2065 spernamus
1367 1982 1440 2048 in
1488 1981 1887 2065 imaginibus
1920 1988 2189 2066 praeter
2233 1984 2329 2049 ad
2341 1983 2637 2048 oratio-

321 2100 526 2158 nem,
589 2079 823 2162 quippe
884 2079 998 2161 qui
1056 2077 1130 2144 in
1198 2077 1482 2144 basilicis
1531 2077 1922 2144 Sanctorum
1982 2078 2301 2163 imayines
2359 2100 2492 2144 non
2555 2079 2641 2143 ad

322 2176 757 2255 adorandum,
805 2176 914 2240 secl
957 2175 1041 2240 ad
1080 2175 1458 2240 memoriam
1502 2196 1727 2241 rerum
1767 2180 2103 2260 qestarum
2140 2181 2201 2241 et
2238 2180 2637 2240 venustatem

320 2273 658 2354 parietum
715 2272 947 2338 habere
999 2272 1484 2356 permittimus‚·
1551 2271 1654 2337 illi
1715 2293 1865 2337 vero
1916 2293 2127 2355 paene
2178 2293 2425 2338 omnem
2483 2292 2638 2336 suae

328 2368 739 2433 credulitatis
782 2390 957 2452 spem
996 2370 1070 2435 in
1117 2369 1518 2454 imayinibus
1564 2369 1880 2448 collocent,
1927 2374 2147 2449 restat,
2197 2375 2272 2435 ut
2314 2390 2432 2435 nos
2469 2368 2636 2434 San—

511 2578 552 2646 1)
602 2580 942 2633 Provocatur
991 2580 1049 2633 in
1097 2586 1326 2647 utroque
1376 2585 1533 2633 textu
1582 2582 1652 2648 ad
1702 2580 1992 2647 epistolam
2044 2580 2095 2634 S.
2148 2579 2400 2649 Gregorii
2447 2579 2519 2633 M.
2571 2580 2639 2633 ad

324 2658 588 2712 ‘Severum
625 2658 907 2713 Massiliae
945 2660 1271 2728 episcopum.
1346 2658 1546 2713 Scribit
1597 2660 1771 2713 eidem
1808 2659 2088 2713 Pontifex:
2142 2659 2386 2727 „Indico,
2436 2659 2635 2712 dudum

325 2738 403 2789 ad
437 2752 537 2791 nos
574 2738 915 2804 pervenisse,
965 2739 1107 2805 quod
1142 2738 1461 2792 fraternitas
1497 2743 1686 2792 vestra
1735 2740 1994 2805 quosdam
2039 2738 2338 2806 imaginum
2386 2738 2637 2792 adorato-

327 2831 417 2870 res
465 2817 762 2885 aspiciens,
813 2820 1030 2872 easdem
1078 2818 1340 2872 ecclesiae
1386 2818 1657 2886 imagines
1706 2818 1979 2886 confregit
2029 2826 2193 2884 atque
2242 2816 2490 2885 projecit.
2563 2817 2636 2868 Et

326 2896 545 2962 quidem
581 2896 757 2950 zelum
794 2912 920 2963 VOS,
968 2912 1036 2951 ne
1076 2897 1202 2964 quid
1238 2897 1608 2950 manufactum
1660 2898 1874 2951 adorari
1912 2897 2115 2963 possit,
2162 2896 2415 2950 habuisse
2451 2895 2637 2949 lauda-

329 2990 478 3041 muS‚
534 2977 630 3029 sed
676 2976 932 3044 frangere
982 2978 1197 3030 easdem
1246 2976 1513 3044 imagines
1563 2992 1673 3030 non
1722 2976 1972 3030 debuisse
2019 2975 2335 3043 judicamus,
2425 2973 2635 3026 Idcirco

325 3054 475 3108 enim
510 3055 725 3121 pictura
761 3056 818 3108 in
856 3056 1102 3110 ecclesiis
1141 3056 1452 3121 adhibetur,
1497 3061 1560 3109 ut
1597 3054 1682 3120 hi,
1732 3056 1824 3122 qui
1858 3055 2075 3109 litteras
2115 3052 2394 3118 nesciunt,
2442 3054 2632 3107 saltem

328 3134 389 3185 in
433 3134 734 3201 parietibus
783 3134 977 3203 legant
1029 3150 1164 3201 quae
1218 3134 1404 3203 legere
1457 3133 1516 3187 in
1563 3134 1838 3188 codicibus
1892 3149 2002 3187 non
2050 3132 2254 3186 valent.
2336 3133 2453 3185 Tua
2504 3147 2635 3200 ergo

327 3213 648 3268 fraternitas
689 3219 746 3268 et
780 3213 905 3267 illas
941 3207 1159 3269 servare
1204 3219 1260 3267 et
1298 3213 1364 3266 ab
1410 3229 1591 3267 earum
1638 3214 1868 3266 adoratu
1915 3211 2171 3281 populum
2216 3210 2501 3278 prohibere
2548 3212 2637 3265 de-

328 3292 472 3360 buit3
524 3298 788 3359 quatenus
839 3302 895 3348 et
942 3293 1249 3346 litterarum
1297 3293 1469 3346 nescii
1517 3294 1809 3355 haberent,
1854 3292 1996 3345 unde
2045 3290 2331 3345 scientiam
2378 3290 2638 3345 historiae

322 3372 676 3440 colligerent,
713 3378 770 3427 et
806 3372 1034 3440 populus
1070 3373 1126 3424 in
1160 3372 1410 3439 picturae
1446 3372 1765 3425 adoratione
1801 3370 2024 3425 minime
2058 3370 2361 3439 peccaret.“
2419 3371 2481 3427 L.
2510 3371 2638 3424 V11.

331 3468 414 3519 ep.
455 3455 574 3505 111.
628 3483 694 3490 —
742 3453 808 3505 In
846 3452 956 3505 ista
1005 3452 1238 3519 epistola
1285 3452 1350 3505 de
1391 3449 1769 3520 superstitiosa
1818 3451 2134 3504 adoratione
2183 3450 2481 3520 imaginum
2520 3451 2637 3518 agi-

326 3536 437 3594 tur,
490 3547 650 3598 quam
698 3532 954 3600 reprobat
1002 3531 1276 3586 Pontifex.
1366 3531 1507 3604 Dum
1555 3545 1685 3583 vero
1734 3529 1971 3597 episcopi
2022 3529 2212 3582 laudat
2260 3531 2463 3597 zelum,
2516 3546 2636 3584 eum

328 3610 705 3676 reprehendit,
752 3611 893 3677 quod
930 3611 1200 3679 imagines
1235 3610 1484 3679 fregerit,
1523 3614 1580 3664 et
1622 3610 1691 3662 ad
1727 3608 2144 3663 instructionem
2184 3625 2274 3663 eas
2310 3612 2507 3664 merito
2544 3611 2637 3663 ad-

328 3687 501 3743 hiberi
560 3690 817 3743 advertit.
901 3691 1023 3745 Non
1072 3694 1217 3755 erat,
1275 3706 1369 3743 cur
1405 3688 1703 3756 Gregorius
1758 3688 1848 3741 hic
1896 3688 2127 3741 ulterius
2185 3689 2251 3743 de
2298 3689 2638 3743 veneratione

328 3768 486 3821 licita
520 3769 819 3837 imaginum
857 3775 1064 3838 ageret.
1134 3769 1355 3822 Etenim
1391 3772 1454 3821 ut
1491 3768 1740 3835 episcopo
1779 3768 2107 3833 ostenderet,
2144 3768 2330 3836 inepte
2367 3768 2635 3836 imagines

326 3847 632 3916 confringi,
669 3847 971 3902 sufficiebat
1007 3863 1246 3910 monere,
1293 3862 1384 3901 eas
1421 3847 1598 3901 media
1632 3847 1913 3912 praeclara
1951 3862 2070 3900 esse
2107 3848 2178 3900 ad
2212 3848 2398 3915 populi
2436 3848 2635 3901 instru-

332 3926 584 3992 ctionem,
622 3941 722 3979 nec
761 3927 826 3980 de
861 3926 1013 3981 modo
1051 3927 1228 3980 cultus
1266 3924 1556 3991 inferioris,
1595 3924 1683 3991 qui
1722 3924 2049 3993 imaginibus
2090 3926 2259 3979 sacris
2296 3926 2448 3980 licite
2483 3942 2635 3992 prae-

324 4010 536 4070 statur,
587 4009 707 4059 erat
755 4007 1042 4073 agendum.
1118 4005 1402 4060 Caeterum
1452 4004 1734 4058 veneratio
1786 4004 1894 4057 ista
1942 4004 2133 4059 intime
2184 4022 2302 4057 cum
2351 4022 2453 4058 usu
2502 4006 2636 4058 ima·

330 4084 520 4153 ginum
560 4100 834 4137 sacrarum
872 4086 941 4137 ad
983 4084 1293 4139 memoriam
1333 4085 1655 4138 Sanctorum
1699 4099 1841 4137 nexa
1880 4089 1989 4148 est,
2040 4089 2096 4137 et
2131 4100 2228 4150 per
2270 4100 2327 4137 se
2364 4084 2477 4138 fere
2517 4101 2637 4138 eum

328 4179 487 4216 usum
526 4163 834 4226 comitatur,
872 4164 980 4216 nisi
1017 4164 1136 4229 quis
1173 4163 1520 4233 praejudiciis
1561 4162 1887 4217 detineatur.

2720 839 2916 882 Errores.
