3270 5028
682 427 788 478 338
1361 423 1539 477 x-VII.
1577 423 1661 478 De
1699 423 1995 479 schismate
2033 424 2315 479 Photiano.

682 565 992 631 deducere
1032 569 1314 648 possent,
1361 566 1532 650 quod
1561 566 1756 631 Sedes
1787 567 2159 651 Apostolica
2195 568 2331 651 jam
2361 570 2738 651 agnosceret
2768 588 3012 633 eorum

679 661 1189 744 jurisdictionem
1241 661 1312 726 in
1359 659 1666 729 Siciliam.
1757 662 2125 729 Curandum
2180 662 2445 747 proinde
2492 667 2632 728 erat
2677 662 3016 728 Romanis

684 757 1132 835 Pontificibus,
1191 762 1266 823 ut
1307 758 1374 823 in
1421 758 1540 824 hac
1596 781 1789 825 causa
1836 761 2262 825 examinanda
2307 763 2372 824 et
2413 758 2765 824 dirimenda
2810 781 3002 824 suam

680 854 1083 919 vindicarent
1139 855 1610 922 auctoritatem.
1712 854 2098 923 Benedictus
2143 855 2261 921 III.
2318 878 2376 922 a.
2422 857 2550 921 856
2607 854 3005 940 Gregorium

677 954 936 1015 tantum
997 951 1343 1018 declaravit
1399 974 1808 1036 suspensum,
1865 956 2024 1038 quin
2083 954 2221 1038 ejus
2271 953 2682 1019 confirmaret
2736 953 3003 1037 deposi-

678 1048 951 1126 tionem,
1009 1048 1086 1113 de
1133 1071 1263 1133 qua
1314 1050 1665 1115 reservavit
1720 1071 1988 1115 examen
2050 1050 2341 1115 ulterius.
2432 1046 2555 1114 Sed
2599 1049 2750 1114 dum
2796 1071 3011 1114 causa

677 1144 1175 1227 protrahebatur
1235 1144 1581 1230 Gregorius
1638 1147 1903 1231 ejusque
1969 1148 2244 1212 asseclae
2299 1146 2596 1212 audacius
2650 1147 3007 1231 impugna-

677 1247 835 1306 runt
863 1239 1215 1326 Ignatium,
1262 1264 1454 1327 quem
1501 1265 1580 1308 ex
1610 1243 1755 1309 sede
1801 1244 2039 1328 pellere
2071 1244 2473 1309 nitebantur.
2550 1242 2764 1308 Etiam
2810 1247 3010 1328 post·

678 1359 874 1420 quam
914 1340 1247 1422 suspensio
1295 1339 1606 1424 Gregorio
1653 1341 1977 1419 innotuit,
2024 1342 2159 1425 ipse
2207 1363 2341 1405 non
2387 1342 2661 1407 cessavit
2704 1341 3000 1405 muneri·

677 1435 796 1499 bus
851 1435 1311 1519 episcopalibus
1366 1437 1551 1522 fungi
1606 1441 1674 1501 et
1727 1457 2100 1521 oppugnare
2148 1436 2498 1523 Ignatium.
2598 1436 2795 1501 Anno
2854 1435 3008 1499 856

544 1494 593 1566 NJ
670 1535 901 1597 contra
944 1533 1417 1599 tumultuantes
1450 1534 1883 1600 schismaticos
1931 1556 1970 1598 a
2002 1533 2339 1600 Theodora
2369 1534 2778 1617 Imperatrice
2832 1554 3007 1597 con·

676 1632 901 1694 vocata
945 1632 1047 1693 est
1100 1629 1385 1712 synodus
1441 1630 1906 1714 episcoporum,
1965 1631 2141 1696 inter
2195 1652 2354 1715 quos
2410 1652 2546 1695 non
2600 1633 2739 1694 erat
2781 1629 2997 1713 Igna-

673 1726 824 1804 tius,
869 1724 1231 1809 ibidemque
1279 1726 1625 1792 anathema
1671 1727 1740 1790 in
1786 1727 2086 1792 factiosos
2130 1728 2278 1791 illos
2324 1727 2814 1810 pronuntiatum
2865 1732 2999 1789 est.

674 1821 1010 1886 Theodora
1063 1817 1326 1886 nomine
1384 1845 1499 1888 suo
1561 1845 1634 1888 ac
1695 1823 1812 1887 filii
1868 1822 2201 1888 Michaelis
2248 1823 2365 1889 III.
2422 1824 2674 1888 litteras
2731 1816 3004 1905 scripsit

672 1918 753 1982 ad
794 1917 1215 1984 Benedictum
1248 1920 1388 1999 III.,
1409 1922 1803 2005 'pariterque
1847 1919 2164 2005 Ignatius,
2213 1921 2651 2003 miseruntque
2688 1917 3005 2003 Romam,

673 2020 749 2079 ut
823 2037 928 2079 eas
1003 2016 1282 2081 deferret
1344 2018 1804 2102 negotiumque
1870 2022 2298 2101 promoveret,
2376 2016 2688 2082 Lazarum
2757 2038 2991 2082 mona-

672 2111 882 2177 chum.
974 2110 1101 2176 Sed
1160 2118 1507 2199 antequam
1571 2114 1624 2179 is
1680 2114 2070 2192 advenisset,
2133 2136 2192 2179 a.
2241 2111 2366 2178 857
2426 2112 2711 2178 conditio
2764 2134 2984 2177 rerum

674 2208 1240 2293 Constantinopoli
1299 2211 1643 2277 immutata
1705 2212 1853 2277 fuit.
1956 2212 2290 2276 Theodora
2347 2210 2644 2275 videlicet
2701 2210 2997 2293 Imperio

670 2306 924 2389 privata
970 2311 1097 2389 est,
1161 2328 1234 2371 ac
1292 2308 1410 2372 sub
1454 2308 1589 2372 filio
1648 2310 1785 2394 ejus
1842 2307 2155 2373 Michaele
2216 2330 2363 2373 mox
2421 2307 2618 2373 factio
2675 2306 2989 2372 schisma-

671 2404 800 2467 tica
842 2405 1218 2486 praevaluit.
2544 2401 2573 2406 ἒ
2818 2399 2888 2410 μ’

698 2493 1349 2566 Ἦᾶοτῆ
1403 2500 1778 2587 Imperium,
1842 2501 2145 2587 quamdiu
2193 2499 2467 2567 Michael
2522 2499 2786 2585 puerilis
2814 2513 2817 2519 '
2842 2505 2987 2564 erat

674 2599 937 2674 aetatis,
987 2599 1339 2682 prudenter
1382 2598 1887 2676 administravit,
1941 2599 2051 2664 sed
2093 2602 2442 2683 tempestas
2495 2598 2735 2682 graviS,
2782 2619 2990 2681 quum

672 2693 946 2760 Michael
1002 2695 1418 2774 adolesceret,
1477 2697 1757 2760 excitata
1808 2699 1907 2760 est
1961 2696 2295 2779 praecipue
2351 2717 2466 2779 per
2518 2694 2794 2759 Bardam
2848 2693 2982 2756 Im·

671 2792 1005 2883 peratricis
1079 2792 1364 2857 fratrem.
1482 2791 1725 2856 Bardas
1800 2793 2241 2876 voluptatibus
2316 2791 3011 2857 Michaeleffcfffffif

337 2898 611 3002 ATh⁶⁰ss⁰¹3
670 2872 802 2972 pit,
859 2874 926 2953 et
986 2911 1180 2973 quum
1229 2889 1579 2954 ambitione
1642 2889 1871 2972 plenus
1925 2893 2125 2966 esset,
2187 2889 2255 2953 in
2314 2894 2591 2955 matrem
2651 2887 2827 2951 illum
2871 2907 2985 2948 ex·

382 2972 649 3075 ”lffistmf'
671 2985 926 3065 citavit,
1005 3008 1132 3070 quo
1205 2986 1458 3050 facilius
1535 2986 1751 3050 omnia
1824 2985 1906 3049 ab
1979 2987 2119 3070 ipso
2194 2985 2403 3050 Barda
2479 2985 2613 3069 regi
2688 2986 2987 3068 possent.

668 3081 896 3147 Pravis
958 3083 1205 3147 artibus
1274 3082 1477 3166 igitur
1537 3104 1713 3147 anno
1772 3082 1897 3145 857
1966 3083 2047 3146 ab
2104 3083 2503 3166 Imperatore
2571 3082 2988 3146 adolescente

668 3179 981 3258 obtinuit,
1042 3184 1118 3243 ut
1177 3178 1510 3243 Theodora
1563 3181 1862 3262 Augusta
1923 3178 2003 3242 ab
2065 3180 2214 3244 aula
2274 3183 2341 3243 et
2399 3178 2713 3262 regimine
2768 3198 2983 3241 remo·

670 3281 958 3353 veretur,
1031 3280 1097 3339 et
1164 3276 1235 3340 in
1301 3275 1766 3339 monasterium
1841 3297 1982 3339 cum
2051 3275 2311 3339 filiabus
2371 3276 2502 3340 suis
2561 3275 2985 3359 relegaretur,

667 3371 789 3436 sibi
849 3394 997 3437 vero
1056 3371 1422 3437 crederetur
1484 3392 1734 3435 summa
1794 3392 2010 3434 rerum
2067 3370 2499 3455 publicarum,
2562 3372 2658 3436 ita
2721 3370 2980 3454 quidem

671 3472 742 3532 ut
803 3470 941 3552 ejus
1000 3467 1269 3533 arbitrio
1327 3468 1545 3532 omnia
1608 3467 1689 3530 ab
1747 3489 1821 3532 eo
1881 3471 2170 3551 tempore
2231 3473 2630 3551 gererentur.
2732 3466 2984 3532 Bardas

667 3567 882 3630 autem
944 3565 1218 3629 maxime
1283 3565 1503 3630 oderat
1565 3565 1924 3648 Ignatium,
1995 3565 2164 3650 quod
2226 3570 2487 3630 sanctus
2550 3566 2660 3630 ille
2720 3564 2974 3648 praesul

666 3682 810 3725 eum
876 3661 956 3726 ob
1021 3661 1302 3744 perditos
1364 3683 1572 3727 mores
1632 3662 2178 3745 reprehendisset,
2254 3667 2321 3727 et
2382 3661 2642 3728 tandem
2684 3664 2982 3745 ,propter

666 3757 1097 3823 incestuosam
1177 3758 1625 3842 publicamque
1700 3780 1845 3822 cum
1928 3781 2092 3824 nuru
2176 3781 2294 3824 sua
2365 3759 2557 3823 vidua
2614 3764 2970 3823 ⁸consuetu-

664 3851 912 3931 dinem,
975 3854 1031 3917 ei
1097 3875 1341 3918 sacram
1405 3854 1918 3920 communionem
1982 3856 2051 3919 in
2115 3856 2283 3919 festo
2330 3854 2735 3938 Epiphaniae
2799 3873 2970 3919 anno

633 3949 790 4017 ι857
849 3954 1172 4034 negasset.
1260 3950 1547 4016 Accessit
1602 3952 1808 4016 altera
1858 3952 2234 4016 inimicitiae
2290 3973 2507 4031 causa,
2565 3950 2737 4036 quod
2780 3949 2978 4034 Igna·

662 4046 791 4111 tius
852 4045 1253 4113 Theodoram
1314 4047 1680 4132 Augustam
1747 4048 1818 4113 in
1887 4048 2348 4112 monasterium
2414 4048 2800 4132 relegatam,
2868 4047 2965 4110 in-

663 4143 858 4207 vitam
907 4144 1120 4239 velare
1166 4149 1521 4222 recusaret,
1583 4167 1781 4230 quum
1827 4145 2188 4229 Imperator
2239 4166 2312 4210 ac
2355 4143 2598 4209 Bardas
2640 4143 2699 4209 id
2747 4148 2976 4227 postu·

1095 4236 1110 4241 -
1135 4234 1182 4243 .-·-
1197 4236 1322 4245 —ae--w--n-
1341 4242 1384 4247 ...-
