3270 5028
636 424 749 475 336
1320 420 1499 473 XVII.
1536 420 1618 475 De
1657 418 1953 473 schismate
1989 419 2278 474 Photiano.
2384 479 2399 493 χ

646 563 906 627 habitus
968 569 1066 628 est
1114 560 1177 626 S.
1221 561 1616 635 Methodiusz
1675 560 2144 626 dissentiebant
2198 564 2418 625 tamen
2482 562 2681 645 aliqui
2738 563 2821 626 ab
2893 582 2984 625 eo

641 661 855 743 quoad
898 659 1153 723 modum
1202 658 1461 743 agendi,
1525 679 1719 741 quem
1770 656 1984 720 minus
2038 678 2331 721 severum
2385 657 2723 742 minusque
2768 657 2979 723 disci-

641 756 861 838 plinae
924 755 1274 840 proficuum
1339 754 1818 820 existimabant.
1930 751 2147 817 Nimia
2200 752 2540 819 videbatur
2602 755 2756 839 ipsis
2821 776 2980 819 esse

645 852 1085 936 indulgentia,
1142 875 1333 937 quam
1380 851 1749 916 Methodius
1803 850 1881 915 iis
1929 850 2236 934 episcopis
2291 854 2357 915 et
2401 852 2645 916 clericis
2692 851 2978 915 exhibe-

646 948 789 1025 bat,
852 950 965 1034 qui
1010 970 1088 1013 ex
1142 954 1325 1031 parte
1382 948 1928 1013 Iconoclastarum
1979 950 2326 1024 steterant,
2383 948 2701 1032 nimisque
2746 948 2978 1012 facilis

644 1043 1007 1110 habebatur
1046 1046 1409 1129 patriarcha
1455 1046 1526 1109 in
1572 1042 1972 1109 conferendis
2019 1044 2213 1108 sacris
2258 1044 2611 1110 ordinibus·
2690 1043 2978 1109 Etenim

647 1140 1015 1206 Methodius
1085 1146 1160 1206 ut
1221 1143 1460 1207 clerum
1525 1140 1948 1205 orthodoxum
2016 1144 2312 1224 augeret,
2380 1163 2623 1224 pronus
2683 1146 2824 1206 erat
2886 1145 2981 1203 ut

565 1299 570 1302 .
645 1260 873 1303 manus
918 1239 1279 1322 imponeret
1320 1239 1431 1314 iis,
1484 1258 1643 1322 quos
1692 1236 2078 1301 orthodoxos
2128 1240 2432 1311 noverat3
2494 1237 2664 1302 unde
2716 1237 2979 1302 factum

643 1338 777 1406 est,
840 1338 916 1399 ut
973 1340 1502 1418 promoverentur
1563 1335 1644 1399 ad
1701 1333 2122 1398 ecelesiastica
2181 1355 2448 1408 munera
2510 1335 2707 1398 etiam
2757 1333 2981 1418 aliqui

646 1431 769 1495 viri
816 1434 928 1516 qui
973 1433 1187 1496 minus
1234 1432 1412 1515 digni
1461 1436 1673 1495 erant.

305 1576 621 1646 Ignatiupsue-
824 1570 930 1635 24.
994 1568 1319 1634 Defuncto
1382 1567 1443 1633 S.
1512 1567 1873 1645 Methodio,
1944 1568 2446 1653 suffragantibus
2515 1570 2823 1653 episcopis
2887 1591 2980 1655 asc

403 1635 537 1679 ‘mm'
646 1661 1126 1752 gratulantibus
1188 1667 1355 1732 clero
1416 1672 1481 1731 et
1538 1666 1804 1749 popu10,
1867 1666 2172 1730 suffectus
2226 1666 2350 1730 fuit
2391 1664 2446 1729 I
2474 1665 2727 1744 natiuS,
2787 1666 2976 1731 filius

650 1762 980 1829 Michaelis
1029 1761 1406 1847 Rhaugabis
1461 1762 1785 1847 quondam
1834 1762 2263 1846 Imperatoris.
2358 1748 2570 1827 Natus
2626 1767 2766 1827 erat
2821 1762 2971 1846 ipse

648 1860 887 1925 2579ss
934 1864 1000 1923 et
1044 1860 1403 1943 appellatus
1434 1858 1724 1934 Nicetas3
1773 1858 1882 1923 sed
1929 1863 2269 1942 postquam
2318 1863 2503 1943 pater
2544 1860 2683 1944 ejus
2728 1881 2784 1923 a.
2832 1861 2969 1922 813

645 1965 685 2023 e
739 1957 975 2022 throno
1040 1956 1323 2040 dejectus
1381 1961 1481 2022 est
1542 1959 1608 2021 et
1670 1957 1740 2019 in
1803 1956 2264 2020 monasterium
2325 1957 2686 2041 relegatus,
2749 1956 2967 2021 adole-

645 2076 834 2119 scens
889 2052 1265 2132 „eunuchus
1322 2053 1565 2118 invidia
1619 2053 1870 2117 factus“
1928 2050 2217 2136 (Anast.)
2274 2054 2691 2118 monasticam
2743 2054 2967 2128 vitam,

646 2155 947 2232 suscepto
993 2149 1238 2234 Ignatii
1282 2150 1573 2227 nomine,
1631 2152 1874 2234 pariter
1918 2148 2239 2232 professus
2285 2153 2412 2226 est,
2465 2154 2530 2214 et
2574 2150 2688 2228 „in
2733 2171 2965 2215 coeno-

651 2249 757 2314 bio
806 2270 844 2310 a
888 2248 1212 2330 primaeva
1253 2251 1465 2311 aetate
1514 2247 1692 2310 miris
1734 2245 1938 2311 eluxit
1984 2268 2233 2333 morum
2279 2252 2346 2311 et
2391 2247 2704 2313 virtutum
2749 2247 2962 2329 splen-

645 2343 941 2420 doribuS,
1016 2364 1089 2407 ac
1143 2364 1257 2425 per
1312 2342 1377 2406 id
1430 2342 1753 2406 diuturnis
1812 2343 2130 2407 exercitiis
2191 2343 2479 2408 eruditus
2539 2350 2604 2408 et
2659 2343 2728 2408 in
2786 2343 2962 2408 omni

645 2440 919 2504 scientia
967 2434 1032 2503 et
1076 2460 1264 2523 opere
1311 2439 1480 2503 bono
1527 2440 1869 2523 probatuS,
1918 2491 1934 2507 .
1981 2490 1994 2504 .
2046 2491 2061 2505 .
2106 2444 2484 2505 cunctorum
2533 2440 2965 2505 unanimitate

646 2538 733 2617 ad
779 2537 1011 2601 summi
1057 2531 1396 2600 sac'erdotii
1443 2536 1682 2619 petitus
1730 2541 1796 2601 et
1857 2536 2185 2622 promotus
2233 2542 2329 2602 est
2379 2535 2745 2622 apicem.“¹)
2844 2537 2965 2602 Pa-

652 2633 1080 2699 triarehatum
1136 2634 1275 2717 ejus
1337 2633 1485 2697 inde
1532 2635 1611 2698 ab
1663 2634 1851 2701 initio
1909 2635 2313 2718 perturbavit
2364 2632 2723 2716 Greyorius
2768 2622 2965 2698 Asbe2

645 2734 818 2819 ,st-effi,
883 2732 1215 2814 episcopus
1262 2728 1700 2812 Syracusanus
1756 2734 1827 2795 in
1878 2729 2125 2808 Sicilia,
2197 2732 2308 2816 qui
2369 2730 2977 2797 turm-'⁷

653 2828 873 2911 nopoli
918 2827 1221 2912 degebat,
1281 2848 1598 2910 quemque
1651 2827 1935 2891 criminis
1989 2830 2354 2891 accusatum
2399 2826 2698 2912 Ignatius
2744 2850 2964 2892 conse-

649 2925 928 2989 crationi
987 2945 1137 2988 suae
1194 2925 1504 2988 interesse
1570 2923 2018 3006 prohibuerat,
2083 2924 2283 2987 donec
2352 2946 2540 3017 causa
2602 2927 2740 3009 ejus
2801 2931 2968 2990 esset

639 3020 958 3106 judicata.
1051 3019 1212 3085 Cum
1266 3022 1402 3104 ipso
1460 3025 1677 3085 autem
1736 3024 1802 3084 et
1862 3021 1970 3084 alii
2024 3021 2281 3104 quidam
2337 3019 2662 3104 praesules
2720 3026 2787 3086 et
2842 3022 2967 3086 cle-

654 3119 771 3184 riei
816 3118 1079 3203 Ignatio
1125 3138 1193 3181 se
1240 3117 1532 3182 adversos
1579 3117 2024 3193 ostenderunt,
2072 3121 2137 3183 et
2182 3118 2262 3181 ab
2311 3139 2385 3181 eo
2420 3115 2747 3182 Methodio
2795 3139 2966 3201 prae·

649 3215 967 3279 decessori
1022 3214 1318 3298 derogari
1375 3215 1712 3297 conquesti
1764 3218 1936 3278 sunt.
2043 3213 2473 3278 Dissidiorum
2533 3213 2806 3281 indoles
2836 3235 2967 3304 non

653 3312 924 3377 omnino
988 3313 1321 3394 explorata
1383 3316 1499 3375 est.
1610 3311 1895 3396 Conjicit
1961 3311 2095 3376 Em.
2161 3310 2649 3401 Hergenriither
2721 3333 2798 3376 ex
2861 3333 2965 3374 va-

657 3410 769 3472 riis
824 3408 1043 3484 factiS,
1115 3405 1443 3491 Ignatium
1504 3407 1700 3472 fuisse
1767 3431 1842 3472 ex
1910 3429 1985 3471 ea
2042 3408 2194 3473 cleri
2256 3411 2472 3491 parte,
2538 3429 2701 3491 quae
2767 3409 2963 3492 majo-

660 3526 792 3569 rem
856 3504 1264 3568 severitatem
1336 3502 1829 3570 desideraverat.
1942 3503 2323 3588 Gregorium
2391 3525 2543 3569 vero
2608 3504 2963 3582 Asbestam,

658 3601 868 3671 virum
905 3601 1169 3685 ingenio
1227 3599 1497 3683 aliisque
1553 3600 1808 3665 dotibus
1865 3602 2209 3685 insignem,
2264 3623 2301 3664 a
2351 3600 2678 3666 Methodio
2730 3601 2964 3684 pariter

653 3718 738 3762 ex
786 3694 1004 3760 Sicilia
1049 3697 1358 3775 oriundo,
1421 3699 1643 3782 magni
1689 3697 1982 3761 habitum
2040 3719 2114 3761 ac
2166 3697 2335 3762 forte
2393 3698 2607 3762 minus
2658 3703 2844 3762 caute
2891 3697 2963 3760 ad

660 3793 1141 3877 metropolitani
1215 3791 1605 3876 Syracusani
1677 3795 2058 3879 dignitatem
2137 3798 2502 3877 promotum
2577 3816 2740 3874 esse,
2822 3794 2963 3858 dein

663 3912 813 3954 vero
881 3891 1088 3974 ipsum
1149 3891 1472 3954 variorum
1540 3891 1876 3955 eriminum
1950 3882 2145 3956 fuisse
2214 3886 2662 3969 accusatum.²)
2782 3890 2963 3956 Actio

843 4063 884 4133 l)
924 4066 1116 4119 Anast.
1154 4064 1296 4118 Bibl.
1335 4064 1512 4118 Praef.
1552 4065 1621 4118 ad
1660 4063 1819 4119 Cone.
1847 4065 2035 4133 VIII.;
2070 4066 2254 4120 Labbe
2282 4066 2438 4119 VIII.
2477 4054 2594 4119 962.

841 4143 884 4209 ²)
921 4143 989 4199 V.
1027 4144 1256 4203 Photius
1292 4149 1423 4198 tom.
1461 4144 1505 4197 Ι.
1544 4161 1595 4210 p.
1633 4146 1752 4198 358.
