3270 5028
652 374 757 424 278
1007 370 1157 423 XVI.
1196 370 1401 424 Causae
1440 371 1680 426 celebres
1719 373 1776 424 et
1811 370 2128 425 Decretales
2164 369 2621 425 Pseudo-Isidori.

651 512 1019 576 nominibus
1065 511 1445 577 venerandis
1496 511 2080 578 Pontificumrusus
2129 516 2245 588 est,
2300 516 2368 575 et
2413 508 2756 575 indiscrete
2801 530 2975 574 com·

650 606 951 688 mixtum,
999 613 1317 693 quatenus
1363 607 1629 673 decreta‘
1662 609 2045 673 auctoritate
2091 609 2400 673 canonica
2443 608 2734 692 praedita
2776 608 2979 671 simul

649 727 793 768 cum
852 706 995 769 aliis
1063 727 1138 769 ea
1192 705 1577 769 auctoritate
1634 703 1962 770 destitutis
2022 706 2274 783 attulit,
2339 708 2532 789 atque
2588 704 2678 769 sic
2734 708 2978 774 cuncta

649 801 996 885 disposuit,
1073 808 1144 865 ut
1203 799 1648 871 detruncando
1711 803 1772 864 et
1823 800 2375 882 praeposterando
2437 803 2630 881 atque
2689 797 2974 864 disordi-

647 896 867 961 nando
942 920 1220 966 errorem
1296 920 1482 961 suum
1558 899 1637 962 iis
1704 896 2071 966 vindicaret.
2149 934 2237 943 --
2306 898 2402 962 Eo
2472 899 2681 962 minus
2749 902 2977 961 autem

647 995 998 1058 Hincmaro
1035 994 1682 1059 Pseudo-Decretales
1734 999 2088 1077 potuerunt
2133 998 2465 1078 suspectae
2513 1015 2651 1059 esse
2694 998 2768 1059 ut
2813 1016 2975 1078 spu-

648 1091 813 1165 riae,
877 1089 1048 1173 quod
1103 1113 1207 1155 eas
1268 1095 1559 1155 censeret
1612 1091 1929 1156 contineri
1989 1094 2056 1155 in
2112 1090 2521 1166 collectione,
2560 1090 2794 1155 Isidori
2843 1089 2974 1153 Hi·

649 1188 856 1271 spani,
904 1186 1197 1271 quodque
1238 1210 1344 1251 eas
1382 1188 1803 1253 confunderet
1833 1211 1973 1253 cum
2025 1189 2168 1253 aliis
2214 1188 2613 1258 documentis
2661 1187 2973 1271 genuinis

648 1285 825 1347 illius
875 1283 1315 1363 Collectionis,
1372 1289 1438 1349 et
1476 1275 1897 1370 jamdudum
1944 1289 2133 1349 notas
2181 1288 2249 1349 et
2293 1285 2364 1349 in
2413 1284 2686 1349 Francia
2731 1306 2972 1367 propa-

651 1384 835 1464 gatas
883 1380 1183 1444 crederet.
1195 1378 1245 1464 1)

321 1502 452 1545 Alius
487 1505 635 1573 textus
830 1495 931 1559 67.
990 1493 1095 1558 Ad
1158 1494 1351 1557 alium
1408 1494 1739 1559 veniamus
1799 1499 2082 1568 textum,
2143 1516 2271 1578 quo
2334 1495 2412 1559 cl.
2463 1493 2693 1558 Hefele
2748 1497 2976 1559 censet

339 1564 612 1619 expendam:
651 1593 918 1657 dubium
974 1592 1052 1654 de
1108 1591 1515 1673 genuinitate
1562 1590 1997 1656 Decretalium
2051 1590 2283 1655 Isidori
2329 1591 2616 1674 exprimi.
2709 1590 2789 1655 In
2836 1592 2975 1654 fine

652 1689 962 1774 epistolae
1033 1686 1243 1752 Caroli
1313 1687 1480 1771 regis
1547 1687 1626 1751 ad
1701 1686 2103 1752 Hadrianum
2167 1687 2248 1753 II.
2317 1686 2506 1752 datae
2570 1688 2637 1751 in
2702 1687 3021 1774 negotio?

650 1786 985 1849 Hincmari
1063 1782 1541 1871 Laudunensis,
1615 1807 1806 1868 quam
1887 1785 2218 1868 epistolam
2298 1783 2715 1854 Rhemensis
2753 1806 2974 1848 cense-

650 1887 760 1945 tur
804 1880 1179 1957 confecisse,
1240 1879 1503 1964 legitur:
1574 1878 1746 1959 Quia
1810 1879 1979 1961 quod
2034 1899 2114 1943 ex
2158 1878 2564 1961 Apostolicae
2610 1878 2795 1944 Sedis
2856 1900 2977 1943 no·

649 1976 825 2041 ‘mine
888 1976 1239 2041 secundum
1300 1979 1680 2042 sanctarum
1738 1975 2244 2058 Scripturarum
2313 1975 2642 2041 tramitem
2698 1976 2971 2058 praecli-

650 2074 1089 2154 coctionemque
1133 2073 1463 2155 majorum
1509 2077 1571 2137 et
1624 2072 2127 2138 orthodooeorum
2173 2072 2423 2138 decreta
2469 2072 2806 2153 scribitur,
2865 2094 2972 2137 se-

650 2170 973 2252 quendum
1020 2173 1080 2234 et
1126 2170 1472 2235 tenendum
1517 2190 1650 2235 nort
1698 2169 2119 2253 iquoramus;
2174 2173 2236 2233 et
2278 2169 2449 2250 quod
2497 2190 2676 2236 secus
2721 2190 2760 2234 a
2808 2190 2969 2251 quo-

651 2287 847 2348 quam
901 2266 1111 2348 fuerit
1157 2265 1574 2349 compilatum
1619 2265 1754 2330 sive
1800 2266 2166 2347 confictum,
2226 2287 2358 2331 ‘non
2405 2266 2613 2331 solum
2657 2287 2970 2349 respuen-

650 2363 805 2429 dum
860 2363 969 2427 sed
1027 2367 1088 2427 et
1149 2361 1669 2445 redarquendum
1720 2383 1852 2428 esse
1913 2361 2364 2447 cognoscimus.
2457 2363 2702 2429 Ultimo
2760 2366 2971 2429 inciso

649 2461 971 2546 designari
1047 2461 1283 2526 dixeris
1348 2459 2032 2527 Pseudo-Decretales
2097 2460 2352 2540 Isidori,
2425 2463 2523 2526 vel
2603 2462 2972 2526 sententias

650 2581 729 2623 ex
776 2560 865 2622 eis
911 2558 1346 2641 depromptaS,
1402 2558 1684 2642 adeoque
1732 2581 1950 2623 earum
1995 2559 2468 2642 genuinitatem
2514 2560 2745 2642 respui.
2834 2561 2977 2623 At-

648 2652 869 2719 tamen
949 2655 1306 2719 accuratius
1380 2655 1783 2719 considerata
1852 2654 2063 2719 Caroli
2143 2655 2444 2742 epistola,
2521 2661 2719 2740 eaque
2796 2677 2969 2720 com-

648 2756 875 2836 parata
954 2773 1098 2815 cum
1185 2752 1713 2835 praecedentibus
1801 2752 2034 2816 litteris
2109 2752 2455 2831 Hadriani,
2540 2753 2751 2836 colligi
2824 2753 2968 2816 exi-

649 2850 874 2927 stim0,
951 2869 1097 2911 eum
1173 2870 1302 2913 non
1371 2870 1506 2913 esse
1575 2870 1834 2912 sensum
1901 2848 2074 2912 illius
2141 2848 2354 2927 incisi,
2431 2871 2549 2913 nec
2613 2849 2703 2913 ibi
2770 2850 2966 2913 innui

651 2944 1321 3008 Pseudo-Decretales
1384 2945 1632 3029 spurias
1695 2966 1850 3008 esse.
1958 2942 2083 3008 Sed
2141 2966 2254 3008 rex
2312 2945 2439 3010 illis
2486 2946 2694 3010 verbis
2755 2946 2968 3029 carpit

649 3040 964 3105 mandata
1008 3045 1272 3106 sanctae
1329 3039 1509 3105 Sedis
1556 3040 1764 3125 quoad
1811 3063 2067 3104 causam
2115 3041 2448 3106 Hincmari
2479 3041 2963 3121 LaudunensiS,

830 3239 868 3309 ¹)
904 3240 1027 3294 Huc
1068 3241 1345 3321 pertinent
1384 3257 1473 3307 ca,
1521 3256 1660 3307 quae
1698 3257 1817 3294 cum
1854 3241 2035 3309 aliqua
2072 3241 2368 3308 hyperbola
2403 3241 2729 3296 Hincmarus
2767 3243 2825 3296 in
2865 3259 2961 3298 eo-

651 3322 772 3375 dem
810 3321 1065 3387 opusculo
1093 3320 1307 3374 scribit:
1352 3319 1438 3388 „Si
1466 3334 1595 3374 vero
1623 3319 1747 3374 ideo
1786 3320 1922 3373 talia
1959 3359 1973 3373 .
2011 3361 2024 3374 .
2064 3319 2359 3388 collegisti,
2401 3319 2527 3387 quia
2549 3320 2695 3376 forte
2729 3323 2963 3389 putasti,

647 3399 915 3452 neminem
955 3398 1122 3452 alium
1160 3401 1377 3454 easdem
1404 3397 1709 3454 sententias
1745 3399 1837 3453 vel
1871 3398 2020 3466 ipsas
2049 3398 2330 3467 epistolaS‚
2367 3404 2588 3466 praeter
2625 3405 2698 3466 te,
2736 3399 2962 3466 habere,

648 3476 850 3532 idcirco
887 3477 1027 3531 talia
1061 3478 1229 3533 libere
1271 3483 1328 3533 te
1366 3476 1695 3532 existimasti
1747 3492 1905 3545 posse
1943 3477 2227 3546 colligere,
2277 3493 2365 3531 res
2402 3478 2538 3532 mira
2574 3484 2686 3545 est,
2733 3495 2851 3534 cum
2892 3481 2961 3534 de

649 3557 785 3624 ipsis
824 3556 1112 3611 sententiis
1160 3557 1323 3625 plena
1372 3556 1449 3610 sit
1496 3556 1607 3609 ista
1653 3564 1825 3622 terra,
1876 3556 2020 3610 sicut
2065 3561 2122 3611 et
2160 3558 2225 3611 de
2269 3555 2407 3611 libro
2457 3557 2805 3612 collectarum
2844 3560 2962 3626 epi·

650 3635 914 3688 stolarum
964 3637 1031 3689 ab
1079 3636 1314 3703 Isidoro,
1373 3651 1530 3703 quem
1580 3637 1646 3689 de
1695 3634 1967 3704 Hispania
2021 3635 2248 3690 allatum
2297 3636 2546 3690 Riculfus
2595 3637 2961 3705 Mogunt-inus

609 3750 614 3753 Α
649 3713 937 3782 episcopus
977 3755 989 3769 .
1029 3757 1041 3770 .
1079 3715 1331 3781 obtinuit,
1367 3719 1423 3769 et
1459 3713 1597 3769 istas
1633 3715 1891 3784 regiones
1929 3731 1996 3770 ex
2031 3715 2128 3768 illo
2167 3714 2584 3783 replerifecitf‘
2655 3715 2710 3769 C.
2750 3716 2958 3770 XXIV.

654 3793 931 3860 „Inaniter
966 3798 1183 3862 putans,
1222 3797 1364 3862 quod
1400 3794 1445 3847 si
1484 3799 1543 3848 tu
1583 3794 1718 3848 haec
1760 3795 1817 3847 in
1854 3799 1949 3848 tuo
1985 3794 2246 3862 pitaciolo
2283 3810 2392 3848 non
2427 3810 2678 3863 ponereS,
2715 3794 2815 3859 alii,
2846 3812 2960 3849 non

647 3871 915 3929 haberent
951 3872 1119 3926 libros
1158 3873 1249 3927 ubi
1287 3890 1352 3928 ea
1387 3874 1573 3941 legere
1617 3873 1943 3940 potuissent.
2019 3874 2124 3929 Sed
2161 3874 2280 3942 quis
2327 3889 2392 3928 ea
2429 3889 2564 3941 quae
2602 3874 2751 3928 nosti
2798 3874 2960 3942 igno·

648 3950 772 4005 rat?
844 3951 1003 4004 Prius
1039 3952 1180 4006 enim
1228 3968 1388 4021 quam
1424 3952 1739 4007 formareris
1776 3952 1832 4006 in
1869 3959 2050 4019 utera,
2098 3952 2196 4007 illa
2240 3953 2513 4020 novimuS,
2563 3959 2619 4009 et
2664 3957 2957 4020 antequam

649 4028 827 4085 exires
866 4031 933 4085 de
981 4031 1173 4099 vulva,
1226 4031 1541 4100 saepissime
1575 4032 1836 4100 legimuS‚
1889 4038 1946 4086 et
1994 4031 2288 4087 discretius
2335 4048 2491 4098 quam
2541 4037 2603 4086 tu
2639 4032 2958 4100 Scripturas

649 4125 832 4163 sacras
871 4115 929 4163 et
966 4125 1197 4165 canones
1234 4126 1419 4166 sacros
1455 4109 1876 4164 intelleximus.“
1955 4111 2011 4165 O.
2051 4111 2169 4165 XV.
