3270 5028
655 413 762 465 224
1007 410 1158 462 XVI.
1198 409 1402 464 Causae
1441 409 1679 464 celebres
1717 412 1775 463 et
1809 408 2127 463 Decretales
2164 406 2619 461 Pseudo-Isidori.

2709 497 2738 521 l

657 552 845 617 nibus
919 553 1102 628 ortis,
1171 551 1380 636 qualis
1448 551 1573 615 fuit
1640 550 1753 613 illa
1819 549 1896 613 de
1968 551 2142 614 cultu
2204 570 2524 613 sacrarum
2586 548 2980 631 imaginum,

617 664 623 670 '
659 648 1012 713 Galliarum
1060 650 1385 731 praesules
1430 669 1575 712 suas
1624 653 1893 731 agerent
1945 651 2188 730 partes,
2242 645 2350 710 sed
2399 649 2464 708 et
2515 647 2584 709 in
2630 645 2770 728 ipsa
2817 642 2982 708 Gral-

338 1127 500 1169 Variae
530 1139 626 1169 cau—

323 1202 400 1231 sae
436 1188 638 1230 celebrio-

445 1262 526 1291 res.

658 747 745 809 lia
789 745 1099 829 quaedam
1130 744 1206 808 de
1238 745 1427 809 rebus
1459 743 1837 827 theologicis
1869 744 2273 828 agitarentur
2305 742 2729 825 quaestiones.
2800 739 2981 804 Eru-

659 843 936 906 ditorum
992 841 1288 906 videlicet
1339 841 1635 925 ingenia,
1697 842 1990 923 quamvis
2047 841 2424 924 plerumque
2478 845 2549 907 in
2600 838 2748 903 fidei
2804 837 2983 920 dog-

659 947 829 1003 mate
883 938 1250 1013 concordia,
1309 939 1378 1001 in
1419 938 1627 1001 varias
1685 932 1788 1000 de⁴
1817 959 1891 1001 eo
1946 939 2357 1021 quaestiones
2399 940 2735 1023 variasque
2791 935 2983 999 illius

661 1034 1018 1121 explicandi
1074 1035 1359 1100 rationes
1417 1033 1687 1099 distrahi
1745 1040 2110 1118 coeperunt.
2213 1035 2314 1101 Eo
2368 1040 2663 1122 spectant
2716 1037 2984 1098 contro-

663 1134 870 1199 versia
911 1153 1075 1216 quae
1120 1131 1195 1195 de
1243 1128 1624 1213 praesentia
1675 1127 1931 1193 Christi
1976 1129 2251 1196 Domini
2296 1131 2370 1197 in
2415 1128 2815 1207 euclzsszistz'a
2860 1151 2982 1193 ex-

661 1236 803 1298 orta
862 1234 988 1311 est,
1051 1251 1305 1292 necnon
1362 1221 1774 1311 quaestiones
1830 1227 2063 1292 arduae
2120 1228 2195 1292 de
2236 1224 2836 1318 psa-efigstinatione
2892 1247 2982 1288 eo

659 1334 944 1410 tempore
1003 1327 1340 1391 excitatae.
1395 1361 1483 1370 —-·
1541 1323 1666 1388 Sed
1725 1328 1792 1388 et
1839 1324 2001 1388 aliae
2058 1327 2372 1409 quaedam
2427 1349 2501 1390 ea
2558 1329 2773 1391 aetate
2828 1322 2980 1407 agi·

656 1430 834 1490 tatae
875 1428 1032 1487 sunt
1075 1444 1302 1487 causae
1345 1422 1752 1495 celebrioreS,
1818 1441 1985 1503 quae
2028 1443 2105 1485 ex
2154 1423 2423 1487 decretis
2461 1423 2627 1508 juris
2675 1420 2983 1485 ecclesia-

661 1523 804 1587 stici
861 1518 1296 1584 discutiendae
1352 1540 1423 1582 ac
1478 1517 1822 1582 solvendae
1878 1521 2083 1584 erant.
2173 1517 2359 1583 Inter
2415 1520 2584 1602 ipsos
2639 1517 2981 1601 praesules

659 1617 1009 1682 identidem
1055 1615 1486 1680 dissensiones
1531 1614 2044 1680 vehementiores
2090 1637 2164 1679 ac
2208 1616 2355 1680 lites
2402 1616 2809 1692 exarserunt,
2868 1616 2983 1677 at-

604 1752 617 1765 ι
660 1737 784 1800 que
847 1714 1083 1797 passim
1153 1712 1345 1775 etiam
1411 1733 1525 1794 pro
1591 1712 1828 1776 officio'
1866 1733 1980 1776 suo
2043 1714 2317 1795 episcopi
2379 1715 2451 1776 in
2515 1712 2723 1777 causis
2787 1711 2983 1794 prin-

367 2929 619 2980 Decretales
693 2986 700 2992 ἱ

350 2999 625 3042 Pseudo-Isi-

377 3061 591 3103 dorianae.

661 1814 874 1894 cipum
930 1811 1441 1873 intervenerunt.
1532 1807 1680 1872 Huc
1733 1812 1984 1891 spectat
2041 1809 2317 1872 maxime
2376 1831 2565 1873 causa
2621 1806 2698 1870 de
2755 1804 2982 1869 divor-

661 1906 752 1993 tio
799 1903 1149 1983 Lotharii;
1209 1905 1420 2014 quoad
1480 1902 1851 1987 praesulum
1912 1904 2058 1970 lites
2114 1909 2326 1969 autern
2386 1905 2762 1970 celebriores
2813 1908 2985 1968 sunt

662 1992 889 2069 causae
951 2003 1189 2066 variae
1223 2003 1292 2065 in
1353 2002 1584 2085 quibus
1659 2002 2031 2086 praecipuas
2089 2005 2305 2085 partes
2370 2003 2504 2087 egit
2563 1999 2983 2066 Hincmarus

662 2097 1048 2166 Rhemensis
1080 2095 1574 2208 Archiepiscopz
1577 2116 1661 2207 ‘⁸3
1719 2098 1818 2161 vir
1872 2100 2044 2162 inter
2100 2121 2318 2165 omnes
2376 2086 2730 2163 Galliarum
2783 2119 2982 2181 prae-

659 2199 875 2263 §files-
874 2202 1253 2279 praepotens
1302 2199 1367 2258 et
1410 2195 1702 2277 insignis.
1787 2194 2058 2259 Factum
2103 2218 2254 2261 vero
2301 2201 2398 2261 est
2443 2199 2584 2260 tum
2627 2196 2710 2260 ob
2754 2216 2978 2258 rerum

659 2294 1082 2378 gravitatem
1107 2296 1174 2355 et
1236 2290 1715 2371 difficultatem,
1787 2296 1926 2356 tum
1989 2293 2071 2357 ob
2138 2315 2555 2377 personarum
2618 2312 2781 2375 quae
2843 2290 2975 2355 liti-

661 2390 906 2474 gabant
965 2388 1353 2472 dignitatem
1416 2396 1481 2451 et
1541 2395 2057 2471 perseverantem
2115 2411 2448 2454 causarum
2511 2388 2975 2468 defensionem,

662 2493 737 2551 ut
811 2485 1207 2569 frequentius
1277 2506 1567 2550 recursus
1644 2486 1724 2550 ad
1793 2484 2022 2550 Sedem
2090 2487 2531 2571 Apostolicam
2605 2483 2975 2549 haberetur.

665 2584 879 2667 Atque
944 2583 1040 2647 ita
1105 2582 1540 2648 Romanorum
1607 2582 1991 2647 Pontificum
2058 2584 2408 2648 auctoritas
2481 2582 2977 2647 saluberrimus·

663 2703 788 2765 que
836 2680 904 2743 in
937 2680 1307 2743 societatem
1355 2679 1639 2743 influxus
1689 2680 1921 2744 eximia
1949 2682 2199 2746 ratione
2246 2681 2311 2744 in
2348 2680 2540 2744 variis
2586 2680 2725 2744 istis
2770 2700 2971 2764 nego-

661 2777 769 2841 tiis
815 2776 1221 2859 conspicitur.
2405 2765 2416 2774 ²

840 2933 898 3008 3.
972 2931 1302 2996 Mediante
1369 2955 1561 3015 porro
1628 2934 1879 2997 saeculo
1948 2955 2122 2998 nono
2189 2936 2453 3019 vulgata
2514 2939 2613 2997 est
2675 2930 2972 3020 Colkjctio

662 3032 774 3095 illa
833 3030 1077 3094 famosa
1137 3027 1612 3106 Decretalium,
1684 3051 1874 3113 quam
1936 3027 2694 3095 Pseudo-Isidorianam
2762 3030 2973 3094 dicere

661 3119 1703 3206 consueveruntffet'iki”litibus
1765 3126 1910 3191 istis
1976 3119 2180 3209 prima
2233 3123 2382 3212 'ejus
2449 3129 2718 3213 vestigia
2784 3128 2973 3198 nobis

562 3215 567 3226 ’
663 3227 1028 3290 occurrunt.
1122 3221 1311 3298 Unde
1382 3225 1448 3285 et
1519 3226 1878 3306 opportune
1947 3222 2070 3289 hoc
2133 3225 2271 3288 loco
2344 3225 2419 3289 de
2481 3225 2697 3290 eadem
2766 3218 2972 3289 Colle·

374 4045 591 4087 Auctores

304 4126 311 4134 ·
356 4106 621 4149 consulendi.

661 3321 871 3384 ctione
932 3319 1367 3382 tractabimus
1461 3315 1766 3399 Quaestio
1822 3321 1995 3383 enim
2052 3320 2131 3383 de
2190 3320 2634 3392 Decretalibus
2687 3321 2973 3387 Pseudo·

660 3415 1032 3481 Isidorianis
1068 3416 1206 3498 jam
1253 3415 1491 3478 dudum
1535 3417 1711 3480 inter
1755 3417 1922 3481 viros
1978 3415 2255 3480 eruditos
2304 3439 2437 3482 non
2486 3417 2784 3483 mediocri
2828 3420 2973 3483 ani-

664 3535 910 3577 morum
983 3512 1406 3575 commotione
1477 3513 1723 3597 agitata
1796 3515 1928 3594 est,
2001 3534 2072 3577 ac
2148 3512 2224 3576 de
2299 3512 2491 3597 hujus
2557 3512 2970 3581 Collectionis

662 3613 947 3687 auctore,
1004 3630 1220 3691 scopo,
1280 3608 1527 3687 indole,
1583 3611 1847 3694 ejusque
1893 3609 2141 3673 influxu
2188 3611 2255 3674 in
2302 3610 2702 3694 disciplinam
2754 3612 2975 3681 Eccle-

662 3706 792 3770 siae
839 3709 904 3768 et
949 3726 1161 3768 rerum
1207 3706 1775 3770 ecclesiasticarum
1825 3706 2289 3785 conditionem,
2337 3707 2671 3772 admodum
2720 3708 2975 3783 diversa

656 3802 791 3884 fuit
835 3802 1213 3886 scriptorum
1264 3802 1612 3866 sententia.
1707 3802 2028 3867 Convenit
2069 3804 2273 3886 igitur
2319 3804 2474 3867 haec
2519 3804 2730 3887 capita
2780 3828 2970 3870 accu-

644 3902 803 3980 rato
849 3899 1162 3963 discutere
1211 3899 1523 3964 examine.

838 4030 1098 4095 Consuli
1131 4035 1400 4113 possunt
1435 4032 1511 4096 de
1544 4032 1643 4096 his
1676 4033 2177 4124 quaestionibUS‚
2220 4035 2478 4116 praeter
2508 4033 2714 4100 varios
2758 4037 2973 4101 aucto·

636 4150 760 4218 „res
808 4148 966 4212 quos
1009 4127 1079 4190 in
1127 4126 1398 4192 decursu·
1429 4128 1922 4195 Dissertationis
1972 4129 2330 4209 citabimus,
2379 4128 2641 4194 Baronii
2674 4127 2974 4195 Annales
