3270 5028
655 438 764 489 266
1003 434 1149 487 XVI.
1191 435 1398 488 Causae
1438 434 1681 489 celebres
1720 440 1777 488 et
1815 434 2130 489 Decretales
2172 435 2623 489 Pseudo-Isidori.

663 576 872 640 tiones
920 599 1053 641 non
1100 579 1317 660 potest
1372 576 1644 642 admitti.
1737 575 1998 639 Etenim
2049 575 2115 637 1⁰
2162 539 2344 640 nulla
2399 576 2787 660 exemplaria
2833 574 2981 639 Col-

662 672 957 766 lectionis
1021 670 1534 737 Pseudo-Isidori
1592 675 1850 755 reperta
1909 675 2066 736 sunt
2129 673 2198 736 in
2265 671 2680 737 Bibliotheois
2739 671 2983 755 Hispa-

666 767 846 846 niae,
910 768 1082 853 quod
1135 770 1294 834 satis
1350 768 1664 846 ostendit,
1729 790 1886 852 opus
1947 768 2036 831 ibi
2097 791 2229 834 non
2292 791 2426 834 esse
2487 770 2851 835 confectum
2912 773 2981 832 et

665 869 1111 949 propagatum,
1157 865 1267 930 sed
1310 864 1443 929 fere
1489 866 1785 949 ignotum
1814 866 2216 930 remansisse.
2275 902 2342 910 —
2397 863 2468 929 2⁰
2509 865 2778 929 Nullum
2825 887 2982 929 con-

662 960 882 1023 cilium
930 961 1351 1045 Hispanicum
1398 966 1464 1026 et
1509 961 1724 1025 nullus
1773 960 2027 1024 illarum
2088 963 2429 1046 regionum
2492 963 2764 1046 scriptor
2820 963 2980 1025 citat

666 1054 1322 1122 Pseudo-Decretales
1367 1061 1521 1122 ante
1578 1057 1905 1121 saeculum
1951 1056 2131 1124 XIII.
2192 1095 2273 1104 —
2328 1058 2481 1124 Alia
2538 1060 2731 1123 etiam
2779 1078 2981 1142 argu-

670 1157 890 1219 menta
934 1154 1104 1219 hisce
1152 1154 1483 1232 accedunt,
1531 1176 1693 1239 quae
1744 1153 2079 1218 brevitatis
2126 1145 2316 1221 causa
2361 1156 2737 1221 omittimus.
2817 1153 2980 1218 Cae-

664 1253 876 1313 terum
921 1252 1210 1334 positivis
1271 1250 1668 1335 argumentis
1727 1250 1980 1314 ostendi
2035 1256 2279 1334 potest,
2335 1254 2403 1317 in
2450 1251 2724 1316 Francia
2769 1249 2984 1315 Colle—

666 1348 945 1412 ctionem
993 1348 1349 1413 confectam
1397 1353 1462 1411 et
1506 1346 1909 1430 divulgatam
1957 1347 2176 1413 fuisse.

392 1444 582 1546 Ὲζθζξξθ
845 1446 949 1510 55.
1026 1444 1277 1508 Revera
1347 1441 1710 1508 Franciam
1778 1440 2072 1522 patriam
2149 1467 2284 1510 esse
2352 1444 2785 1508 Decretalium
2866 1442 2983 1505 Isi·

406 1519 438 1558 Ρ
553 1536 563 1545 ’
665 1543 804 1607 dori
849 1541 1255 1606 'Mercatoris
1323 1540 1496 1604 hisce
1564 1540 1880 1604 evincitur
1948 1541 2337 1607 rationibus:
2420 1542 2488 1605 1⁰
2557 1537 2987 1604 Pseudo-De—

664 1640 936 1705 cretales
995 1639 1267 1722 primum
1340 1641 1407 1702 et
1468 1638 1843 1720 frequenter
1909 1637 2194 1704 citantur
2263 1661 2300 1702 a
2365 1638 2649 1706 conciliis
2713 1641 2780 1700 et
2843 1637 2983 1720 epi·
3090 1630 3096 1635 ’

663 1737 871 1820 scopis
937 1734 1280 1813 Franciae,
1360 1736 1489 1799 imo
1554 1733 1660 1796 vix
1729 1754 2013 1816 unquam
2078 1736 2161 1799 ab
2222 1737 2365 1801 aliis
2435 1755 2635 1818 usque
2700 1734 2778 1798 ad
2842 1755 2981 1797 me-

661 1833 837 1897 dium
905 1833 1228 1897 saeculum
1301 1830 1414 1896 XI.
1483 1866 1569 1877 -—
1638 1828 1709 1892 2⁰
1771 1827 2088 1912 Apparet,
2161 1832 2483 1897 Isidorum
2554 1830 2979 1894 Mercatorem

661 1933 731 1994 in
793 1952 911 1994 sua
975 1928 1368 1993 Collectione
1434 1925 1829 1993 conficienda
1894 1930 2270 1998 Collectioni
2335 1929 2723 2012 Hispanicae
2784 1927 2984 2011 paulo

660 2030 817 2092 ante
890 2026 959 2089 in
1034 2024 1373 2089 Franciam
1460 2025 1694 2089 allatae
1778 2027 2091 2093 addidisse
2178 2048 2252 2090 ea
2319 2025 2728 2105 documenta,
2811 2045 2984 2107 quae

664 2123 1164 2188 inveniebantur
1244 2122 1313 2186 in
1394 2119 1623 2184 Codice
1696 2121 2097 2205 HadrianeO,
2185 2129 2251 2188 et
2336 2123 2405 2187 in
2492 2122 2618 2186 alia
2705 2121 2979 2205 quadam

664 2224 922 2286 vetusta
991 2218 1381 2284 Collectione
1450 2216 1698 2282 Gallica
1774 2222 2010 2286 saeculi
2072 2217 2179 2296 V¹,
2273 2219 2340 2283 in
2419 2242 2546 2303 qua
2620 2218 2984 2282 habebatur

657 2315 1026 2400 apocrypha
1092 2315 1359 2398 epistola
1428 2313 1494 2379 S.
1565 2313 1916 2383 Clementis
1985 2319 2063 2382 ad
2124 2316 2434 2382 Jacobum
2504 2316 2772 2380 fratrem
2842 2312 2983 2377 Do-

663 2414 856 2488 mini;
933 2412 1190 2494 (dicitur
1263 2411 1423 2475 haec
1492 2409 1798 2476 Collectio
1866 2419 2128 2479 vetusta
2196 2409 2655 2491 ches‘nellia‘na
2733 2411 2814 2474 ab
2878 2410 2983 2473 in-

667 2509 984 2592 ventore).
1042 2546 1122 2555 --
1186 2507 1255 2572 3⁰
1306 2507 1649 2573 Praeterea
1707 2532 1858 2574 usus
1906 2517 2002 2576 est
2055 2509 2344 2576 Isidorus
2391 2509 2711 2576 Mercator
2758 2507 2983 2572 multis

660 2605 1096 2683 documentis,
1171 2628 1333 2690 quae
1399 2606 1505 2669 vix
1570 2607 1724 2670 alibi
1786 2630 1978 2691 quam
2045 2610 2115 2673 in
2184 2608 2397 2673 Gallia
2458 2606 2979 2682 inveniebantur,

667 2704 965 2768 videlicet
1032 2702 1224 2766 variis
1301 2703 1583 2767 conciliis
1663 2701 1912 2768 Galliae
1989 2727 2191 2790 usque
2261 2705 2338 2768 ad
2414 2703 2739 2768 Meldense
2807 2724 2984 2767 anno

676 2804 804 2866 845
847 2801 1166 2882 habitum,
1225 2800 1434 2864 effatis
1491 2821 1711 2864 eorum
1756 2799 2058 2879 Patrum,
2121 2824 2390 2886 quorum
2436 2801 2674 2884 scripta
2722 2801 2787 2864 in
2833 2795 2985 2864 Gal-

679 2901 768 2963 lia
822 2901 1016 2982 longe
1075 2898 1331 2980 lateque
1394 2896 1625 2960 diffusa
1688 2901 1877 2961 erant
1939 2920 2012 2962 ac
2076 2900 2275 2963 citata
2332 2892 2608 2963 maxima
2668 2902 2848 2982 parte
2913 2899 2984 2961 in

658 2994 935 3061 concilio
982 2993 1498 3078 Aquisgranensi
1544 2995 1703 3057 anni
1750 2996 1906 3072 816,
1956 2995 2239 3079 epistolis
2287 2993 2351 3061 S.
2399 2994 2748 3070 Bonifacii,
2806 2994 2984 3057 aliis-

661 3114 791 3177 que
841 3091 1094 3175 scriptis
1142 3111 1306 3174 quae
1349 3090 1688 3173 praecipue
1747 3090 1811 3153 in
1860 3092 1937 3154 iis
1994 3092 2368 3176 regionibus
2426 3091 2850 3155 habebantur.
2895 3127 2985 3135 —

668 3186 739 3251 4⁰
799 3188 965 3252 Usus
1034 3187 1232 3252 etiam
1288 3190 1387 3251 est
1451 3187 1744 3251 versione
1805 3186 2095 3270 Vulgata
2175 3210 2392 3252 sacrae
2453 3186 2822 3271 Scripturae
2886 3209 2981 3250 se·

661 3285 944 3349 cundum
1005 3284 1442 3348 recensionem
1510 3283 1788 3348 Alcuini.
1852 3319 1931 3328 —
1999 3281 2069 3347 5⁰
2124 3284 2345 3349 Genus
2404 3283 2655 3348 dicendi
2718 3283 2980 3348 Franci·

661 3403 810 3445 oum
860 3385 984 3461 est,
1042 3386 1108 3444 et
1167 3379 1472 3444 convenit
1525 3380 1718 3463 plane
1765 3402 1905 3444 cum
1956 3403 2056 3462 eo,
2119 3380 2289 3465 quod
2345 3382 2413 3444 in
2471 3381 2730 3464 synodis
2776 3380 2980 3444 Fran-

663 3479 800 3542 ciae
865 3478 1036 3542 illius
1112 3478 1344 3541 aetatis
1408 3475 1782 3557 adhibetur3
1848 3499 1922 3541 ea
1986 3479 2181 3542 etiam
2246 3479 2514 3542 nomina
2589 3499 2755 3561 quae
2825 3481 2985 3542 tunc

663 3575 748 3639 ad
804 3573 1201 3658 designanda
1253 3571 1466 3637 officia
1523 3576 1587 3635 et
1637 3594 1907 3637 munera
1966 3574 2254 3658 aliasque
2310 3596 2409 3638 res
2465 3575 2534 3638 in
2590 3572 2802 3638 Gallia
2845 3566 2983 3638 ser·

668 3670 961 3750 viebant‚
1019 3670 1265 3753 pariter
1320 3667 1488 3751 apud
1545 3666 2146 3734 Pseudo-Isidorum
2208 3671 2629 3734 inveniuntur
2682 3671 2984 3755 frequen-

664 3772 826 3832 tata.
898 3803 985 3810 —
1055 3763 1125 3829 6⁰
1196 3765 1493 3848 Denique
1567 3765 1854 3830 eamdem
1930 3767 2243 3850 originem
2315 3765 2685 3831 Francicam
2761 3773 2982 3833 osten·
3078 3772 3095 3785 “

663 3864 768 3928 dit
835 3863 1131 3948 cognatio
1195 3861 1630 3927 Decretalium
1696 3862 1955 3926 illarum
2032 3885 2171 3929 cum
2236 3862 2709 3948 Capitularibus
2775 3863 2984 3930 Bene·-

663 3960 821 4026 dicti
899 3964 966 4024 et
1040 3980 1180 4023 cum
1262 3958 1573 4043 Capitulis
1650 3959 2088 4043 Angilramni,
2166 3965 2230 4024 et
2304 3961 2758 4026 convenientia
2833 3984 2978 4027 cum

663 4057 1155 4143 quaestionibus
1213 4078 1378 4142 quae
1433 4058 1590 4120 tunc
1647 4055 1717 4119 in
1766 4054 2041 4120 Francia
2097 4057 2533 4142 agitabantur.
2585 4094 2668 4102 —
2719 4045 2982 4124 Dissen-

669 4156 851 4220 tiunt
906 4158 1199 4220 auctores
1254 4154 1362 4239 qui
1412 4150 1750 4217 Franciam
1806 4158 1880 4218 ut
1936 4154 2207 4237 patriam
2264 4153 2976 4221 Pseudo-Decretalium
