3270 5028
652 478 754 529 110
1172 476 1320 529 XIV.
1358 476 1441 530 De
1480 473 1632 529 civili
1669 474 1736 526 R.
1771 471 2054 528 Pontificis
2089 473 2417 542 principatu.

649 618 1142 694 controversias,
1203 639 1366 701 quae
1417 615 1625 700 quoad
1680 637 1939 699 operam
1980 637 2019 678 a
2066 615 2394 681 Romanis
2418 617 2839 682 Pontificibus
2885 619 2954 680 in

650 714 1006 779 elevatione
1059 714 1273 798 Pipini
1319 713 1694 797 praestitam
1741 715 2004 776 exortae
2053 717 2223 777 sunt.

331 806 621 911 nglsoffiff·
826 811 928 874 33.
989 810 1201 893 Reges
1258 808 1649 875 Francorum
1711 830 1789 872 ex
1845 807 2370 892 Merovingorum
2432 811 2633 893 stirpe
2680 812 2818 894 jam
2877 832 2955 874 ex

433 881 463 919 g
648 907 955 971 diuturno
1010 905 1296 988 tempore
1341 905 1672 970 intestinis
1734 905 2015 969 familiae
2062 905 2390 971 discordiis
2446 928 2518 970 ac
2561 907 2746 970 bellis
2791 906 2958 971 fero-

448 982 571 1086 β
649 1003 853 1078 cibus,
915 1003 1282 1086 polygamia
1346 1005 1413 1065 et
1470 1002 1759 1082 luxuria,
1823 1022 2030 1086 genus
2097 1023 2283 1065 suum
2349 1003 2554 1086 magis
2621 1003 2957 1087 magisque

647 1099 1077 1164 debilitabant
1131 1103 1198 1162 et
1243 1098 1447 1162 futuri
1498 1099 1806 1162 interitus
1863 1119 2084 1162 causas
2139 1099 2471 1182 parabantb
2569 1099 2958 1164 Praesertim

646 1197 797 1260 inde
830 1216 867 1258 a
897 1194 1290 1279 temporibus
1325 1194 1701 1278 Dagoberti‚
1746 1216 1920 1258 anno
1954 1196 2079 1259 638
2112 1194 2418 1274 defuncti,
2469 1216 2693 1280 regum
2741 1200 2957 1260 aucto·

646 1292 804 1356 ritas
860 1290 1224 1355 declinavit.
1330 1289 1788 1355 successerunt
1844 1292 2014 1355 enim
2074 1292 2271 1376 longa
2328 1293 2490 1356 serie
2550 1314 2772 1357 omnes
2823 1293 2957 1356 fere

648 1409 830 1472 reges
882 1387 1092 1472 pueri,
1157 1386 1266 1471 qui
1324 1387 1586 1451 vixdum
1649 1386 1728 1450 ad
1784 1387 2278 1452 adolescentiam
2338 1394 2796 1472 pervenerant,
2858 1390 2955 1452 in·

648 1485 992 1567 terierunt,
1053 1483 1186 1548 sive
1249 1488 1455 1547 morte
1515 1483 1802 1547 violenta
1859 1485 1928 1548 in
1990 1484 2202 1566 bellis,
2259 1507 2372 1550 seu
2435 1487 2715 1549 maxima
2777 1489 2958 1568 parte

648 1581 919 1656 morbis,
976 1602 1050 1644 eo
1098 1581 1265 1664 quod
1314 1580 1483 1644 forte
1541 1602 1619 1643 ex
1668 1580 1867 1663 stirpe
1914 1580 2155 1644 viribus
2202 1582 2521 1645 exhausta
2573 1585 2639 1645 et
2684 1603 2763 1645 ex
2812 1603 2959 1646 con-

616 1677 864 1741 ·nubiis
927 1678 1134 1760 prima
1200 1677 1637 1741 adolescentia
1702 1677 2044 1741 contractis
2102 1677 2219 1758 filii
2280 1678 2529 1742 robusti
2590 1677 2759 1742 haud
2819 1679 2957 1761 jam

649 1770 1146 1857 nascerentur.¹)
1259 1772 1516 1855 Dixeris
1568 1772 1762 1836 etiam
1815 1774 1996 1856 justa
2055 1772 2178 1837 Dei
2241 1773 2657 1857 dispositione
2717 1779 2957 1838 mortes

649 1871 793 1934 illas
852 1871 1230 1934 immaturas
1292 1869 1612 1934 accidisse.
1716 1867 1850 1932 Sub
1914 1869 2054 1934 istis
2117 1871 2377 1954 regibus
2434 1892 2683 1935 summa
2743 1893 2959 1935 rerum

650 1965 962 2049 regnique
1007 1965 1300 2048 potentia
1349 1968 1791 2048 pervenerunt
1827 1966 1894 2028 in
1928 1988 2156 2030 manus
2187 1966 2669 2031 Praefectorum
2713 1967 2940 2051 palatii

651 2062 764 2146 qui
803 2060 1328 2166 Majoresdomus,
1375 2063 1502 2125 imo
1550 2061 1804 2125 saeculo
1851 2066 2078 2126 octavo
2116 2064 2254 2147 jam
2300 2063 2619 2146 principes
2665 2067 2731 2126 et
2774 2063 2962 2127 duces

653 2158 1046 2223 Francorum
1108 2158 1632 2222 nommabantur.
1739 2156 2022 2243 Regibus
2082 2158 2477 2224 Francorum
2533 2158 2797 2223 tandem
2853 2161 2961 2223 vix

590 2308 594 2312 .
654 2254 827 2318 aliud
868 2255 1179 2318 remansit
1227 2276 1419 2341 quam
1471 2276 1742 2318 vacuum
1789 2255 1961 2338 regis
2009 2278 2246 2347 nqmen
2295 2279 2435 2322 cum
2486 2261 2757 2320 externo
2802 2278 2958 2340 quo-

653 2351 799 2415 dam
861 2355 1174 2434 apparatu
1234 2351 1580 2426 honorum,
1646 2340 1900 2416 cuncta
1907 2340 2087 2416 *vqero
2148 2375 2311 2436 quae
2370 2353 2715 2418 vastissimi
2775 2355 2959 2437 regni

655 2448 1281 2513 administrationem
1329 2448 1540 2531 quoad
1585 2469 1719 2511 rem
1767 2436 2014 2512 civilem
2063 2453 2129 2514 et
2168 2449 2514 2513 militarem
2561 2450 2961 2534 spectabant,

654 2548 724 2610 in
771 2545 1038 2610 arbitrio
1087 2544 1630 2628 Majorumdomus
1688 2553 1897 2611 erant.
1987 2545 2201 2610 Variis
2259 2569 2337 2611 ex
2386 2547 2590 2612 causis
2650 2546 2959 2632 ejusmodi

655 2665 864 2707 rerum
911 2641 1196 2707 conditio
1242 2642 1553 2726 paulatim
1602 2649 1829 2706 exorta
1875 2647 1991 2707 est.

377 2749 580 2801 Maj0res-
800 2739 932 2804 34.
983 2737 1185 2816 Sane,
1249 2760 1448 2821 quum
1495 2760 1717 2802 omnes
1775 2739 1909 2803 fere
1963 2740 2074 2803 isti
2121 2759 2302 2823 reges
2360 2741 2543 2821 pueri
2603 2745 2817 2806 essent
2861 2742 2961 2804 vel

395 2810 562 2853 ‘imus'
653 2836 1145 2916 adolescentuli,
1191 2839 1306 2899 aut
1350 2835 1420 2898 in
1467 2836 1657 2899 rebus
1702 2835 1972 2918 publicis
2017 2835 2545 2901 administrandis
2591 2838 2805 2901 minus
2852 2859 2961 2900 ex-

653 2933 840 3019 perti,
888 2953 966 2994 ex
1012 2931 1227 2996 indole
1273 2932 1368 2995 rei
1413 2930 1658 2995 factum
1707 2938 1835 3008 est,
1882 2936 1958 2995 ut
2002 2931 2510 3016 Majoresdomus
2558 2934 2959 3017 praecipuam

655 3029 1070 3113 acquirerent
1122 3029 1596 3093 auctoritatem.
1702 3028 1789 3092 Hi
1850 3049 2001 3093 vero
2062 3033 2453 3112 potestatem
2516 3052 2697 3094 suam
2758 3031 2961 3115 magis

655 3126 987 3209 magisque
1027 3124 1283 3188 firmare
1328 3123 1453 3189 nisi
1501 3130 1691 3205 sunt,
1748 3146 1821 3189 ac
1866 3125 2358 3191 haereditariam
2404 3125 2689 3237 reddere,
2750 3150 2833 3192 ne
2880 3128 2963 3191 ab

655 3224 798 3287 aliis
856 3222 1224 3304 proceribus
1287 3242 1367 3283 ex
1433 3221 1652 3285 eadem
1716 3222 1905 3305 dejici
1966 3226 2247 3306 possent.
2350 3218 2520 3287 Sunt
2577 3224 2688 3307 qui
2747 3224 2962 3288 existi-

648 3322 869 3397 ·,mant
928 3316 1432 3402 Majoresdomus
1478 3339 1554 3380 ex
1601 3319 1801 3427 stirpe
1841 3318 2221 3404 Pipinorum
2278 3319 2473 3383 etiam
2533 3342 2611 3402 ex
2623 3320 2963 3431 professo

656 3366 1006 3497 studuisse,
1065 3418 1139 3477 ut
1194 3414 1552 3522 potentiam
1609 3416 1851 3498 regiam
1909 3416 2345 3481 diminuerent
2406 3438 2480 3481 ac
2528 3418 2804 3500 speciem
2862 3440 2965 3480 ex·

656 3518 906 3576 ternam
954 3510 1274 3575 honorum
1332 3509 1408 3573 iis
1466 3513 1726 3574 tantum
1784 3513 2254 3597 relinquerent,
2311 3520 2503 3595 atque
2549 3515 2644 3578 ita
2690 3514 2965 3588 voluisse

658 3607 969 3691 paulatim
1039 3605 1324 3670 familiae
1393 3628 1543 3670 suae
1605 3610 1852 3692 regiam
1927 3608 2313 3694 dignitatem
2384 3610 2727 3675 vindicare.
2834 3611 2963 3675 Vix

658 3711 876 3768 tamen
941 3702 1377 3785 admitterem,
1439 3704 1771 3786 perspicua
1837 3705 2031 3790 hujus
2093 3708 2360 3770 conatus
2415 3705 2801 3771 documenta
2860 3729 2967 3794 ex·-

657 3806 847 3869 stare.
942 3799 1207 3864 Certum
1262 3799 1548 3883 profecto
1591 3805 1717 3876 est,
1774 3802 1842 3865 in
1899 3803 2161 3866 summis
2216 3802 2514 3886 periculis
2569 3804 2754 3887 regni
2802 3825 2966 3887 quae

657 3896 1085 3961 imminebant
1129 3900 1268 3959 tum
1316 3897 1396 3960 ab
1444 3896 1734 3962 hostibus
1784 3899 2086 3973 externiS,
2136 3921 2187 3963 e.
2234 3920 2296 3981 g.
2343 3921 2380 3961 a
2426 3897 2782 3977 SaraceniS,
2824 3905 2966 3964 tum

659 4018 697 4059 a
745 3993 1212 4058 Germanorum
1255 3993 1448 4057 variis
1492 3995 1798 4078 gentibus
1845 4016 2011 4078 quae
2045 3993 2308 4060 Francis
2353 3996 2732 4061 tributariae
2779 4001 2971 4061 erant

839 4200 879 4267 ²)
918 4202 1025 4256 Cfr.
1066 4200 1418 4269 Damberger,
1458 4201 1684 4269 Synchn
1722 4202 1916 4257 Gesch.
1954 4203 2019 4257 B.
2056 4202 2131 4269 ΙΙ,
2168 4203 2340 4257 variis
2377 4202 2529 4257 locis⁸
