3270 5028
575 1622 593 1691 ἱ

287 1803 601 1845 Saracenorum

342 1862 546 1905 incursio.

300 3276 389 3317 Leo
401 3276 483 3317 IV.
494 3275 549 3317 R.
563 3276 611 3315 P.

614 434 719 486 208
1165 430 1248 484 De
1283 427 1516 497 Imperio
1555 436 1611 484 et
1649 431 1716 484 de
1750 429 2001 485 Ecclesia
2039 446 2178 485 saec.
2216 446 2375 485 none.

615 572 731 636 hoc
796 575 1275 636 sacramentnm
1346 574 1422 635 ut
1479 570 1766 653 faciant,
1843 569 2234 635 solummodo
2306 570 2629 636 consentio
2638 612 2655 651 ,
2730 575 2934 653 atque

605 667 933 752 permitto
1033 666 1210 732 Nam
1266 666 1596 733 thdovico
1661 667 1802 750 ejus
1839 666 1999 747 filio
2053 672 2129 733 ut
2180 667 2295 734 hoc
2348 672 2740 752 peraqatur‚
2808 688 2934 732 nec

616 785 758 848 eqo,
824 784 940 829 nec
1005 763 1215 828 omnis
1282 764 1738 829 Romanorum
1804 763 2113 829 nobilitas
2182 764 2510 831 consentit.
2579 802 2667 810 —
2742 765 2934 830 Tunc

617 860 872 926 demum
930 860 1006 925 in
1070 846 1288 925 eadem
1353 860 1613 925 ecclesia
1675 860 1959 926 sedentes
2006 861 2269 943 pariter
2326 867 2461 926 tam
2520 859 2935 926 beatissimus

619 955 933 1039 Pontifex
993 977 1188 1038 quam
1259 977 1538 1041 maynus
1596 977 1717 1021 rex
1779 961 1840 1021 et
1903 977 2118 1022 omnes
2179 956 2665 1042 Archiepiscopi
2733 961 2934 1039 atque

617 1052 956 1137 Episcopi,
1017 1053 1345 1119 stantibus
1406 1052 1676 1135 reliquis
1736 1052 2172 1120 sacerdotibus
2228 1058 2287 1118 et
2335 1054 2789 1119 Romanorum
2851 1074 2935 1119 ac

619 1150 975 1216 Procerum
1026 1148 1490 1232 optimatibus,
1550 1148 1927 1230 fidelitatem
1971 1150 2291 1216 Lothario
2350 1171 2585 1235 maqno
2632 1150 2930 1234 Impera-

619 1247 748 1312 tori
792 1245 1320 1331 promiserunt.²)
1414 1246 1513 1311 Ex
1569 1269 1695 1332 quo
1743 1254 2035 1330 apparet,
2090 1249 2342 1312 nullum
2399 1249 2752 1313 dominium
2808 1248 2931 1311 ha-

618 1346 832 1410 buisse
893 1345 964 1409 in
1022 1345 1178 1409 urbe
1233 1344 1439 1410 Roma
1497 1352 1679 1428 reges
1726 1343 1996 1424 Italiae,
2048 1345 2159 1408 sed
2202 1343 2663 1428 Imperatorem
2723 1346 2791 1409 in
2853 1366 2936 1408 ea.

608 1445 718 1527 jus
781 1464 1146 1525 supremum
1206 1441 1590 1516 obtinuisse,
1651 1445 1717 1504 et
1777 1441 1922 1505 ideo
1974 1442 2124 1526 jure
2176 1442 2405 1506 merito
2461 1439 2757 1527 Sergium
2820 1464 2934 1506 no-

617 1541 839 1617 luisse,
894 1543 970 1603 ut
1013 1537 1336 1603 Ludovico
1383 1538 1524 1620 regi
1568 1537 1899 1602 fidelitatis
1945 1543 2415 1603 sacramentum
2469 1542 2934 1622 praestaretur,

619 1635 731 1700 sed
777 1633 1090 1699 Lothario
1137 1634 1536 1718 Imperatori.

794 1775 898 1839 47.
952 1772 1087 1838 Sub
1144 1771 1368 1856 Sergio
1415 1771 1500 1836 H.
1555 1771 1785 1837 accidit
1841 1793 2016 1837 anno
2075 1773 2201 1836 846
2256 1772 2522 1836 funesta
2577 1771 2930 1864 Saraceno-

619 1894 760 1935 rum
825 1871 896 1934 in
961 1869 1271 1934 ditionem
1339 1869 1828 1957 ecclesiasticam
1892 1869 2195 1947 incursio.
2296 1868 2601 1935 Saraceni
2651 1871 2787 1955 jam
2851 1892 2932 1933 ex

621 1963 838 2059 aliquo
901 1971 1191 2049 tempore
1249 1966 1319 2029 in
1384 1964 1581 2030 Italia
1640 1954 2043 2030 meridionali
2104 1973 2298 2051 atque
2360 1967 2681 2032 maritima
2746 1968 2935 2049 plura

622 2065 949 2129 territoria
1010 2068 1400 2146 occuparant
1462 2067 1528 2127 et
1592 2085 1769 2127 arces
1833 2064 2118 2128 munitas
2176 2067 2703 2140 construxerant,
2761 2063 2937 2127 unde

625 2160 1104 2225 excursionibus
1171 2160 1515 2225 hostilibus
1598 2161 1892 2244 regiones
1977 2160 2283 2224 finitimas
2359 2159 2934 2243 depopulabantur.

623 2256 846 2321 Mense
916 2257 1215 2340 Augusto
1287 2257 1444 2321 anni
1513 2256 1641 2320 846
1712 2279 1911 2341 usque
1977 2257 2056 2322 ad
2121 2258 2378 2323 moenia
2441 2256 2638 2322 Urbis
2713 2279 2931 2321 eorum

625 2355 887 2438 agmina
934 2358 1272 2418 venerunt.
1364 2352 1643 2418 Basilica
1690 2352 1752 2418 S.
1798 2353 1981 2418 Petri
2028 2377 2102 2419 eo
2146 2361 2435 2438 tempore
2493 2357 2677 2418 extra
2717 2376 2938 2418 muros

626 2453 754 2517 sita
798 2455 956 2532 erat,
1003 2456 1066 2514 et
1110 2451 1181 2514 in
1228 2471 1302 2513 ea
1336 2449 1637 2514 Vaticani
1676 2451 1939 2535 regione
1984 2451 2360 2534 praesertim
2409 2451 2706 2517 coloniae
2732 2446 2937 2514 Saxo-

626 2572 802 2627 num,
847 2548 1259 2626 Francorum,
1308 2551 1374 2611 et
1418 2548 1687 2612 aliorum
1722 2549 2203 2632 peregrinorum
2244 2547 2420 2612 sedes
2452 2549 2749 2612 fixerant.
2824 2546 2936 2610 In·

623 2648 806 2731 genti
868 2648 1088 2729 strage
1147 2644 1398 2711 accolae
1454 2645 1757 2708 trucidati
1814 2648 1996 2721 sunt,
2062 2645 2321 2708 basilica
2381 2666 2531 2709 vero
2590 2644 2972 2727 profanata

624 2750 690 2807 et
733 2742 1086 2826 exspoliata
1141 2745 1237 2805 est
1292 2741 1589 2806 omnibus
1646 2742 1777 2805 illis
1822 2740 2170 2820 thesauris,
2229 2742 2338 2825 qui
2399 2740 2665 2805 decursu
2713 2761 2936 2805 saecu-

625 2841 834 2903 lorum
879 2839 969 2902 ibi
1001 2838 1276 2902 dedicati
1324 2842 1528 2903 erant.
1604 2836 1883 2901 Vastata
1925 2836 2168 2920 pariter
2203 2838 2323 2902 fuit
2354 2838 2618 2903 basilica
2648 2835 2712 2903 S.
2748 2836 2935 2901 Pauli

626 2938 695 3001 in
752 2936 857 3000 via
905 2934 1204 2999 Ostiensi.
1312 2934 1599 2999 Tandem
1669 2933 1923 2997 barbari
1987 2933 2201 2998 hostes
2266 2957 2304 2998 a
2365 2934 2520 2999 duce
2585 2932 2940 3017 Spoletano

625 3034 757 3118 qui,
819 3032 1171 3098 mandante
1234 3031 1558 3096 Ludovico
1620 3052 1773 3115 rege
1834 3031 1935 3094 vel
1997 3030 2208 3113 potius
2272 3037 2534 3113 petente
2598 3030 2939 3107 Pontifice‚

629 3129 870 3195 auxilio
918 3129 1117 3211 venit,
1163 3127 1487 3211 profligati
1533 3131 1710 3192 sunt.

806 3262 909 3327 48.
958 3260 1184 3325 Paucis
1229 3265 1377 3343 post
1421 3258 1773 3338 mensibuS‚
1829 3258 1929 3322 die
1978 3260 2080 3324 27.
2128 3260 2427 3325 Januarii
2467 3281 2521 3323 a.
2572 3259 2729 3335 847,
2775 3258 2940 3323 obiit

630 3356 891 3441 Sergius
938 3358 1045 3441 IL,
1090 3377 1363 3441 eumque
1409 3357 1479 3420 in
1525 3377 1776 3420 summo
1822 3355 2203 3439 pontificatu
2251 3355 2498 3438 excepit
2537 3352 2778 3449 ,δὲ-1960
2815 3353 2868 3417 Ι
2872 3353 2939 3421 V.

633 3455 990 3537 Romanus,
1047 3454 1428 3537 prudentiae
1474 3474 1546 3517 ac
1591 3453 1955 3517 sanctitatis
2005 3452 2192 3516 laude
2238 3451 2766 3535 spectatissimu8‚
2825 3452 2939 3534 qui

631 3551 978 3615 Ecclesiam
1032 3551 1199 3614 rexit
1258 3570 1461 3633 usque
1509 3548 1590 3613 ad
1648 3571 1893 3613 annum
1954 3550 2100 3612 855.
2189 3547 2254 3613 Is
2317 3551 2544 3613 contra
2586 3547 2938 3613 Saraceno-

630 3670 774 3712 rum
819 3647 1220 3711 incursiones
1254 3644 1642 3711 Vaticanum
1687 3645 1913 3710 collem
1962 3644 2426 3709 munitionibus
2473 3644 2697 3730 cinxit,
2745 3648 2942 3728 atque

630 3745 727 3809 ita
770 3745 1077 3827 antiquae
1135 3743 1280 3807 urbi
1341 3743 1586 3808 addidit
1630 3765 1894 3820 novam,
1950 3764 2067 3806 suo
2112 3741 2375 3805 nomine
2418 3741 2656 3805 dictam
2705 3741 2939 3804 Leoni-

632 3864 801 3906 nam.
885 3838 1020 3903 Sub
1066 3840 1205 3923 ejus
1249 3839 1628 3922 pontificatu
1675 3838 2037 3923 generatim
2082 3835 2426 3901 relationes
2472 3859 2613 3901 cum
2660 3835 2937 3920 Imperio

632 3938 872 4003 amicae
934 3935 1222 4000 fuerunt.
1333 3935 1541 4012 Quum
1604 3934 1970 4022 Ludoyicus
2028 3955 2199 3997 anno
2266 3934 2391 3998 849
2460 3956 2497 3997 a
2560 3937 2743 4024 patre
2807 3932 2937 4018 1495

814 4161 859 4231 1)
895 4162 1103 4217 Ibidem
1142 4178 1184 4215 c.
1226 4164 1308 4215 15.
