3270 5028
656 444 756 495 138
1176 443 1325 497 XIV.
1363 444 1444 498 De
1483 443 1634 498 civili
1673 444 1738 498 R.
1776 443 2059 499 Pontificis
2096 443 2423 512 principatu.

652 581 810 646 sime
856 584 1337 659 restituturum;
1393 587 1602 669 reipsa
1649 591 1898 669 partem
1945 587 2261 666 restitnit,
2302 586 2616 670 reliquam
2661 608 2727 651 se
2769 586 2961 669 paulo

653 684 803 762 post
846 680 1241 745 redditurum
1290 682 1631 765 pollicitus,

832 811 933 874 63.
1001 810 1195 875 Anno
1264 812 1385 875 767
1452 813 1551 877 die
1615 813 1718 876 28.
1777 813 1957 877 Junii
2023 813 2101 876 ad
2163 810 2490 874 meliorem
2551 810 2751 874 vitam
2817 833 2956 876 evo·

572 888 615 919 ⁸⁶
651 911 835 971 catus
898 910 994 971 est
1053 905 1115 973 S.
1167 906 1407 972 Paulus
1455 909 1647 991 Papa.
1750 909 1849 973 Eo
1900 909 2105 974 adhuc
2159 909 2441 972 animam
2497 915 2732 989 agente
2790 907 2959 972 Toto

649 1003 778 1067 dux
836 1001 1202 1086 Nepesinus
1263 1012 1510 1069 armata
1564 1027 1761 1068 manu
1819 1006 2041 1070 urbem
2094 1006 2452 1088 ingressus,
2511 1005 2818 1087 populum
2877 1004 2955 1068 ad

650 1100 1018 1183 eligendum
1089 1101 1354 1165 fratrem
1410 1124 1594 1165 suum
1658 1101 2161 1167 Constantinum
2228 1101 2433 1185 adhuc
2494 1098 2729 1165 laicum
2796 1122 2960 1164 com-

647 1197 844 1280 pulit,
908 1202 974 1260 et
1032 1195 1375 1280 Georgium
1433 1199 1796 1282 episcopum
1811 1180 2342 1263 Praenestinum
2400 1196 2616 1281 adegit
2671 1182 2754 1260 ad
2812 1219 2954 1261 eum

650 1292 1092 1357 ordinandum.
1189 1293 1685 1371 ConstantinuS,
1735 1299 1809 1359 ut
1853 1300 2220 1378 usurpatam
2267 1296 2481 1359 sedem
2528 1303 2958 1369 conservaret,

647 1388 866 1474 Pipini
911 1390 1081 1473 regis
1124 1388 1518 1454 Francorum
1565 1393 1842 1475 gratiam
1888 1392 2012 1456 sibi
2059 1393 2399 1457 conciliare
2443 1391 2743 1466 tentavit,
2791 1390 2959 1454 datis

649 1486 728 1551 ad
798 1508 942 1551 eum
1008 1486 1275 1560 litteris,
1345 1488 1577 1571 quibus
1646 1510 1713 1552 se
1783 1489 2072 1572 quamvis
2142 1489 2415 1552 invitum
2486 1486 2563 1550 ad
2633 1508 2955 1549 summum

560 1592 567 1617 ¹
646 1583 1094 1667 pontificatum
1143 1588 1431 1648 evectum
1482 1585 1675 1648 fuisse
1724 1582 2232 1667 mentiebatur.¹)
2323 1585 2537 1649 Armis
2591 1584 2809 1647 fratris
2855 1584 2954 1646 sui

646 1685 977 1764 protectus
1023 1703 1339 1745 summum
1388 1683 1813 1747 sacerdotium
1872 1683 2203 1766 usurpavit
2259 1681 2563 1746 tredecim
2612 1680 2956 1755 mensi-buS,

647 1783 791 1861 post
861 1800 1045 1861 quoS,
1121 1777 1568 1863 Longobardis
1633 1802 1670 1842 a
1734 1778 2192 1863 Christophoro
2261 1778 2620 1862 primicerio
2691 1779 2954 1862 ejusque

647 1873 780 1938 filio
830 1870 1054 1958 Sergio
1102 1876 1181 1939 ad
1228 1875 1626 1940 liberandam
1676 1877 1996 1940 ecclesiam
2044 1877 2114 1940 in
2160 1876 2384 1940 urbem
2429 1875 2740 1949 evocatiS‚
2789 1872 2955 1936 Toto

648 1971 778 2033 dux
832 1971 1118 2065 devictus
1175 1975 1240 2036 et
1288 1972 1769 2061 Constantinus
1829 1972 2112 2057 dejectus
2170 1976 2286 2037 est.
2388 1970 2710 2035 ,Iunxerat
2767 1968 2950 2033 Desi-

648 2056 861 2130 derius
913 2056 1105 2150 copiis
1152 2090 1310 2151 quas
1358 2052 1821 2152 Christophoro
1869 2068 2222 2154 Sergioque
2265 2068 2670 2133 commiserat
2712 2065 2953 2129 Waldi-

645 2166 899 2246 pertum
948 2163 1418 2275 presbyterum,
1473 2166 1657 2249 isque
1697 2170 1853 2230 tunc
1901 2165 2472 2247 Longobardorum
2528 2163 2800 2226 utilitati
2845 2161 2955 2224 de-

645 2260 960 2335 serviens,
1024 2259 1272 2325 studuit
1331 2262 1400 2325 in
1461 2261 1831 2326 cathedram
1895 2261 1958 2326 S.
2020 2262 2199 2326 Petri
2256 2260 2523 2324 evehere
2590 2258 2951 2342 Philippum

643 2357 1026 2421 monachum
1085 2380 1162 2422 ex
1210 2361 1595 2424 monasterio
1646 2358 1706 2423 S.
1751 2358 1887 2423 Viti
1944 2362 2293 2422 evocatum.
2387 2354 2510 2420 Sed
2568 2356 2953 2419 restiterunt

643 2451 920 2519 Romani
977 2455 1312 2521 conatibus
1370 2455 1675 2522 factionis
1732 2454 2273 2541 Longobardicae.
2366 2452 2696 2536 Philippus
2748 2472 2952 2516 reces-

644 2552 730 2615 sit
789 2552 860 2615 in
919 2553 1379 2617 monasterium
1438 2575 1655 2630 suum,
1714 2557 1779 2617 et
1834 2552 2155 2617 communi
2213 2552 2365 2616 cleri
2418 2555 2483 2614 et
2546 2548 2760 2633 populi
2819 2548 2949 2612 Ro-

646 2649 821 2712 mani
885 2670 1197 2713 consensu
1259 2650 1325 2713 in
1392 2649 1618 2714 Sedem
1684 2650 2116 2732 Apostolicam
2183 2647 2473 2732 legitime
2537 2650 2791 2710 evectus
2856 2649 2956 2709 est

502 2725 527 2744 ‘³
644 2744 745 2808 die
811 2747 869 2809 1.
916 2744 1196 2830 August-i
1253 2744 1411 2810 anni
1459 2747 1585 2810 768
1644 2743 2200 2838 szztsssl.
2258 2743 2523 2808 Siculus·
2611 2742 2758 2807 Non
2814 2763 2947 2805 me-

643 2841 872 2906 diocris
927 2844 1325 2925 perturbatio
1383 2865 1458 2908 eo
1505 2848 1792 2928 tempore
1840 2842 2083 2906 Romae
2139 2845 2282 2906 orta
2337 2846 2434 2905 est
2496 2840 2597 2904 ob·
2624 2844 2836 2903 motus
2887 2845 2951 2902 et

642 2938 984 3004 discordias
1031 2940 1406 3019 factionum,
1453 2962 1724 3025 quarum
1772 2941 1978 3004 altera
2006 2938 2448 3023 Longobardis
2494 2937 2700 3002 altera
2745 2934 2951 2999 Fran-

640 3037 728 3100 cis
792 3035 1044 3100 addicta
1106 3039 1272 3115 erat,
1339 3042 1532 3120 atque
1596 3060 1634 3100 a
1698 3036 2112 3100 multitudine
2182 3036 2373 3099 etiam
2440 3032 2717 3097 crudelia
2790 3031 2947 3095 faci·

641 3155 803 3198 nora
856 3134 925 3196 in
984 3132 1483 3198 Constantinum
1545 3134 1915 3216 antipapam
1980 3134 2285 3216 ejectum,
2345 3131 2412 3195 in
2471 3128 2946 3212 Waldipertum

641 3230 926 3313 aliosque
984 3234 1241 3312 peracta
1295 3233 1464 3294 sunt.
1567 3230 1933 3312 Stephanus
1996 3229 2218 3292 mediis
2277 3229 2345 3292 in
2403 3226 2723 3310 angustiis
2783 3225 2945 3308 posi·

642 3332 747 3389 tus
793 3327 920 3390 ista
964 3325 1258 3389 cohibere
1315 3347 1446 3390 non
1501 3326 1747 3409 potuit;
1808 3327 2078 3391 ulterius
2125 3347 2272 3389 vero
2321 3324 2480 3389 haec
2523 3323 2760 3388 referre
2809 3322 2942 3385 lou·

642 3442 796 3505 gum
845 3426 1032 3485 esset.

819 3543 922 3606 64.
999 3542 1230 3606 Paucis
1302 3549 1559 3608 tantum
1620 3544 1879 3629 juvabit
1945 3549 2214 3628 tangere
2284 3566 2387 3621 ea,
2464 3564 2629 3627 quae
2706 3539 2943 3605 accide-

641 3642 794 3702 runt
861 3661 1061 3722 quum
1124 3662 1336 3704 coram
1400 3641 1647 3723 synodo
1719 3641 2154 3723 episcoporum
2225 3640 2535 3705 Italorum
2604 3643 2671 3703 et
2733 3635 2943 3700 Fran-

641 3754 852 3799 corum
908 3735 985 3798 de
1013 3758 1237 3848 causa
1294 3736 1712 3801 Constantini
1759 3737 2203 3820 pseudopapae
2257 3741 2576 3821 ageretur.
2677 3733 2946 3797 Petente

640 3821 1011 3914 Stephano
1013 3799 1166 3897 ΙΠ.
1231 3831 1502 3898 Romam
1574 3838 1886 3898 venerant
1952 3834 2283 3898 duodecim
2353 3832 2680 3917 praesules
2751 3828 2944 3902 Galli

637 3927 810 3991 inter
872 3950 1029 4011 quos
1090 3926 1154 4025 S.
1210 3928 1436 3993 Lullus
1501 3931 1830 4013 episcopus
1893 3929 2314 4014 Moguntinus
2377 3934 2442 3994 et
2506 3928 2646 3993 Ado
2708 3927 2944 4010 episco-

824 4158 863 4228 ¹)
903 4159 1029 4214 Cod.
1072 4160 1190 4214 Car.
1231 4177 1351 4229 epp.
1387 4165 1474 4215 44.
1512 4167 1596 4220 45.
