3270 5028
659 431 762 483 148
1182 431 1329 485 XIV
1368 432 1451 486 De
1490 431 1641 485 civili
1679 431 1745 483 R.
1784 430 2069 484 Pontificis
2107 430 2430 499 principatu.

658 573 811 637 licet
881 576 1224 656 negantes,
1301 577 1455 637 sunt
1522 574 1634 656 qui
1703 570 2115 675 dfflgngffl
2151 572 2358 657 millam
2427 572 2766 653 confictam
2833 593 2971 636 esse

657 672 974 733 statuunt.
1049 668 1200 732 Non
1245 670 1437 733 aliam
1470 670 1890 734 donationem
1930 669 2237 732 Romanis
2273 668 2686 733 Pontificibus
2734 669 2970 732 factam

660 787 799 830 esse
860 765 1267 843 existimant,
1354 766 1478 829 nisi
1544 767 1724 829 illam
1785 786 1948 848 quae
2012 787 2092 828 ex
2152 786 2307 848 pace
2371 786 2424 827 a.
2490 765 2616 830 754
2677 765 2778 829 vel
2844 765 2969 827 756

659 863 833 926 inter
879 860 1281 947 Stephanum
1339 884 1412 926 ac
1460 862 1762 945 Pipinum
1822 864 1887 924 et
1936 861 2352 944 Aistulphum
2400 861 2968 945 Longobardorum

658 980 874 1043 regem
943 958 1109 1021 inita
1172 959 1529 1043 colligitur,
1603 981 1730 1043 qua
1790 957 2087 1022 videlicet
2149 956 2553 1022 Exarchatus
2619 958 2970 1022 Ravennae

658 1078 803 1120 cum
848 1056 1042 1119 variis
1098 1055 1470 1120 civitatibus
1521 1075 1857 1118 concessus
1915 1059 2030 1118 est.
2125 1053 2465 1118 Caeterum
2520 1052 2969 1118 tantummodo

658 1152 973 1236 gener—astev
1006 1151 1338 1235 „quoddam
1400 1150 1686 1237 caritatis
1744 1154 1812 1213 et
1874 1151 2193 1214 amicitiae
2248 1151 2472 1215 foedus
2519 1152 2691 1215 inter
2733 1149 2969 1214 Roma-

657 1269 779 1312 nos
829 1236 1174 1311 Pontifices
1235 1253 1301 1310 et
1359 1236 1662 1330 Pipinum
1718 1268 1791 1310 ac
1849 1245 2149 1311 Carolum
2207 1248 2562 1330 exstitisse3
2627 1247 2770 1311 illos
2817 1268 2966 1310 vero

660 1343 881 1409 eodem
929 1343 1180 1407 foedere
1227 1344 1488 1418 innisoS,
1535 1364 1608 1421 ac
1654 1342 1865 1406 studio
1912 1343 2223 1406 dilatandi
2274 1343 2540 1407 dominii
2573 1344 2675 1407 sui
2723 1342 2965 1419 duct08,

656 1441 891 1524 passim
955 1441 1152 1504 etiam
1214 1441 1387 1504 ultra
1443 1440 1683 1503 limites
1745 1438 1893 1501 huic
1948 1440 2203 1504 vinculo
2258 1440 2599 1515 institisse,
2661 1444 2736 1503 ut
2790 1439 2969 1502 varia

656 1537 985 1602 territoria
1027 1537 1151 1601 sibi
1195 1537 1624 1619 acquirerent.
1704 1533 2145 1599 Donationem
2189 1541 2403 1600 autem
2451 1537 2780 1620 vulgatam
2825 1557 2969 1618 spu-

656 1635 818 1698 riam
887 1631 1104 1716 esse.¹)
1174 1668 1258 1678 —
1327 1634 1462 1709 Qua
1540 1631 1797 1717 quidem
1876 1633 1946 1695 111
2016 1655 2085 1697 16
2153 1633 2611 1697 advertendum
2689 1636 2816 1707 est,
2893 1653 2967 1695 ea

658 1731 1034 1814 praesertim
1100 1751 1233 1794 esse
1293 1729 1782 1805 consideranda,
1843 1750 2007 1812 quae
2066 1729 2136 1793 in
2211 1728 2359 1793 Vita
2416 1727 2757 1792 Hadriani
2815 1750 2965 1793 con·

658 1828 980 1890 tinentur.
1087 1825 1499 1891 Conveniunt
1563 1827 1737 1890 enim
1797 1825 1955 1889 haec
2018 1847 2161 1890 cum
2224 1827 2333 1901 iis,
2398 1848 2563 1909 quae
2626 1827 2693 1890 in
2756 1823 2966 1907 Γναθ-

657 1927 870 1987 mento
916 1921 1327 1987 Fantutia‘no
1374 1923 1720 1999 habentur,
1771 1923 2056 2005 adeoque
2103 1924 2355 1987 etiamsi
2399 1922 2476 1987 de
2524 1924 2719 2013 hujus
2755 1920 2966 2003 Fray-

659 2019 860 2084 menti
905 2021 1119 2084 valore
1165 2023 1340 2083 certa
1384 2020 1712 2111 sententia
1765 2021 1989 2085 haberi
2051 2043 2183 2085 non
2234 2025 2481 2103 posset,
2536 2023 2784 2101 tamen,
2844 2018 2967 2082 nisi

657 2118 992 2200 probetur,
1057 2117 1250 2180 etiam
1309 2138 1384 2180 ea
1443 2138 1609 2200 quae
1672 2117 1740 2180 in
1813 2117 1961 2183 Vita
2011 2115 2354 2182 Hadriani
2413 2117 2772 2180 obveniunt
2827 2137 2966 2180 esse

658 2214 851 2290 falsa,
913 2213 1014 2276 vel
1075 2213 1285 2295 capita
1344 2214 1457 2276 illa
1515 2213 1643 2276 tria
1705 2237 1839 2279 esse
1898 2216 2319 2298 interpolata,
2382 2214 2620 2277 veritas
2677 2198 2967 2276 domitio-

657 2329 766 2373 ms
838 2309 1239 2373 subsisteret.
1356 2309 1578 2393 Atque
1654 2309 1851 2394 Sybel
1923 2302 2287 2387 existimat,
2365 2311 2572 2393 ipsum
2648 2313 2968 2374 auctorem

673 2405 854 2469 Vitae
899 2402 1267 2487 Hadriani,
1323 2406 1433 2489 qui
1481 2407 1810 2490 scripserit
1865 2410 2089 2492 primis
2134 2407 2462 2473 decenniis
2509 2405 2749 2470 saeculi
2791 2405 2966 2481 noni,

657 2508 733 2568 ut
796 2503 1236 2568 Romanorum
1298 2501 1687 2568 Pontificum
1749 2505 2087 2572 ambitioni
2148 2505 2448 2580 serviret,
2512 2503 2769 2567 finxisse
2832 2502 2966 2579 illa,

658 2622 823 2684 quae
880 2600 952 2664 in
1007 2622 1082 2664 ea
1137 2604 1322 2682 parte
1382 2598 1565 2663 Vitae
1609 2600 1953 2666 Hadriani
2011 2598 2424 2682 habentur32)
2486 2599 2771 2664 Martens
2819 2620 2967 2663 vero

658 2702 906 2774 censet,
980 2718 1113 2759 non
1175 2697 1256 2759 ab
1315 2701 1576 2761 auctore
1655 2696 1835 2761 Vitae
1897 2700 2020 2763 ista
2081 2700 2477 2780 conscripta,
2543 2698 2652 2761 sed
2716 2700 2867 2778 post
2929 2717 2966 2758 a

658 2794 919 2857 falsario
982 2792 1203 2857 eadem
1263 2794 1508 2857 inserta
1568 2791 1849 2874 fuisse.³)
1956 2796 2380 2880 Argumentis
2452 2794 2728 2858 internis
2791 2814 2968 2876 prae·

657 2890 840 2972 cipue
903 2890 1294 2952 sententiam
1370 2911 1552 2953 suam
1620 2892 1876 2955 firmare
1945 2893 2068 2956 nisi
2138 2896 2309 2955 sunt.
2424 2888 2819 2973 Singillatim
2892 2910 2966 2951 ea

657 2988 969 3051 discutere
1015 2987 1281 3068 longum
1329 2985 1525 3066 foret,
1583 2990 1922 3072 praecipua
1975 2992 2194 3053 tamen
2248 3009 2411 3072 quae
2456 2987 2538 3050 ab
2584 2987 2710 3049 illis
2757 2989 2968 3050 aucto·

658 3083 832 3146 ribus
879 3082 1258 3166 afferuntur,
1303 3082 1659 3165 ponderare
1709 3107 1839 3149 non
1887 3086 1999 3149 abs
2046 3107 2114 3149 re
2161 3106 2297 3149 6886
2341 3084 2606 3148 videtur.

341 3240 614 3292 Argumenta
835 3221 936 3283 73.
1003 3219 1369 3283 Advertunt
1429 3222 1682 3305 itaque,
1753 3224 1981 3289 1111111111
2047 3223 2318 3288 nimium
2383 3226 2449 3286 et
2508 3222 2698 3305 plane
2754 3220 2965 3284 incre-

325 3303 637 3408 ὓωζξζζθῇἰω
657 3317 851 3380 dibile
920 3316 1151 3393 videri,
1222 3316 1394 3399 quod
1456 3317 1724 3400 Pipinus
1777 3301 2021 3384 fecerit
2091 3325 2156 3385 et
2222 3320 2485 3384 Carolus
2557 3316 2964 3382 renovaverit

658 3414 966 3498 ejusmodi
1025 3365 1472 3491 dotiationem,
1535 3436 1663 3497 qua
1719 3417 2219 3482 concederentur
2277 3416 2574 3481 Pontifici
2636 3413 2963 3478 territoria

656 3533 845 3595 quam
920 3510 1220 3593 plurima,
1300 3532 1462 3594 quae
1543 3534 1677 3575 non
1749 3514 1954 3577 solum
2024 3513 2311 3579 nondum
2379 3515 2685 3595 occupata
2756 3512 2962 3580 erant,

657 3608 769 3671 sed
844 3629 1113 3690 quorum
1186 3607 1399 3690 aliqua
1473 3629 1554 3671 ne
1625 3631 1661 3672 a
1731 3609 2173 3694 Longobardis
2240 3609 2497 3694 quidem
2570 3605 2962 3672 debellandis

654 3704 1183 3788 possidebantur,
1243 3708 1312 3767 at
1370 3704 1653 3769 dominio
1713 3705 2131 3790 Imperatoris
2195 3707 2488 3791 subjecta
2552 3691 2961 3769 6181113.Ιο-

840 3930 882 3998 1)
932 3929 1038 3984 Cfr.
1088 3930 1156 3983 H.
1211 3946 1320 3983 von
1369 3929 1557 3997 Sybel‚
1617 3929 1722 3984 Die
1773 3929 2176 3999 Schenkungen
2224 3932 2319 3985 der
2364 3930 2697 3999 Karolinger
2750 3946 2820 3983 an
2875 3929 2963 3983 die

654 4011 879 4077 Papste.
951 4009 1158 4062 Histor.
1196 4008 1517 4063 Zeitschrift
1563 4009 1626 4061 B.
1667 4012 1751 4063 44.
1800 4009 1983 4078 (1880)
2032 4008 2085 4063 S.
2121 4012 2207 4061 47.
2246 4038 2313 4046 -
2349 4009 2621 4074 Martem,
2670 4008 2757 4062 die
2801 4007 2963 4061 romi-

656 4090 786 4143 sche
823 4089 1003 4155 Frage
1041 4091 1144 4141 etc.

832 4165 876 4236 ²)
914 4168 976 4220 L.
1018 4183 1061 4219 c.
1098 4183 1150 4234 p.
1188 4170 1270 4221 83.
1909 4165 1951 4232 ³)
1989 4165 2052 4219 L.
2092 4183 2136 4219 c.
2174 4183 2223 4233 p.
2263 4167 2369 4218 283
2406 4182 2520 4233 sqq.
