3270 5028
1003 455 1087 508 De
1125 454 1356 508 divortio
1393 453 1643 507 Lotharii
1676 453 1843 521 regis,
2476 455 2578 506 241

269 597 537 663 veravit.
653 596 865 682 Opera
933 597 1208 661 maxime
1277 595 1705 704 Ingelbergae
1772 593 2235 677 Imperatricis,
2309 616 2474 678 quae
2544 617 2582 658 a

274 692 582 756 Pontifice
626 694 704 758 de
747 695 946 759 illatis
994 692 1180 757 malis
1225 691 1479 755 veniam
1524 691 1747 774 petiit,
1801 689 2135 755 concordia
2180 690 2351 754 inter
2395 690 2584 754 Nico-

271 791 442 854 laum
491 794 557 854 et
602 789 998 855 Ludovicum
1043 789 1349 854 restituta
1396 791 1512 852 est.
1604 787 1969 870 Imperator
2010 808 2305 851 sermone
2354 786 2581 851 Ponti-

272 885 407 949 ficis
465 908 598 950 rem
658 888 883 950 melius
942 887 1226 964 edoctus,
1279 883 1486 949 Roma
1541 883 1859 960 discessit,
1919 886 1986 947 et
2032 881 2470 947 Guntbarium
2517 891 2584 948 et

267 981 725 1066 Teutgaudum
772 984 843 1047 in
893 982 1135 1048 Gallias
1182 981 1388 1045 redire
1426 981 1640 1065 J‘ussit.

453 1122 556 1188 24.
628 1122 924 1206 Episcopi
1003 1121 1493 1205 Lotharingiae,
1570 1121 1827 1184 directis
1903 1121 2173 1184 Romam
2247 1121 2583 1203 poeniten-

271 1220 404 1283 tiae
474 1218 738 1295 libellis,
772 1218 781 1223 ’
815 1210 1066 1284 veniam
1138 1242 1174 1282 a
1240 1217 1555 1282 Pontifice
1629 1217 2048 1300 postularunt
2122 1220 2188 1280 et
2264 1217 2585 1305 consecuti

270 1319 441 1380 sunt.
549 1315 896 1380 Lotharius
965 1337 1213 1400 quoque
1284 1315 1725 1379 submissionis
1793 1314 2040 1378 litteras
2109 1313 2187 1377 ad
2250 1312 2587 1377 Nicolaum

278 1402 482 1487 misit,
546 1416 613 1477 et
672 1434 844 1477 anno
904 1414 1031 1477 865
1080 1412 1339 1475 Arsenii
1402 1411 1679 1495 episcopi
1737 1410 2119 1493 Hortensis,
2181 1431 2372 1493 quem
2418 1411 2587 1473 Pon·

271 1509 438 1572 tifex
498 1508 564 1571 in
612 1496 1107 1592 Lotharingiam
1151 1509 1506 1592 legaverat,
1576 1507 1841 1573 monitis
1889 1507 2297 1591 perterrituS,
2363 1506 2589 1581 Wald-

276 1604 495 1669 radam
573 1604 842 1684 dimisit,
938 1609 1003 1669 et
1084 1603 1514 1688 Teutbergam
1605 1606 1675 1668 in
1744 1605 2081 1688 conjugem
2157 1607 2224 1666 et
2294 1603 2587 1688 reginam

277 1692 888 1784 recepitsquerum
916 1764 929 1775 ,
958 1704 1103 1784 post
1157 1701 1369 1785 Tegati
1437 1701 1750 1784 pontificii
1820 1700 2160 1764 discessum
2228 1699 2592 1784 Teutberga

277 1796 512 1863 iterum
571 1799 841 1881 pessime
890 1821 927 1860 a
975 1796 1283 1862 Lothario
1343 1796 1567 1861 habita
1619 1801 1735 1885 est.
1834 1796 2004 1861 Hinc
2060 1819 2230 1861 anno
2288 1797 2413 1860 866
2474 1796 2591 1860 ho·
2652 1750 2725 1840 Q!

280 1899 530 1959 nestam
593 1894 631 1956 a
693 1893 999 1958 Lothario
1061 1894 1392 1957 recedendi
1449 1896 1843 1958 occasionem
1900 1897 2200 1977 captanS,
2262 1893 2592 1957 licentiam

276 2015 320 2055 a
380 1990 648 2055 Nicolao
710 1989 1022 2055 Pontifice
1083 1990 1384 2055 veniendi
1445 1989 1717 2055 Romam
1777 1991 2162 2075 postulavit,
2234 1994 2426 2074 atque
2488 1991 2587 2054 de-

275 2089 577 2171 claravit,
640 2110 706 2151 se
767 2094 1002 2170 sponte
1058 2088 1223 2151 velle
1282 2087 1503 2151 cedere
1560 2087 1741 2171 regia
1797 2088 2117 2172 dignitate
2175 2090 2239 2151 et
2294 2086 2595 2171 conjugio

277 2207 354 2249 ac
421 2186 619 2248 vitam
690 2185 1130 2249 continentem
1202 2183 1513 2267 profiteri,
1579 2189 1654 2248 ut
1702 2183 2121 2249 Waldradam
2190 2182 2414 2247 ducere
2483 2205 2594 2246 rex

281 2286 528 2364 posset,
595 2303 670 2345 eo
735 2282 833 2344 vel
902 2283 1104 2365 magis
1174 2280 1343 2364 quod
1412 2282 1548 2363 ipsa
1612 2277 2037 2365 (Teutberga)
2106 2281 2342 2346 sterilis
2413 2284 2595 2344 esset.

285 2377 425 2442 Hoc
500 2378 607 2442 ubi
684 2378 1008 2443 intellexit
1081 2377 1414 2453 NicolauS,
1492 2380 1711 2462 arguit
1774 2378 2202 2462 Teutbergam
2280 2400 2393 2461 per
2468 2378 2599 2460 epi·

283 2474 516 2539 stolam
573 2495 793 2539 mense
841 2474 1150 2539 Januario
1212 2475 1365 2538 anni
1415 2474 1540 2539 867
1588 2475 1833 2549 datam,
1899 2475 1976 2539 de
2031 2475 2108 2539 iis
2171 2497 2334 2558 quae
2392 2476 2667 2553 ego-actea

287 2572 658 2653 scripsisset.
762 2570 1192 2655 Nequaquam
1256 2572 1610 2649 consensit,
1677 2576 1753 2637 ut
1815 2572 2083 2636 Romam
2142 2574 2426 2648 veniret,
2487 2594 2598 2636 ne·

282 2668 592 2751 gavitque
655 2667 794 2731 fieri
864 2690 1043 2751 posse
1105 2670 1275 2751 quod
1343 2669 1763 2753 suggerebat,
1832 2673 1908 2733 ut
1976 2669 2099 2732 vel·
2146 2669 2229 2733 ob
2294 2669 2599 2732 sterilita-

286 2770 450 2839 tem,
526 2764 627 2828 vel
698 2765 1097 2848 professione
1174 2766 1614 2829 continentiae
1683 2765 2160 2830 matrimonium
2234 2765 2601 2829 dissolvere·

287 2866 425 2939 tur,
491 2862 615 2925 nisi
686 2862 884 2925 etiam
955 2860 1303 2925 Lotharius
1364 2862 1631 2928 maritus
1701 2863 2005 2927 coelibem
2070 2862 2269 2925 vitam
2343 2864 2601 2944 promit·

284 2962 472 3021 teret.
562 2956 943 3020 Lotharium
1004 2979 1262 3041 quoque
1317 2960 1470 3023 data
1529 2960 1800 3042 epistola
1843 2958 2143 3024 Nicolaus
2190 2958 2604 3022 vehementer

286 3055 672 3136 increpavit,
729 3055 881 3137 quia
924 3055 1155 3118 iterum
1205 3061 1586 3137 conceperat
1631 3056 1897 3120 consilia
1941 3055 2332 3119 dissolvendi
2376 3055 2602 3118 matri-

290 3151 490 3222 monii
547 3156 884 3233 praetextu
944 3150 1459 3231 desponsationis
1519 3152 1859 3215 anterioris
1906 3173 2049 3214 cum
2096 3149 2474 3225 Waldrada,
2538 3157 2603 3213 et

285 3247 372 3311 ob
403 3247 746 3311 confictum
780 3247 1040 3329 aliquod
1072 3246 1476 3331 Teutbergae
1520 3247 1927 3312 adulterium.
1996 3247 2352 3312 Licentiam
2384 3251 2598 3311 autem

288 3344 557 3407 Romam
606 3343 932 3417 veniendi,
994 3365 1185 3427 quam
1233 3341 1575 3407 Lotharius
1622 3344 1702 3407 ad
1747 3364 1814 3408 se
1857 3343 2260 3471 purgandum
2304 3342 2600 3426 petierat,

286 3442 349 3503 ei
398 3439 763 3522 denegavit.

471 3590 575 3651 25.
644 3586 933 3651 Mortuus
999 3609 1072 3650 eo
1128 3610 1302 3651 anno
1365 3592 1463 3650 est
1519 3586 1828 3652 Nicolaus
1889 3589 2072 3673 eique
2134 3590 2439 3653 successit
2501 3586 2689 3652 diena
2690 3607 2934 3651 arianusn.

297 3686 396 3749 14.
473 3684 840 3748 Decembris
916 3681 1338 3772 Hadrianus
1379 3682 1508 3762 IL,
1589 3685 1700 3780 qui
1770 3682 1989 3749 eadem
2059 3686 2224 3769 juris
2289 3686 2604 3797 princip-‘ia

289 3787 549 3864 secutus
627 3783 752 3858 est,
831 3802 1024 3863 quam
1095 3801 1369 3865 magnus
1449 3783 1587 3865 ejus
1662 3802 2061 3863 praecessor,
2148 3782 2339 3866 idque
2415 3783 2604 3847 variis

291 3872 375 3941 in
376 3861 642 3939 litteris
697 3877 866 3940 clare
925 3876 1332 3961 significavit.
1427 3876 1554 3941 Pro
1612 3878 1979 3942 charactere
2035 3885 2251 3943 tamen
2303 3900 2418 3943 suo
2464 3878 2608 3942 miti

294 3982 486 4057 atque
560 3972 875 4056 benignO,
954 3973 1160 4037 forma
1230 3972 1504 4055 quadam
1577 3973 1809 4057 agendi
1882 3974 2091 4039 minus
2159 3996 2380 4039 severa
2454 3997 2607 4039 usus

294 4074 418 4135 est.
516 4069 682 4132 Tum
738 4069 1107 4154 Teutberga
1166 4077 1305 4133 tum
1367 4067 1711 4133 Lotharius
1772 4070 1854 4133 ab
1907 4072 2046 4153 ipso
2101 4070 2610 4154 impetraverunt

291 4168 620 4233 licentiam
692 4165 959 4256 Romam
1033 4165 1360 4243 veniendi,
1445 4186 1522 4231 ac
1582 4165 1934 4231 Waldrada
2014 4168 2094 4231 ab
2172 4169 2607 4231 excommuni-

348 4278 614 4330 Jungmann,
650 4278 1008 4320 Dissertationes.
1063 4278 1184 4320 Tem.
1217 4278 1306 4320 111.
1514 4303 1519 4316 ι
2332 4272 2396 4322 16
