3270 5028
900 429 984 483 De
1019 427 1406 484 Decretalibus
1444 424 2026 482 Pseudo-Isidorianis.
2511 428 2618 480 281

308 576 602 637 mnatum
621 622 636 651 ‚
704 568 1004 653 potentia
1071 569 1255 653 reyia
1328 567 1575 653 fretum
1630 565 1912 632 Romam
1991 565 2212 631 venire
2274 565 2625 649 faciamus.

310 668 466 745 Quis
525 667 724 752 igitur
787 666 955 732 hanc
1024 668 1389 732 universam
1454 667 1661 751 legem
1729 664 2023 729 infernus
2085 665 2412 729 evomuit?
2482 664 2626 748 quis

307 769 596 829 tartarus
679 764 758 828 de
841 764 975 828 suis
1059 763 1294 829 abditis
1386 767 1452 829 et
1532 760 1895 827 tenebrosis
1977 760 2287 826 cuniculis
2374 764 2624 825 eructa·-

307 860 559 943 vit?“1)
661 859 871 926 Simili
926 860 1112 925 modo
1168 860 1361 925 etiam
1427 861 1553 924 alia
1618 857 1922 922 mandata
1979 856 2297 922 Hadriani
2357 856 2629 923 Carolus

308 958 713 1043 perstringit.

490 1106 594 1171 69.
642 1105 1033 1169 Hincmarus
1091 1105 1291 1189 igitur
1342 1107 1412 1169 in
1469 1105 1591 1170 hac
1644 1105 1914 1188 epistola
1969 1100 2198 1167 callida
2252 1105 2390 1165 arte
2443 1097 2626 1164 man-''-

313 1202 479 1266 datis
542 1200 920 1286 quibusdam
982 1200 1375 1265 secundariis
1438 1199 1784 1282 Hadriani,
1846 1199 1922 1263 de
1985 1199 2385 1283 protectione
2446 1197 2628 1280 regia

313 1296 664 1364 Hincmaro
714 1297 962 1382 juniori
1019 1296 1455 1374 concedenda,
1513 1297 1589 1361 de
1646 1296 1832 1362 bonis
1887 1295 2189 1361 ecclesiae
2237 1293 2626 1358 Laudunen·

314 1395 404 1459 sis
451 1394 906 1471 custodiendiS‚
964 1393 1236 1471 insistit,
1293 1398 1361 1459 et
1398 1394 1858 1477 consequentia
1913 1392 2180 1456 subdola
2234 1390 2381 1455 inde
2429 1390 2626 1454 etiam
2680 1382 2935 1488 Ῡξζζξέη

314 1491 597 1568 deducit,
663 1491 744 1555 ab
798 1490 1129 1555 Hadriano
1195 1487 1359 1572 leqes
1429 1487 1656 1572 uryeri
1711 1486 2085 1565 inauditas,
2147 1487 2388 1553 scilicet
2449 1505 2630 1568 reyes

315 1606 448 1651 esse
490 1585 919 1652 vicedominos
971 1590 1032 1650 et
1077 1584 1323 1650 villicos
1382 1584 1854 1667 episcoporum,
1917 1604 2020 1650 eos
2071 1583 2365 1666 favorem
2409 1580 2632 1658 debere

306 1686 653 1767 praestare
709 1681 1020 1765 episcopis
1062 1680 1739 1764 praevaricatoribus,
1800 1704 1874 1748 ac
1922 1684 2085 1748 tales
2130 1682 2309 1765 leges
2353 1679 2633 1744 traducit

316 1790 390 1846 ut
459 1782 762 1846 confictas
826 1804 865 1846 a.
930 1780 1241 1863 scriptore
1309 1779 1641 1863 epistolae.
1752 1778 1928 1844 Hinc
1989 1780 2259 1862 opponit
2332 1798 2408 1841 ea
2467 1794 2632 1857 quae

318 1875 707 1961 apostolicae
764 1874 934 1941 sedis
990 1874 1253 1940 nomine
1313 1874 1665 1940 secundum
1726 1873 2055 1958 tramitem
2110 1872 2633 1955 Scripturarum,

175 2038 193 2051 ‚
314 1972 866 2056 praedicationem
921 1972 1253 2055 majorum
1267 2020 1285 2052 ,
1348 1975 1408 2037 et
1461 1971 1967 2038 orthodoxorum
2027 1969 2279 2035 decreta
2339 1966 2632 2033 scribun-

321 2074 462 2150 tur,
527 2074 594 2135 et
638 2069 808 2152 quod
851 2088 1032 2135 secus
1077 2087 1118 2132 a
1164 2088 1489 2150 quoquam
1539 2068 1775 2152 fuerit
1800 2066 2217 2151 compilatum
2265 2065 2399 2130 sive
2437 2063 2636 2144 confi-

321 2171 514 2233 ctum.
604 2166 911 2251 Adeoque
956 2165 1296 2246 confictum
1340 2169 1492 2231 dum
1538 2167 1712 2244 dicit,
1757 2166 1928 2230 haud
1975 2168 2113 2250 ejus
2160 2164 2364 2229 menti
2412 2162 2631 2228 obver-

321 2271 503 2329 satur
562 2264 791 2330 Isidori
852 2262 1191 2345 Collecti03
1253 2262 1506 2327 facilius
1571 2264 1925 2339 crederem,
1998 2261 2157 2326 illud
2219 2257 2636 2341 compilatum

322 2366 462 2425 tum
507 2360 586 2425 ad
614 2362 741 2425 alia
771 2364 913 2425 tum
961 2359 1040 2423 ad
1072 2357 1733 2425 Pseudo-Decretales
1780 2358 2084 2423 alludere.
2161 2356 2419 2423 Sciebat
2465 2355 2635 2420 enim

324 2460 497 2523 certe
552 2457 965 2535 HincmaruS‚
1027 2455 1283 2522 modum
1337 2456 1564 2541 judicii
1624 2457 1707 2522 ab
1751 2454 2087 2521 Hadriano
2148 2455 2457 2520 selectum
2520 2452 2636 2517 ali·

325 2559 484 2639 quot
538 2556 825 2620 textibus
872 2553 1602 2619 Pseudo-Decretalium
1663 2545 1845 2638 posse
1901 2552 2319 2637 comprobari.
2412 2549 2637 2614 Caete-

324 2673 467 2715 rum
514 2651 881 2717 Hadrianus
937 2650 1149 2735 quoad
1201 2651 1538 2734 negotium
1595 2650 1871 2733 episcopi
1918 2648 2370 2715 Laudunensis
2415 2646 2483 2710 in
2527 2646 2638 2710 lit-

324 2749 483 2812 teris
530 2749 662 2813 suis
708 2770 1043 2833 nunquam
1088 2746 1167 2811 ad
1212 2746 1882 2815 Pseudo-Decretales,
1916 2744 2305 2830 provocavit.

508 2907 610 2971 70.
675 2905 924 2989 Operae
984 2903 1262 2995 pretium
1326 2908 1424 2968 est
1480 2904 1676 2967 etiam
1742 2923 1817 2966 ea
1870 2906 2130 2977 notare,
2194 2922 2360 2984 quae
2415 2898 2637 2964 scribit
2707 2922 2921 2965 Hadriani

327 3004 697 3069 Hadrianus
729 3000 812 3065 in
860 3000 1068 3065 altera
1104 2998 1193 3063 ad
1238 2998 1539 3063 Carolum
1586 3000 1889 3083 epistola,
1938 3019 2066 3081 qua
2110 3018 2332 3080 regem
2379 3016 2634 3060 exacer—
2681 2997 2965 3043 rernsum-

327 3102 548 3166 batum
595 3098 806 3163 verbis
858 3096 1156 3182 benignis
1217 3101 1282 3159 et
1338 3095 1705 3161 honorificis
1760 3096 2012 3178 placare
2068 3094 2339 3158 studuit.
2430 3090 2494 3156 A
2537 3089 2640 3155 die

326 3196 479 3274 illa,
563 3196 813 3279 inquit,
892 3211 1023 3274 qua
1094 3191 1273 3257 vobis
1336 3211 1462 3274 per
1530 3190 1917 3273 praefatum
1987 3187 2270 3273 fratrem
2340 3191 2641 3253 nostram

321 3291 736 3375 (Actardum)
798 3288 1109 3355 mandavi
1172 3287 1388 3369 fideles
1450 3287 1777 3351 orationes
1840 3290 1902 3350 et
1961 3283 2358 3350 certissimas
2416 3282 2639 3349 amici-

332 3389 491 3470 tias,
557 3407 897 3470 nunquam
953 3383 1270 3451 aliorsum
1325 3382 1658 3449 declinavi.
1750 3382 1845 3447 Et
1901 3381 1960 3446 si
2016 3381 2333 3463 quaedam
2389 3381 2643 3445 litterae

331 3487 582 3552 delatae
629 3483 808 3550 vobis
865 3487 1021 3549 sunt
1077 3481 1273 3548 aliter
1318 3501 1384 3546 se
1437 3479 1741 3546 habentes
1794 3478 1868 3544 in
1926 3477 2292 3560 superficie,
2353 3476 2452 3541 vel
2495 3475 2641 3542 sub-

332 3587 579 3666 reptae,
644 3581 741 3646 vel
802 3602 843 3647 a
904 3578 1090 3645 nobis
1150 3576 1642 3659 infirmantibus
1705 3579 2025 3654 extortae,
2089 3574 2188 3639 vel
2248 3593 2290 3639 a
2353 3571 2644 3656 qualibet

323 3700 609 3764 persona
656 3678 986 3760 confictae,
1033 3675 1271 3742 durius
1316 3678 1435 3741 aut
1480 3673 1704 3739 acrius
1746 3671 2137 3738 mordaciter
2181 3674 2518 3736 sonantes:
2573 3667 2650 3733 id

336 3781 552 3842 tamen
606 3774 791 3841 nobis
840 3774 1049 3856 fiaeum
1094 3792 1342 3854 semper
1383 3769 1629 3836 mansit
1683 3769 1759 3836 in
1816 3772 2054 3848 mente,
2115 3767 2284 3850 quod
2337 3765 2514 3831 vobis
2558 3764 2647 3830 si·

330 3872 789 3957 ynificavimus
832 3871 1121 3954 devote.2)
1211 3869 1513 3934 Pontifex
1570 3867 1922 3952 prudenter
1977 3867 2216 3951 aliquid
2270 3866 2440 3950 regis
2487 3885 2645 3947 que-

519 4098 563 4164 1)
600 4098 667 4152 V.
704 4096 987 4152 Hincmari
1027 4096 1159 4164 Opp.
1198 4102 1240 4149 t.
1277 4094 1351 4147 H.
1389 4109 1440 4160 p.
1480 4096 1581 4146 705
1620 4109 1736 4160 sqq.

516 4178 559 4246 ²)
594 4177 774 4246 Epist.
800 4175 1074 4231 Hadriani
1097 4173 1352 4227 XXXIV.
1377 4171 1616 4227 Labbaei
1651 4171 1785 4226 0011.
1825 4171 1986 4225 Cone.
2025 4171 2176 4226 Tom.
2202 4169 2356 4222 VIII.
2396 4167 2496 4221 col.
2523 4169 2649 4220 937.
