<?xml version="1.0" encoding="UTF-8"?>
<!DOCTYPE html PUBLIC "-//W3C//DTD XHTML 1.0 Transitional//EN"
    "http://www.w3.org/TR/xhtml1/DTD/xhtml1-transitional.dtd">
<html xmlns="http://www.w3.org/1999/xhtml" xml:lang="en" lang="en">
 <head>
  <title>
</title>
<meta http-equiv="Content-Type" content="text/html;charset=utf-8" />
  <meta name='ocr-system' content='tesseract 3.04.00' />
  <meta name='ocr-capabilities' content='ocr_page ocr_carea ocr_par ocr_line ocrx_word'/>
</head>
<body>
  <div class='ocr_page' id='page_1' title='image "./dissertationess04junggoog_0058.png"; bbox 0 0 3270 5028; ppageno 0'>
   <div class='ocr_carea' id='block_1_1' title="bbox 325 2889 636 2991">
    <p class='ocr_par' dir='ltr' id='par_1_1' title="bbox 325 2889 636 2991">
     <span class='ocr_line' id='line_1_1' title="bbox 325 2889 636 2932; baseline -0.01 0"><span class='ocrx_word' id='word_1_1' title='bbox 325 2889 496 2932; x_wconf 81' lang='lat' dir='ltr'><strong><em>&#39;Parasii</em></strong></span> <span class='ocrx_word' id='word_1_2' title='bbox 540 2900 636 2930; x_wconf 90' lang='lat' dir='ltr'><strong><em>con·</em></strong></span> 
     </span>
     <span class='ocr_line' id='line_1_2' title="bbox 395 2962 560 2991; baseline -0.006 0"><span class='ocrx_word' id='word_1_3' title='bbox 395 2962 560 2991; x_wconf 85' lang='lat' dir='ltr'><strong><em>sensus.</em></strong></span> 
     </span>
    </p>
   </div>
   <div class='ocr_carea' id='block_1_2' title="bbox 647 438 2216 492">
    <p class='ocr_par' dir='ltr' id='par_1_2' title="bbox 647 438 2216 492">
     <span class='ocr_line' id='line_1_3' title="bbox 647 438 2216 492; baseline 0.003 -4"><span class='ocrx_word' id='word_1_4' title='bbox 647 438 714 489; x_wconf 85' lang='lat'><strong><em>52</em></strong></span> <span class='ocrx_word' id='word_1_5' title='bbox 1366 438 1446 491; x_wconf 91' lang='lat' dir='ltr'><strong><em>De</em></strong></span> <span class='ocrx_word' id='word_1_6' title='bbox 1484 438 1700 492; x_wconf 85' lang='lat' dir='ltr'><strong><em>haeresi</em></strong></span> <span class='ocrx_word' id='word_1_7' title='bbox 1740 438 2216 492; x_wconf 85' lang='lat' dir='ltr'><strong><em>Iconoclastarum.</em></strong></span> 
     </span>
    </p>
   </div>
   <div class='ocr_carea' id='block_1_3' title="bbox 642 576 2959 1725">
    <p class='ocr_par' dir='ltr' id='par_1_3' title="bbox 642 576 2959 1725">
     <span class='ocr_line' id='line_1_4' title="bbox 648 576 2952 657; baseline 0.001 -18"><span class='ocrx_word' id='word_1_8' title='bbox 648 577 929 654; x_wconf 85' lang='lat' dir='ltr'><strong><em>studeat,</em></strong></span> <span class='ocrx_word' id='word_1_9' title='bbox 988 581 1062 642; x_wconf 83' lang='lat' dir='ltr'><strong><em>ut</em></strong></span> <span class='ocrx_word' id='word_1_10' title='bbox 1118 596 1343 641; x_wconf 88' lang='lat' dir='ltr'><strong><em>revera</em></strong></span> <span class='ocrx_word' id='word_1_11' title='bbox 1397 576 1754 641; x_wconf 78' lang='lat' dir='ltr'><strong><em>orthodoxa</em></strong></span> <span class='ocrx_word' id='word_1_12' title='bbox 1810 581 1870 642; x_wconf 91' lang='lat' dir='ltr'><strong><em>et</em></strong></span> <span class='ocrx_word' id='word_1_13' title='bbox 1914 578 2046 643; x_wconf 88' lang='lat' dir='ltr'><strong><em>Dei</em></strong></span> <span class='ocrx_word' id='word_1_14' title='bbox 2101 579 2347 644; x_wconf 76' lang='lat' dir='ltr'><strong><em>cultrix</em></strong></span> <span class='ocrx_word' id='word_1_15' title='bbox 2401 578 2780 657; x_wconf 88' lang='lat' dir='ltr'><strong><em>consistens,</em></strong></span> <span class='ocrx_word' id='word_1_16' title='bbox 2838 576 2952 642; x_wconf 81' lang='lat' dir='ltr'><strong><em>hoc</em></strong></span> 
     </span>
     <span class='ocr_line' id='line_1_5' title="bbox 642 672 2952 758; baseline 0.001 -22"><span class='ocrx_word' id='word_1_17' title='bbox 642 673 933 755; x_wconf 82' lang='lat' dir='ltr'><strong><em>primum</em></strong></span> <span class='ocrx_word' id='word_1_18' title='bbox 976 673 1410 755; x_wconf 63' lang='lat' dir='ltr'><strong><em>⁴omnipotenti</em></strong></span> <span class='ocrx_word' id='word_1_19' title='bbox 1455 674 1597 738; x_wconf 92' lang='lat' dir='ltr'><strong><em>Deo</em></strong></span> <span class='ocrx_word' id='word_1_20' title='bbox 1657 672 1887 756; x_wconf 86' lang='lat' dir='ltr'><strong><em>offerat</em></strong></span> <span class='ocrx_word' id='word_1_21' title='bbox 1943 674 2363 756; x_wconf 87' lang='lat' dir='ltr'><strong><em>sacrificium,</em></strong></span> <span class='ocrx_word' id='word_1_22' title='bbox 2425 679 2502 741; x_wconf 91' lang='lat' dir='ltr'><strong><em>ut</em></strong></span> <span class='ocrx_word' id='word_1_23' title='bbox 2545 695 2624 739; x_wconf 80' lang='lat' dir='ltr'><strong><em>ex</em></strong></span> <span class='ocrx_word' id='word_1_24' title='bbox 2675 693 2952 758; x_wconf 87' lang='lat' dir='ltr'><strong><em>persona</em></strong></span> 
     </span>
     <span class='ocr_line' id='line_1_6' title="bbox 646 769 2954 855; baseline 0 -21"><span class='ocrx_word' id='word_1_25' title='bbox 646 773 873 834; x_wconf 90' lang='lat' dir='ltr'><strong><em>nostra</em></strong></span> <span class='ocrx_word' id='word_1_26' title='bbox 919 769 1401 851; x_wconf 78' lang='lat' dir='ltr'><strong><em>Imperatorum</em></strong></span> <span class='ocrx_word' id='word_1_27' title='bbox 1460 769 1767 834; x_wconf 89' lang='lat' dir='ltr'><strong><em>sublimia</em></strong></span> <span class='ocrx_word' id='word_1_28' title='bbox 1810 771 2083 855; x_wconf 60' lang='lat' dir='ltr'><strong><em>vestigia</em></strong></span> <span class='ocrx_word' id='word_1_29' title='bbox 2143 772 2444 850; x_wconf 79' lang='lat' dir='ltr'><strong><em>obsecret,</em></strong></span> <span class='ocrx_word' id='word_1_30' title='bbox 2507 776 2583 837; x_wconf 91' lang='lat' dir='ltr'><strong><em>ut</em></strong></span> <span class='ocrx_word' id='word_1_31' title='bbox 2628 791 2850 836; x_wconf 90' lang='lat' dir='ltr'><strong><em>sacras</em></strong></span> <span class='ocrx_word' id='word_1_32' title='bbox 2892 774 2954 834; x_wconf 94' lang='lat' dir='ltr'><strong><em>et</em></strong></span> 
     </span>
     <span class='ocr_line' id='line_1_7' title="bbox 646 865 2952 950; baseline 0 -21"><span class='ocrx_word' id='word_1_33' title='bbox 646 865 1040 930; x_wconf 82' lang='lat' dir='ltr'><strong><em>venerabiles</em></strong></span> <span class='ocrx_word' id='word_1_34' title='bbox 1084 865 1402 950; x_wconf 59' lang='lat' dir='ltr'><strong><em>imagines</em></strong></span> <span class='ocrx_word' id='word_1_35' title='bbox 1451 865 1525 931; x_wconf 91' lang='lat' dir='ltr'><strong><em>in</em></strong></span> <span class='ocrx_word' id='word_1_36' title='bbox 1570 867 1918 949; x_wconf 79' lang='lat' dir='ltr'><strong><em>antiquum</em></strong></span> <span class='ocrx_word' id='word_1_37' title='bbox 1974 873 2219 935; x_wconf 90' lang='lat' dir='ltr'><strong><em>statum</em></strong></span> <span class='ocrx_word' id='word_1_38' title='bbox 2264 868 2603 935; x_wconf 77' lang='lat' dir='ltr'><strong><em>restituere</em></strong></span> <span class='ocrx_word' id='word_1_39' title='bbox 2647 872 2707 933; x_wconf 92' lang='lat' dir='ltr'><strong><em>et</em></strong></span> <span class='ocrx_word' id='word_1_40' title='bbox 2756 866 2952 932; x_wconf 90' lang='lat' dir='ltr'><strong><em>stabi-</em></strong></span> 
     </span>
     <span class='ocr_line' id='line_1_8' title="bbox 649 960 2952 1049; baseline 0.001 -24"><span class='ocrx_word' id='word_1_41' title='bbox 649 960 770 1025; x_wconf 92' lang='lat' dir='ltr'><strong><em>lire</em></strong></span> <span class='ocrx_word' id='word_1_42' title='bbox 814 961 1122 1044; x_wconf 65' lang='lat' dir='ltr'><strong><em>Jubeant,</em></strong></span> <span class='ocrx_word' id='word_1_43' title='bbox 1189 967 1638 1028; x_wconf 73' lang='lat' dir='ltr'><strong><em>conservantes</em></strong></span> <span class='ocrx_word' id='word_1_44' title='bbox 1693 963 2110 1030; x_wconf 75' lang='lat' dir='ltr'><strong><em>traditionem</em></strong></span> <span class='ocrx_word' id='word_1_45' title='bbox 2167 965 2367 1049; x_wconf 81' lang='lat' dir='ltr'><strong><em>hujus</em></strong></span> <span class='ocrx_word' id='word_1_46' title='bbox 2421 985 2644 1030; x_wconf 91' lang='lat' dir='ltr'><strong><em>sacrae</em></strong></span> <span class='ocrx_word' id='word_1_47' title='bbox 2700 967 2759 1029; x_wconf 91' lang='lat' dir='ltr'><strong><em>et</em></strong></span> <span class='ocrx_word' id='word_1_48' title='bbox 2800 984 2952 1031; x_wconf 89' lang='lat' dir='ltr'><strong><em>san-</em></strong></span> 
     </span>
     <span class='ocr_line' id='line_1_9' title="bbox 650 1057 2953 1128; baseline 0 -5"><span class='ocrx_word' id='word_1_49' title='bbox 650 1057 974 1123; x_wconf 88' lang='lat' dir='ltr'><strong><em>ctissimae</em></strong></span> <span class='ocrx_word' id='word_1_50' title='bbox 1016 1059 1357 1124; x_wconf 85' lang='lat' dir='ltr'><strong><em>Romanae</em></strong></span> <span class='ocrx_word' id='word_1_51' title='bbox 1414 1060 1724 1125; x_wconf 88' lang='lat' dir='ltr'><strong><em>ecclesiae.</em></strong></span> <span class='ocrx_word' id='word_1_52' title='bbox 1773 1112 1785 1125; x_wconf 91' lang='lat'><strong><em>.</em></strong></span> <span class='ocrx_word' id='word_1_53' title='bbox 1833 1112 1845 1124; x_wconf 89' lang='lat'><strong><em>.</em></strong></span> <span class='ocrx_word' id='word_1_54' title='bbox 1894 1113 1907 1126; x_wconf 94' lang='lat'><strong><em>.</em></strong></span> <span class='ocrx_word' id='word_1_55' title='bbox 1957 1061 2034 1126; x_wconf 80' lang='lat' dir='ltr'><strong><em>Si</em></strong></span> <span class='ocrx_word' id='word_1_56' title='bbox 2090 1067 2305 1128; x_wconf 86' lang='lat' dir='ltr'><strong><em>autem</em></strong></span> <span class='ocrx_word' id='word_1_57' title='bbox 2364 1082 2586 1126; x_wconf 84' lang='lat' dir='ltr'><strong><em>sacras</em></strong></span> <span class='ocrx_word' id='word_1_58' title='bbox 2642 1082 2718 1127; x_wconf 88' lang='lat' dir='ltr'><strong><em>ac</em></strong></span> <span class='ocrx_word' id='word_1_59' title='bbox 2773 1080 2953 1125; x_wconf 87' lang='lat' dir='ltr'><strong><em>vene·</em></strong></span> 
     </span>
     <span class='ocr_line' id='line_1_10' title="bbox 649 1154 2952 1239; baseline 0.001 -21"><span class='ocrx_word' id='word_1_60' title='bbox 649 1154 886 1219; x_wconf 86' lang='lat' dir='ltr'><strong><em>rabiles</em></strong></span> <span class='ocrx_word' id='word_1_61' title='bbox 930 1155 1250 1239; x_wconf 69' lang='lat' dir='ltr'><strong><em>imaqines</em></strong></span> <span class='ocrx_word' id='word_1_62' title='bbox 1295 1176 1426 1221; x_wconf 91' lang='lat' dir='ltr'><strong><em>non</em></strong></span> <span class='ocrx_word' id='word_1_63' title='bbox 1472 1156 1902 1236; x_wconf 75' lang='lat' dir='ltr'><strong><em>restituerint,</em></strong></span> <span class='ocrx_word' id='word_1_64' title='bbox 1951 1159 2492 1224; x_wconf 89' lang='lat' dir='ltr'><strong><em>consecrationem</em></strong></span> <span class='ocrx_word' id='word_1_65' title='bbox 2531 1163 2811 1223; x_wconf 89' lang='lat' dir='ltr'><strong><em>vestram</em></strong></span> <span class='ocrx_word' id='word_1_66' title='bbox 2855 1177 2952 1221; x_wconf 89' lang='lat' dir='ltr'><strong><em>re-</em></strong></span> 
     </span>
     <span class='ocr_line' id='line_1_11' title="bbox 650 1250 2955 1337; baseline 0 -21"><span class='ocrx_word' id='word_1_67' title='bbox 650 1250 857 1333; x_wconf 87' lang='lat' dir='ltr'><strong><em>cipere</em></strong></span> <span class='ocrx_word' id='word_1_68' title='bbox 913 1273 1044 1318; x_wconf 83' lang='lat' dir='ltr'><strong><em>non</em></strong></span> <span class='ocrx_word' id='word_1_69' title='bbox 1100 1253 1438 1331; x_wconf 87' lang='lat' dir='ltr'><strong><em>audemus,</em></strong></span> <span class='ocrx_word' id='word_1_70' title='bbox 1501 1257 1562 1316; x_wconf 91' lang='lat' dir='ltr'><strong><em>et</em></strong></span> <span class='ocrx_word' id='word_1_71' title='bbox 1619 1253 1903 1318; x_wconf 81' lang='lat' dir='ltr'><strong><em>maxime</em></strong></span> <span class='ocrx_word' id='word_1_72' title='bbox 1961 1255 2020 1318; x_wconf 89' lang='lat' dir='ltr'><strong><em>si</em></strong></span> <span class='ocrx_word' id='word_1_73' title='bbox 2073 1259 2354 1320; x_wconf 82' lang='lat' dir='ltr'><strong><em>sectatus</em></strong></span> <span class='ocrx_word' id='word_1_74' title='bbox 2413 1255 2627 1337; x_wconf 82' lang='lat' dir='ltr'><strong><em>fueris</em></strong></span> <span class='ocrx_word' id='word_1_75' title='bbox 2678 1274 2781 1319; x_wconf 91' lang='lat' dir='ltr'><strong><em>eos</em></strong></span> <span class='ocrx_word' id='word_1_76' title='bbox 2824 1251 2955 1335; x_wconf 73' lang='lat' dir='ltr'><strong><em>Jqui</em></strong></span> 
     </span>
     <span class='ocr_line' id='line_1_12' title="bbox 648 1349 2957 1436; baseline 0 -24"><span class='ocrx_word' id='word_1_77' title='bbox 648 1369 779 1412; x_wconf 83' lang='lat' dir='ltr'><strong><em>non</em></strong></span> <span class='ocrx_word' id='word_1_78' title='bbox 841 1349 1110 1414; x_wconf 86' lang='lat' dir='ltr'><strong><em>credunt</em></strong></span> <span class='ocrx_word' id='word_1_79' title='bbox 1169 1349 1450 1414; x_wconf 82' lang='lat' dir='ltr'><strong><em>veritati.</em></strong></span> <span class='ocrx_word' id='word_1_80' title='bbox 1508 1387 1594 1395; x_wconf 92' lang='lat'>—</span> <span class='ocrx_word' id='word_1_81' title='bbox 1655 1350 1832 1415; x_wconf 85' lang='lat' dir='ltr'><strong><em>Haec</em></strong></span> <span class='ocrx_word' id='word_1_82' title='bbox 1889 1352 2088 1436; x_wconf 86' lang='lat' dir='ltr'><strong><em>igitur</em></strong></span> <span class='ocrx_word' id='word_1_83' title='bbox 2152 1355 2550 1436; x_wconf 78' lang='lat' dir='ltr'><strong><em>praeceptive</em></strong></span> <span class='ocrx_word' id='word_1_84' title='bbox 2611 1352 2957 1416; x_wconf 78' lang='lat' dir='ltr'><strong><em>intimabat</em></strong></span> 
     </span>
     <span class='ocr_line' id='line_1_13' title="bbox 648 1445 2954 1530; baseline -0 -20"><span class='ocrx_word' id='word_1_85' title='bbox 648 1445 1015 1511; x_wconf 85' lang='lat' dir='ltr'><strong><em>Hadrianus</em></strong></span> <span class='ocrx_word' id='word_1_86' title='bbox 1075 1448 1474 1530; x_wconf 84' lang='lat' dir='ltr'><strong><em>patriarchae</em></strong></span> <span class='ocrx_word' id='word_1_87' title='bbox 1533 1446 1797 1511; x_wconf 88' lang='lat' dir='ltr'><strong><em>Tarasio</em></strong></span> <span class='ocrx_word' id='word_1_88' title='bbox 1860 1449 2024 1512; x_wconf 84' lang='lat' dir='ltr'><strong><em>circa</em></strong></span> <span class='ocrx_word' id='word_1_89' title='bbox 2089 1450 2275 1513; x_wconf 86' lang='lat' dir='ltr'><strong><em>fidem</em></strong></span> <span class='ocrx_word' id='word_1_90' title='bbox 2339 1449 2420 1512; x_wconf 87' lang='lat' dir='ltr'><strong><em>ab</em></strong></span> <span class='ocrx_word' id='word_1_91' title='bbox 2483 1471 2578 1513; x_wconf 86' lang='lat' dir='ltr'><strong><em>eo·</em></strong></span> <span class='ocrx_word' id='word_1_92' title='bbox 2609 1447 2954 1513; x_wconf 86' lang='lat' dir='ltr'><strong><em>tenendam</em></strong></span> 
     </span>
     <span class='ocr_line' id='line_1_14' title="bbox 649 1543 2958 1629; baseline 0 -24"><span class='ocrx_word' id='word_1_93' title='bbox 649 1547 714 1606; x_wconf 91' lang='lat' dir='ltr'><strong><em>et</em></strong></span> <span class='ocrx_word' id='word_1_94' title='bbox 770 1543 1293 1626; x_wconf 84' lang='lat' dir='ltr'><strong><em>promovendam,</em></strong></span> <span class='ocrx_word' id='word_1_95' title='bbox 1357 1544 1475 1607; x_wconf 90' lang='lat' dir='ltr'><strong><em>sub</em></strong></span> <span class='ocrx_word' id='word_1_96' title='bbox 1537 1565 1744 1627; x_wconf 83' lang='lat' dir='ltr'><strong><em>poena</em></strong></span> <span class='ocrx_word' id='word_1_97' title='bbox 1797 1547 2223 1628; x_wconf 83' lang='lat' dir='ltr'><strong><em>separationis</em></strong></span> <span class='ocrx_word' id='word_1_98' title='bbox 2281 1570 2318 1610; x_wconf 90' lang='lat' dir='ltr'><strong><em>a</em></strong></span> <span class='ocrx_word' id='word_1_99' title='bbox 2356 1543 2534 1610; x_wconf 66' lang='lat' dir='ltr'><strong><em>‘Sede</em></strong></span> <span class='ocrx_word' id='word_1_100' title='bbox 2590 1544 2958 1629; x_wconf 86' lang='lat' dir='ltr'><strong><em>Apostolica</em></strong></span> 
     </span>
     <span class='ocr_line' id='line_1_15' title="bbox 651 1640 2959 1725; baseline 0 -23"><span class='ocrx_word' id='word_1_101' title='bbox 651 1646 718 1702; x_wconf 89' lang='lat' dir='ltr'><strong><em>et</em></strong></span> <span class='ocrx_word' id='word_1_102' title='bbox 772 1640 1093 1704; x_wconf 81' lang='lat' dir='ltr'><strong><em>nullitatis</em></strong></span> <span class='ocrx_word' id='word_1_103' title='bbox 1159 1642 1294 1723; x_wconf 87' lang='lat' dir='ltr'><strong><em>ejus</em></strong></span> <span class='ocrx_word' id='word_1_104' title='bbox 1359 1642 1798 1725; x_wconf 80' lang='lat' dir='ltr'><strong><em>promotionis.</em></strong></span> <span class='ocrx_word' id='word_1_105' title='bbox 1905 1641 2371 1707; x_wconf 88' lang='lat' dir='ltr'><strong><em>Recitabantur</em></strong></span> <span class='ocrx_word' id='word_1_106' title='bbox 2430 1653 2645 1706; x_wconf 86' lang='lat' dir='ltr'><strong><em>autem</em></strong></span> <span class='ocrx_word' id='word_1_107' title='bbox 2706 1640 2959 1725; x_wconf 88' lang='lat' dir='ltr'><strong><em>publice</em></strong></span> 
     </span>
    </p>
   </div>
   <div class='ocr_carea' id='block_1_4' title="bbox 649 1734 2957 1896">
    <p class='ocr_par' dir='ltr' id='par_1_4' title="bbox 649 1734 2957 1896">
     <span class='ocr_line' id='line_1_16' title="bbox 650 1734 2957 1824; baseline 0 -24"><span class='ocrx_word' id='word_1_108' title='bbox 650 1759 863 1800; x_wconf 88' lang='lat' dir='ltr'><strong><em>coram</em></strong></span> <span class='ocrx_word' id='word_1_109' title='bbox 912 1734 1212 1801; x_wconf 88' lang='lat' dir='ltr'><strong><em>Patribus</em></strong></span> <span class='ocrx_word' id='word_1_110' title='bbox 1260 1736 1528 1801; x_wconf 89' lang='lat' dir='ltr'><strong><em>Concilii</em></strong></span> <span class='ocrx_word' id='word_1_111' title='bbox 1575 1739 1965 1815; x_wconf 84' lang='lat' dir='ltr'><strong><em>oecumenici</em></strong></span> <span class='ocrx_word' id='word_1_112' title='bbox 2015 1740 2251 1824; x_wconf 87' lang='lat' dir='ltr'><strong><em>absque</em></strong></span> <span class='ocrx_word' id='word_1_113' title='bbox 2297 1740 2487 1804; x_wconf 90' lang='lat' dir='ltr'><strong><em>unius</em></strong></span> <span class='ocrx_word' id='word_1_114' title='bbox 2534 1745 2647 1803; x_wconf 89' lang='lat' dir='ltr'><strong><em>aut</em></strong></span> <span class='ocrx_word' id='word_1_115' title='bbox 2693 1737 2957 1802; x_wconf 84' lang='lat' dir='ltr'><strong><em>alterius</em></strong></span> 
     </span>
     <span class='ocr_line' id='line_1_17' title="bbox 649 1833 1125 1896; baseline -0.002 0"><span class='ocrx_word' id='word_1_116' title='bbox 649 1833 1125 1896; x_wconf 86' lang='lat' dir='ltr'><strong><em>reclamatione.</em></strong></span> 
     </span>
    </p>
   </div>
   <div class='ocr_carea' id='block_1_5' title="bbox 651 1972 2966 2831">
    <p class='ocr_par' dir='ltr' id='par_1_5' title="bbox 651 1972 2966 2831">
     <span class='ocr_line' id='line_1_18' title="bbox 829 1972 2961 2059; baseline 0.001 -24"><span class='ocrx_word' id='word_1_117' title='bbox 829 1973 930 2035; x_wconf 88' lang='lat'><strong><em>60.</em></strong></span> <span class='ocrx_word' id='word_1_118' title='bbox 991 1972 1193 2048; x_wconf 87' lang='lat' dir='ltr'><strong><em>Quum</em></strong></span> <span class='ocrx_word' id='word_1_119' title='bbox 1255 1973 1565 2058; x_wconf 88' lang='lat' dir='ltr'><strong><em>ejusmodi</em></strong></span> <span class='ocrx_word' id='word_1_120' title='bbox 1627 1974 1919 2039; x_wconf 84' lang='lat' dir='ltr'><strong><em>doctrina</em></strong></span> <span class='ocrx_word' id='word_1_121' title='bbox 1975 1975 2210 2038; x_wconf 87' lang='lat' dir='ltr'><strong><em>litteris</em></strong></span> <span class='ocrx_word' id='word_1_122' title='bbox 2267 1974 2582 2039; x_wconf 89' lang='lat' dir='ltr'><strong><em>Hadriani</em></strong></span> <span class='ocrx_word' id='word_1_123' title='bbox 2635 1974 2961 2059; x_wconf 88' lang='lat' dir='ltr'><strong><em>proposita</em></strong></span> 
     </span>
     <span class='ocr_line' id='line_1_19' title="bbox 653 2068 2961 2155; baseline 0.001 -23"><span class='ocrx_word' id='word_1_124' title='bbox 653 2074 818 2133; x_wconf 90' lang='lat' dir='ltr'><strong><em>esset</em></strong></span> <span class='ocrx_word' id='word_1_125' title='bbox 864 2068 1159 2145; x_wconf 86' lang='lat' dir='ltr'><strong><em>Tarasio‚</em></strong></span> <span class='ocrx_word' id='word_1_126' title='bbox 1216 2074 1279 2134; x_wconf 93' lang='lat' dir='ltr'><strong><em>et</em></strong></span> <span class='ocrx_word' id='word_1_127' title='bbox 1325 2071 1640 2154; x_wconf 86' lang='lat' dir='ltr'><strong><em>quaedam</em></strong></span> <span class='ocrx_word' id='word_1_128' title='bbox 1699 2072 1778 2134; x_wconf 91' lang='lat' dir='ltr'><strong><em>ab</em></strong></span> <span class='ocrx_word' id='word_1_129' title='bbox 1833 2072 1971 2155; x_wconf 86' lang='lat' dir='ltr'><strong><em>ipso</em></strong></span> <span class='ocrx_word' id='word_1_130' title='bbox 2027 2072 2382 2155; x_wconf 81' lang='lat' dir='ltr'><strong><em>postulata,</em></strong></span> <span class='ocrx_word' id='word_1_131' title='bbox 2442 2072 2756 2154; x_wconf 82' lang='lat' dir='ltr'><strong><em>publicam</em></strong></span> <span class='ocrx_word' id='word_1_132' title='bbox 2807 2093 2961 2136; x_wconf 92' lang='lat' dir='ltr'><strong><em>con-</em></strong></span> 
     </span>
     <span class='ocr_line' id='line_1_20' title="bbox 651 2165 2961 2251; baseline 0 -22"><span class='ocrx_word' id='word_1_133' title='bbox 651 2165 993 2230; x_wconf 87' lang='lat' dir='ltr'><strong><em>fessionem</em></strong></span> <span class='ocrx_word' id='word_1_134' title='bbox 1057 2167 1515 2248; x_wconf 85' lang='lat' dir='ltr'><strong><em>acceptationis</em></strong></span> <span class='ocrx_word' id='word_1_135' title='bbox 1583 2172 1649 2230; x_wconf 92' lang='lat' dir='ltr'><strong><em>et</em></strong></span> <span class='ocrx_word' id='word_1_136' title='bbox 1712 2168 2000 2251; x_wconf 88' lang='lat' dir='ltr'><strong><em>obsequii</em></strong></span> <span class='ocrx_word' id='word_1_137' title='bbox 2061 2167 2387 2250; x_wconf 87' lang='lat' dir='ltr'><strong><em>petierunt</em></strong></span> <span class='ocrx_word' id='word_1_138' title='bbox 2456 2168 2537 2231; x_wconf 87' lang='lat' dir='ltr'><strong><em>ab</em></strong></span> <span class='ocrx_word' id='word_1_139' title='bbox 2603 2189 2675 2232; x_wconf 90' lang='lat' dir='ltr'><strong><em>eo</em></strong></span> <span class='ocrx_word' id='word_1_140' title='bbox 2740 2167 2961 2251; x_wconf 88' lang='lat' dir='ltr'><strong><em>legati.</em></strong></span> 
     </span>
     <span class='ocr_line' id='line_1_21' title="bbox 651 2261 2963 2348; baseline 0 -24"><span class='ocrx_word' id='word_1_141' title='bbox 651 2261 1055 2344; x_wconf 81' lang='lat' dir='ltr'><strong><em>Quapropter</em></strong></span> <span class='ocrx_word' id='word_1_142' title='bbox 1112 2264 1331 2326; x_wconf 87' lang='lat' dir='ltr'><strong><em>statim</em></strong></span> <span class='ocrx_word' id='word_1_143' title='bbox 1394 2269 1537 2346; x_wconf 90' lang='lat' dir='ltr'><strong><em>post</em></strong></span> <span class='ocrx_word' id='word_1_144' title='bbox 1602 2263 1940 2328; x_wconf 88' lang='lat' dir='ltr'><strong><em>lectionem</em></strong></span> <span class='ocrx_word' id='word_1_145' title='bbox 2004 2264 2175 2328; x_wconf 78' lang='lat' dir='ltr'><strong><em>iuius</em></strong></span> <span class='ocrx_word' id='word_1_146' title='bbox 2239 2264 2545 2348; x_wconf 89' lang='lat' dir='ltr'><strong><em>epistolae</em></strong></span> <span class='ocrx_word' id='word_1_147' title='bbox 2607 2265 2963 2347; x_wconf 81' lang='lat' dir='ltr'><strong><em>interroga-</em></strong></span> 
     </span>
     <span class='ocr_line' id='line_1_22' title="bbox 651 2357 2963 2441; baseline 0 -20"><span class='ocrx_word' id='word_1_148' title='bbox 651 2366 885 2422; x_wconf 83' lang='lat' dir='ltr'><strong><em>verunt</em></strong></span> <span class='ocrx_word' id='word_1_149' title='bbox 941 2357 1254 2423; x_wconf 87' lang='lat' dir='ltr'><strong><em>dicentes:</em></strong></span> <span class='ocrx_word' id='word_1_150' title='bbox 1314 2358 1518 2423; x_wconf 90' lang='lat' dir='ltr'><strong><em>Dicat</em></strong></span> <span class='ocrx_word' id='word_1_151' title='bbox 1575 2357 1761 2422; x_wconf 88' lang='lat' dir='ltr'><strong><em>nobis</em></strong></span> <span class='ocrx_word' id='word_1_152' title='bbox 1818 2358 2271 2425; x_wconf 85' lang='lat' dir='ltr'><strong><em>sanctissimus</em></strong></span> <span class='ocrx_word' id='word_1_153' title='bbox 2321 2358 2706 2441; x_wconf 82' lang='lat' dir='ltr'><strong><em>patriarcha</em></strong></span> <span class='ocrx_word' id='word_1_154' title='bbox 2757 2359 2963 2423; x_wconf 88' lang='lat' dir='ltr'><strong><em>Tara-</em></strong></span> 
     </span>
     <span class='ocr_line' id='line_1_23' title="bbox 656 2453 2965 2538; baseline 0 -19"><span class='ocrx_word' id='word_1_155' title='bbox 656 2453 795 2519; x_wconf 86' lang='lat' dir='ltr'><strong><em>sius</em></strong></span> <span class='ocrx_word' id='word_1_156' title='bbox 840 2454 1056 2538; x_wconf 70' lang='lat' dir='ltr'><strong><em>reyiae</em></strong></span> <span class='ocrx_word' id='word_1_157' title='bbox 1106 2453 1418 2535; x_wconf 86' lang='lat' dir='ltr'><strong><em>civitatis,</em></strong></span> <span class='ocrx_word' id='word_1_158' title='bbox 1479 2453 1538 2520; x_wconf 88' lang='lat' dir='ltr'><strong><em>si</em></strong></span> <span class='ocrx_word' id='word_1_159' title='bbox 1570 2455 1952 2521; x_wconf 63' lang='lat' dir='ltr'><strong><em>‘consentiat</em></strong></span> <span class='ocrx_word' id='word_1_160' title='bbox 2007 2454 2245 2521; x_wconf 86' lang='lat' dir='ltr'><strong><em>litteris</em></strong></span> <span class='ocrx_word' id='word_1_161' title='bbox 2296 2454 2693 2521; x_wconf 78' lang='lat' dir='ltr'><strong><em>sanctissimi</em></strong></span> <span class='ocrx_word' id='word_1_162' title='bbox 2739 2454 2965 2538; x_wconf 80' lang='lat' dir='ltr'><strong><em>Papae</em></strong></span> 
     </span>
     <span class='ocr_line' id='line_1_24' title="bbox 655 2550 2966 2637; baseline 0 -22"><span class='ocrx_word' id='word_1_163' title='bbox 655 2550 930 2616; x_wconf 92' lang='lat' dir='ltr'><strong><em>senioris</em></strong></span> <span class='ocrx_word' id='word_1_164' title='bbox 996 2552 1246 2617; x_wconf 83' lang='lat' dir='ltr'><strong><em>Romae</em></strong></span> <span class='ocrx_word' id='word_1_165' title='bbox 1308 2550 1683 2633; x_wconf 87' lang='lat' dir='ltr'><strong><em>Hadriani,</em></strong></span> <span class='ocrx_word' id='word_1_166' title='bbox 1749 2552 2020 2618; x_wconf 73' lang='lat' dir='ltr'><strong><em>annon?</em></strong></span> <span class='ocrx_word' id='word_1_167' title='bbox 2110 2554 2208 2617; x_wconf 84' lang='lat' dir='ltr'><strong><em>Ex</em></strong></span> <span class='ocrx_word' id='word_1_168' title='bbox 2282 2554 2469 2618; x_wconf 90' lang='lat' dir='ltr'><strong><em>dictis</em></strong></span> <span class='ocrx_word' id='word_1_169' title='bbox 2541 2559 2722 2637; x_wconf 86' lang='lat' dir='ltr'><strong><em>patet</em></strong></span> <span class='ocrx_word' id='word_1_170' title='bbox 2794 2554 2966 2617; x_wconf 86' lang='lat' dir='ltr'><strong><em>hanc</em></strong></span> 
     </span>
     <span class='ocr_line' id='line_1_25' title="bbox 654 2651 2966 2734; baseline 0 -22"><span class='ocrx_word' id='word_1_171' title='bbox 654 2651 1227 2733; x_wconf 87' lang='lat' dir='ltr'><strong><em>interrogationem</em></strong></span> <span class='ocrx_word' id='word_1_172' title='bbox 1275 2672 1416 2714; x_wconf 91' lang='lat' dir='ltr'><strong><em>cum</em></strong></span> <span class='ocrx_word' id='word_1_173' title='bbox 1461 2652 1843 2715; x_wconf 85' lang='lat' dir='ltr'><strong><em>auctoritate</em></strong></span> <span class='ocrx_word' id='word_1_174' title='bbox 1886 2652 2121 2715; x_wconf 84' lang='lat' dir='ltr'><strong><em>factam</em></strong></span> <span class='ocrx_word' id='word_1_175' title='bbox 2171 2651 2393 2727; x_wconf 81' lang='lat' dir='ltr'><strong><em>fuisse,</em></strong></span> <span class='ocrx_word' id='word_1_176' title='bbox 2449 2656 2767 2734; x_wconf 86' lang='lat' dir='ltr'><strong><em>quatenus</em></strong></span> <span class='ocrx_word' id='word_1_177' title='bbox 2819 2672 2966 2714; x_wconf 91' lang='lat' dir='ltr'><strong><em>con-</em></strong></span> 
     </span>
     <span class='ocr_line' id='line_1_26' title="bbox 655 2745 2706 2831; baseline 0 -22"><span class='ocrx_word' id='word_1_178' title='bbox 655 2768 909 2810; x_wconf 89' lang='lat' dir='ltr'><strong><em>sensum</em></strong></span> <span class='ocrx_word' id='word_1_179' title='bbox 955 2751 1030 2810; x_wconf 89' lang='lat' dir='ltr'><strong><em>ut</em></strong></span> <span class='ocrx_word' id='word_1_180' title='bbox 1075 2745 1359 2811; x_wconf 89' lang='lat' dir='ltr'><strong><em>debitum</em></strong></span> <span class='ocrx_word' id='word_1_181' title='bbox 1410 2748 1670 2811; x_wconf 89' lang='lat' dir='ltr'><strong><em>nomine</em></strong></span> <span class='ocrx_word' id='word_1_182' title='bbox 1720 2746 2048 2812; x_wconf 88' lang='lat' dir='ltr'><strong><em>Pontificis</em></strong></span> <span class='ocrx_word' id='word_1_183' title='bbox 2095 2748 2296 2831; x_wconf 85' lang='lat' dir='ltr'><strong><em>legati</em></strong></span> <span class='ocrx_word' id='word_1_184' title='bbox 2343 2747 2706 2831; x_wconf 85' lang='lat' dir='ltr'><strong><em>exigebant.</em></strong></span> 
     </span>
    </p>
   </div>
   <div class='ocr_carea' id='block_1_6' title="bbox 649 2893 2968 4233">
    <p class='ocr_par' dir='ltr' id='par_1_6' title="bbox 649 2893 2968 4233">
     <span class='ocr_line' id='line_1_27' title="bbox 831 2893 2965 2959; baseline -0.001 0"><span class='ocrx_word' id='word_1_185' title='bbox 831 2897 931 2959; x_wconf 85' lang='lat'><strong><em>61.</em></strong></span> <span class='ocrx_word' id='word_1_186' title='bbox 985 2894 1377 2959; x_wconf 84' lang='lat' dir='ltr'><strong><em>Consensum</em></strong></span> <span class='ocrx_word' id='word_1_187' title='bbox 1426 2915 1611 2956; x_wconf 88' lang='lat' dir='ltr'><strong><em>suum</em></strong></span> <span class='ocrx_word' id='word_1_188' title='bbox 1646 2893 1793 2957; x_wconf 89' lang='lat' dir='ltr'><strong><em>dein</em></strong></span> <span class='ocrx_word' id='word_1_189' title='bbox 1827 2893 2125 2957; x_wconf 87' lang='lat' dir='ltr'><strong><em>Tarasius</em></strong></span> <span class='ocrx_word' id='word_1_190' title='bbox 2173 2894 2455 2958; x_wconf 88' lang='lat' dir='ltr'><strong><em>declarat</em></strong></span> <span class='ocrx_word' id='word_1_191' title='bbox 2500 2894 2674 2957; x_wconf 90' lang='lat' dir='ltr'><strong><em>hisce</em></strong></span> <span class='ocrx_word' id='word_1_192' title='bbox 2722 2893 2965 2957; x_wconf 85' lang='lat' dir='ltr'><strong><em>verbis:</em></strong></span> 
     </span>
     <span class='ocr_line' id='line_1_28' title="bbox 655 2986 2966 3071; baseline -0.001 -15"><span class='ocrx_word' id='word_1_193' title='bbox 655 2989 1159 3056; x_wconf 78' lang='lat' dir='ltr'><strong><em>Sacratissimus</em></strong></span> <span class='ocrx_word' id='word_1_194' title='bbox 1212 2986 1471 3055; x_wconf 81' lang='lat' dir='ltr'><strong><em>Paulus</em></strong></span> <span class='ocrx_word' id='word_1_195' title='bbox 1527 2988 1903 3070; x_wconf 84' lang='lat' dir='ltr'><strong><em>Apostolus,</em></strong></span> <span class='ocrx_word' id='word_1_196' title='bbox 1966 2988 2081 3071; x_wconf 80' lang='lat' dir='ltr'><strong><em>qui</em></strong></span> <span class='ocrx_word' id='word_1_197' title='bbox 2134 2988 2510 3054; x_wconf 87' lang='lat' dir='ltr'><strong><em>illustratus</em></strong></span> <span class='ocrx_word' id='word_1_198' title='bbox 2564 2994 2657 3053; x_wconf 88' lang='lat' dir='ltr'><strong><em>est</em></strong></span> <span class='ocrx_word' id='word_1_199' title='bbox 2720 2988 2966 3054; x_wconf 88' lang='lat' dir='ltr'><strong><em>lumine</em></strong></span> 
     </span>
     <span class='ocr_line' id='line_1_29' title="bbox 659 3084 2964 3170; baseline -0.001 -18"><span class='ocrx_word' id='word_1_200' title='bbox 659 3085 917 3153; x_wconf 81' lang='lat' dir='ltr'><strong><em>Christi</em></strong></span> <span class='ocrx_word' id='word_1_201' title='bbox 973 3091 1032 3151; x_wconf 90' lang='lat' dir='ltr'><strong><em>et</em></strong></span> <span class='ocrx_word' id='word_1_202' title='bbox 1082 3084 1313 3170; x_wconf 59' lang='lat' dir='ltr'><strong><em>genuit</em></strong></span> <span class='ocrx_word' id='word_1_203' title='bbox 1374 3106 1491 3151; x_wconf 91' lang='lat' dir='ltr'><strong><em>nos</em></strong></span> <span class='ocrx_word' id='word_1_204' title='bbox 1540 3106 1664 3168; x_wconf 91' lang='lat' dir='ltr'><strong><em>per</em></strong></span> <span class='ocrx_word' id='word_1_205' title='bbox 1717 3085 2180 3168; x_wconf 73' lang='lat' dir='ltr'><strong><em>Evanyelium,</em></strong></span> <span class='ocrx_word' id='word_1_206' title='bbox 2235 3106 2379 3151; x_wconf 88' lang='lat' dir='ltr'><strong><em>cum</em></strong></span> <span class='ocrx_word' id='word_1_207' title='bbox 2430 3085 2754 3151; x_wconf 87' lang='lat' dir='ltr'><strong><em>Romanis</em></strong></span> <span class='ocrx_word' id='word_1_208' title='bbox 2805 3084 2964 3150; x_wconf 88' lang='lat' dir='ltr'><strong><em>scri·</em></strong></span> 
     </span>
     <span class='ocr_line' id='line_1_30' title="bbox 657 3181 2966 3265; baseline -0.001 -15"><span class='ocrx_word' id='word_1_209' title='bbox 657 3185 852 3260; x_wconf 92' lang='lat' dir='ltr'><strong><em>beret,</em></strong></span> <span class='ocrx_word' id='word_1_210' title='bbox 931 3182 1300 3265; x_wconf 86' lang='lat' dir='ltr'><strong><em>approbans</em></strong></span> <span class='ocrx_word' id='word_1_211' title='bbox 1372 3182 1664 3247; x_wconf 89' lang='lat' dir='ltr'><strong><em>studium</em></strong></span> <span class='ocrx_word' id='word_1_212' title='bbox 1730 3182 2019 3247; x_wconf 75' lang='lat' dir='ltr'><strong><em>sincerae</em></strong></span> <span class='ocrx_word' id='word_1_213' title='bbox 2082 3181 2234 3263; x_wconf 80' lang='lat' dir='ltr'><strong><em>fidei</em></strong></span> <span class='ocrx_word' id='word_1_214' title='bbox 2301 3204 2554 3262; x_wconf 89' lang='lat' dir='ltr'><strong><em>eorum,</em></strong></span> <span class='ocrx_word' id='word_1_215' title='bbox 2626 3202 2821 3263; x_wconf 81' lang='lat' dir='ltr'><strong><em>quam</em></strong></span> <span class='ocrx_word' id='word_1_216' title='bbox 2888 3181 2966 3247; x_wconf 92' lang='lat' dir='ltr'><strong><em>in</em></strong></span> 
     </span>
     <span class='ocr_line' id='line_1_31' title="bbox 661 3277 2964 3358; baseline -0.001 -11"><span class='ocrx_word' id='word_1_217' title='bbox 661 3280 1003 3347; x_wconf 82' lang='lat' dir='ltr'><strong><em>Christum</em></strong></span> <span class='ocrx_word' id='word_1_218' title='bbox 1048 3300 1269 3344; x_wconf 76' lang='lat' dir='ltr'><strong><em>verum</em></strong></span> <span class='ocrx_word' id='word_1_219' title='bbox 1321 3279 1538 3344; x_wconf 85' lang='lat' dir='ltr'><strong><em>Deum</em></strong></span> <span class='ocrx_word' id='word_1_220' title='bbox 1592 3277 1940 3358; x_wconf 83' lang='lat' dir='ltr'><strong><em>habebant,</em></strong></span> <span class='ocrx_word' id='word_1_221' title='bbox 2002 3279 2094 3345; x_wconf 90' lang='lat' dir='ltr'><strong><em>sic</em></strong></span> <span class='ocrx_word' id='word_1_222' title='bbox 2139 3279 2271 3345; x_wconf 88' lang='lat' dir='ltr'><strong><em>ait:</em></strong></span> <span class='ocrx_word' id='word_1_223' title='bbox 2329 3278 2527 3344; x_wconf 83' lang='lat' dir='ltr'><strong><em>Fides</em></strong></span> <span class='ocrx_word' id='word_1_224' title='bbox 2584 3284 2800 3344; x_wconf 89' lang='lat' dir='ltr'><strong><em>vestra</em></strong></span> <span class='ocrx_word' id='word_1_225' title='bbox 2846 3299 2964 3344; x_wconf 89' lang='lat' dir='ltr'><strong><em>an·</em></strong></span> 
     </span>
     <span class='ocr_line' id='line_1_32' title="bbox 655 3374 2967 3458; baseline -0.001 -16"><span class='ocrx_word' id='word_1_226' title='bbox 655 3376 1011 3443; x_wconf 87' lang='lat' dir='ltr'><strong><em>nuntiatur</em></strong></span> <span class='ocrx_word' id='word_1_227' title='bbox 1054 3376 1129 3440; x_wconf 88' lang='lat' dir='ltr'><strong><em>in.</em></strong></span> <span class='ocrx_word' id='word_1_228' title='bbox 1175 3376 1477 3441; x_wconf 89' lang='lat' dir='ltr'><strong><em>universo</em></strong></span> <span class='ocrx_word' id='word_1_229' title='bbox 1530 3375 1786 3441; x_wconf 77' lang='lat' dir='ltr'><strong><em>mundo,</em></strong></span> <span class='ocrx_word' id='word_1_230' title='bbox 1864 3376 2006 3441; x_wconf 91' lang='lat' dir='ltr'><strong><em>Hoc</em></strong></span> <span class='ocrx_word' id='word_1_231' title='bbox 2052 3376 2493 3442; x_wconf 89' lang='lat' dir='ltr'><strong><em>testimonium</em></strong></span> <span class='ocrx_word' id='word_1_232' title='bbox 2530 3374 2712 3458; x_wconf 78' lang='lat' dir='ltr'><strong><em>sequi</em></strong></span> <span class='ocrx_word' id='word_1_233' title='bbox 2752 3396 2967 3441; x_wconf 88' lang='lat' dir='ltr'><strong><em>neces-</em></strong></span> 
     </span>
     <span class='ocr_line' id='line_1_33' title="bbox 657 3471 2964 3557; baseline -0.001 -18"><span class='ocrx_word' id='word_1_234' title='bbox 657 3473 910 3539; x_wconf 88' lang='lat' dir='ltr'><strong><em>sarium</em></strong></span> <span class='ocrx_word' id='word_1_235' title='bbox 966 3477 1083 3552; x_wconf 90' lang='lat' dir='ltr'><strong><em>est,</em></strong></span> <span class='ocrx_word' id='word_1_236' title='bbox 1150 3477 1210 3537; x_wconf 91' lang='lat' dir='ltr'><strong><em>et</em></strong></span> <span class='ocrx_word' id='word_1_237' title='bbox 1270 3472 1632 3538; x_wconf 80' lang='lat' dir='ltr'><strong><em>inconsulte</em></strong></span> <span class='ocrx_word' id='word_1_238' title='bbox 1694 3472 1860 3557; x_wconf 69' lang='lat' dir='ltr'><strong><em>aqit,</em></strong></span> <span class='ocrx_word' id='word_1_239' title='bbox 1927 3472 2041 3555; x_wconf 80' lang='lat' dir='ltr'><strong><em>qui</em></strong></span> <span class='ocrx_word' id='word_1_240' title='bbox 2102 3471 2255 3538; x_wconf 82' lang='lat' dir='ltr'><strong><em>huic</em></strong></span> <span class='ocrx_word' id='word_1_241' title='bbox 2314 3476 2591 3538; x_wconf 89' lang='lat' dir='ltr'><strong><em>conatur</em></strong></span> <span class='ocrx_word' id='word_1_242' title='bbox 2651 3472 2964 3537; x_wconf 89' lang='lat' dir='ltr'><strong><em>resistere.</em></strong></span> 
     </span>
     <span class='ocr_line' id='line_1_34' title="bbox 673 3568 2964 3652; baseline -0.001 -16"><span class='ocrx_word' id='word_1_243' title='bbox 673 3570 849 3637; x_wconf 84' lang='lat' dir='ltr'><strong><em>Unde</em></strong></span> <span class='ocrx_word' id='word_1_244' title='bbox 894 3570 1289 3635; x_wconf 88' lang='lat' dir='ltr'><strong><em>Hadrianus</em></strong></span> <span class='ocrx_word' id='word_1_245' title='bbox 1334 3591 1335 3596; x_wconf 46' lang='lat'>¹</span> <span class='ocrx_word' id='word_1_246' title='bbox 1339 3569 1609 3651; x_wconf 87' lang='lat' dir='ltr'><strong><em>praesul</em></strong></span> <span class='ocrx_word' id='word_1_247' title='bbox 1666 3568 1942 3635; x_wconf 90' lang='lat' dir='ltr'><strong><em>senioris</em></strong></span> <span class='ocrx_word' id='word_1_248' title='bbox 1999 3568 2271 3648; x_wconf 84' lang='lat' dir='ltr'><strong><em>Romae,</em></strong></span> <span class='ocrx_word' id='word_1_249' title='bbox 2334 3590 2479 3635; x_wconf 88' lang='lat' dir='ltr'><strong><em>cum</em></strong></span> <span class='ocrx_word' id='word_1_250' title='bbox 2536 3573 2696 3634; x_wconf 91' lang='lat' dir='ltr'><strong><em>esset</em></strong></span> <span class='ocrx_word' id='word_1_251' title='bbox 2749 3570 2964 3652; x_wconf 91' lang='lat' dir='ltr'><strong><em>parti·</em></strong></span> 
     </span>
     <span class='ocr_line' id='line_1_35' title="bbox 659 3664 2964 3750; baseline -0.001 -17"><span class='ocrx_word' id='word_1_252' title='bbox 659 3689 799 3750; x_wconf 91' lang='lat' dir='ltr'><strong><em>ceps</em></strong></span> <span class='ocrx_word' id='word_1_253' title='bbox 845 3688 1066 3732; x_wconf 73' lang='lat' dir='ltr'><strong><em>eorum</em></strong></span> <span class='ocrx_word' id='word_1_254' title='bbox 1115 3665 1228 3749; x_wconf 78' lang='lat' dir='ltr'><strong><em>qui</em></strong></span> <span class='ocrx_word' id='word_1_255' title='bbox 1261 3664 1594 3748; x_wconf 89' lang='lat' dir='ltr'><strong><em>praedicto</em></strong></span> <span class='ocrx_word' id='word_1_256' title='bbox 1634 3665 1999 3730; x_wconf 88' lang='lat' dir='ltr'><strong><em>testimonio</em></strong></span> <span class='ocrx_word' id='word_1_257' title='bbox 2042 3664 2297 3729; x_wconf 91' lang='lat' dir='ltr'><strong><em>muniri</em></strong></span> <span class='ocrx_word' id='word_1_258' title='bbox 2343 3671 2749 3746; x_wconf 90' lang='lat' dir='ltr'><strong><em>meruerunt,</em></strong></span> <span class='ocrx_word' id='word_1_259' title='bbox 2806 3665 2964 3730; x_wconf 87' lang='lat' dir='ltr'><strong><em>scri·</em></strong></span> 
     </span>
     <span class='ocr_line' id='line_1_36' title="bbox 649 3760 2966 3847; baseline -0.001 -18"><span class='ocrx_word' id='word_1_260' title='bbox 649 3765 789 3847; x_wconf 88' lang='lat' dir='ltr'><strong><em>psit</em></strong></span> <span class='ocrx_word' id='word_1_261' title='bbox 835 3784 1129 3846; x_wconf 81' lang='lat' dir='ltr'><strong><em>expresse</em></strong></span> <span class='ocrx_word' id='word_1_262' title='bbox 1185 3783 1260 3827; x_wconf 90' lang='lat' dir='ltr'><strong><em>ac</em></strong></span> <span class='ocrx_word' id='word_1_263' title='bbox 1318 3763 1634 3826; x_wconf 89' lang='lat' dir='ltr'><strong><em>veraciter</em></strong></span> <span class='ocrx_word' id='word_1_264' title='bbox 1683 3761 1823 3846; x_wconf 89' lang='lat' dir='ltr'><strong><em>piis</em></strong></span> <span class='ocrx_word' id='word_1_265' title='bbox 1868 3760 2385 3844; x_wconf 86' lang='lat' dir='ltr'><strong><em>Imperatoribus</em></strong></span> <span class='ocrx_word' id='word_1_266' title='bbox 2444 3762 2713 3843; x_wconf 91' lang='lat' dir='ltr'><strong><em>nostris,</em></strong></span> <span class='ocrx_word' id='word_1_267' title='bbox 2773 3766 2966 3843; x_wconf 79' lang='lat' dir='ltr'><strong><em>atque</em></strong></span> 
     </span>
     <span class='ocr_line' id='line_1_37' title="bbox 658 3856 2968 3940; baseline -0.001 -15"><span class='ocrx_word' id='word_1_268' title='bbox 658 3861 757 3926; x_wconf 83' lang='lat' dir='ltr'><strong><em>ad-</em></strong></span> <span class='ocrx_word' id='word_1_269' title='bbox 784 3859 1217 3925; x_wconf 84' lang='lat' dir='ltr'><strong><em>humilitatem</em></strong></span> <span class='ocrx_word' id='word_1_270' title='bbox 1251 3863 1577 3937; x_wconf 75' lang='lat' dir='ltr'><strong><em>nostram,</em></strong></span> <span class='ocrx_word' id='word_1_271' title='bbox 1610 3859 1975 3940; x_wconf 77' lang='lat' dir='ltr'><strong><em>affirmans,</em></strong></span> <span class='ocrx_word' id='word_1_272' title='bbox 2025 3856 2175 3922; x_wconf 91' lang='lat' dir='ltr'><strong><em>bene</em></strong></span> <span class='ocrx_word' id='word_1_273' title='bbox 2224 3878 2300 3922; x_wconf 90' lang='lat' dir='ltr'><strong><em>ac</em></strong></span> <span class='ocrx_word' id='word_1_274' title='bbox 2345 3858 2579 3940; x_wconf 87' lang='lat' dir='ltr'><strong><em>optime</em></strong></span> <span class='ocrx_word' id='word_1_275' title='bbox 2624 3879 2689 3923; x_wconf 92' lang='lat' dir='ltr'><strong><em>se</em></strong></span> <span class='ocrx_word' id='word_1_276' title='bbox 2733 3857 2968 3923; x_wconf 82' lang='lat' dir='ltr'><strong><em>habere</em></strong></span> 
     </span>
     <span class='ocr_line' id='line_1_38' title="bbox 659 3953 2966 4039; baseline -0.002 -17"><span class='ocrx_word' id='word_1_277' title='bbox 659 3957 1001 4039; x_wconf 78' lang='lat' dir='ltr'><strong><em>antiquam</em></strong></span> <span class='ocrx_word' id='word_1_278' title='bbox 1049 3954 1466 4022; x_wconf 89' lang='lat' dir='ltr'><strong><em>traditionem</em></strong></span> <span class='ocrx_word' id='word_1_279' title='bbox 1514 3954 1841 4019; x_wconf 84' lang='lat' dir='ltr'><strong><em>Ecclesiae</em></strong></span> <span class='ocrx_word' id='word_1_280' title='bbox 1886 3953 2249 4019; x_wconf 81' lang='lat' dir='ltr'><strong><em>catholicae.</em></strong></span> <span class='ocrx_word' id='word_1_281' title='bbox 2340 3953 2513 4019; x_wconf 90' lang='lat' dir='ltr'><strong><em>Nam</em></strong></span> <span class='ocrx_word' id='word_1_282' title='bbox 2568 3958 2629 4019; x_wconf 91' lang='lat' dir='ltr'><strong><em>et</em></strong></span> <span class='ocrx_word' id='word_1_283' title='bbox 2671 3953 2803 4038; x_wconf 90' lang='lat' dir='ltr'><strong><em>ipsi</em></strong></span> <span class='ocrx_word' id='word_1_284' title='bbox 2847 3974 2966 4018; x_wconf 90' lang='lat' dir='ltr'><strong><em>nos</em></strong></span> 
     </span>
     <span class='ocr_line' id='line_1_39' title="bbox 659 4049 2964 4135; baseline -0.002 -16"><span class='ocrx_word' id='word_1_285' title='bbox 659 4054 1010 4119; x_wconf 88' lang='lat' dir='ltr'><strong><em>scrutando</em></strong></span> <span class='ocrx_word' id='word_1_286' title='bbox 1075 4053 1455 4135; x_wconf 82' lang='lat' dir='ltr'><strong><em>Scripturas</em></strong></span> <span class='ocrx_word' id='word_1_287' title='bbox 1518 4055 1580 4115; x_wconf 88' lang='lat' dir='ltr'><strong><em>et</em></strong></span> <span class='ocrx_word' id='word_1_288' title='bbox 1643 4050 2028 4135; x_wconf 73' lang='lat' dir='ltr'><strong><em>sylloyistice</em></strong></span> <span class='ocrx_word' id='word_1_289' title='bbox 2091 4049 2506 4133; x_wconf 89' lang='lat' dir='ltr'><strong><em>approbando</em></strong></span> <span class='ocrx_word' id='word_1_290' title='bbox 2568 4050 2799 4115; x_wconf 89' lang='lat' dir='ltr'><strong><em>rimati</em></strong></span> <span class='ocrx_word' id='word_1_291' title='bbox 2856 4070 2964 4115; x_wconf 87' lang='lat' dir='ltr'><strong><em>su-</em></strong></span> 
     </span>
     <span class='ocr_line' id='line_1_40' title="bbox 659 4145 2964 4233; baseline -0.003 -17"><span class='ocrx_word' id='word_1_292' title='bbox 659 4171 840 4231; x_wconf 85' lang='lat' dir='ltr'><strong><em>mus,·</em></strong></span> <span class='ocrx_word' id='word_1_293' title='bbox 911 4151 1002 4215; x_wconf 88' lang='lat' dir='ltr'><strong><em>sic</em></strong></span> <span class='ocrx_word' id='word_1_294' title='bbox 1063 4150 1231 4233; x_wconf 78' lang='lat' dir='ltr'><strong><em>quod</em></strong></span> <span class='ocrx_word' id='word_1_295' title='bbox 1290 4148 1564 4231; x_wconf 83' lang='lat' dir='ltr'><strong><em>confessi</em></strong></span> <span class='ocrx_word' id='word_1_296' title='bbox 1623 4168 1879 4226; x_wconf 88' lang='lat' dir='ltr'><strong><em>sumus,</em></strong></span> <span class='ocrx_word' id='word_1_297' title='bbox 1944 4145 2320 4228; x_wconf 77' lang='lat' dir='ltr'><strong><em>confitemur</em></strong></span> <span class='ocrx_word' id='word_1_298' title='bbox 2382 4151 2443 4211; x_wconf 93' lang='lat' dir='ltr'><strong><em>et</em></strong></span> <span class='ocrx_word' id='word_1_299' title='bbox 2503 4145 2964 4227; x_wconf 88' lang='lat' dir='ltr'><strong><em>confitebimur,</em></strong></span> 
     </span>
    </p>
   </div>
  </div>
 </body>
</html>
