3270 5028
851 431 1252 497 Expenduntur
1292 430 1669 484 accusationes
1706 431 1764 482 in
1799 431 1956 484 Rom.
1993 429 2304 484 Pontifices
2579 434 2681 484 157

360 572 703 649 laudanda.
794 570 1033 636 Parum
1082 572 1397 635 Pontifice
1443 571 1673 655 dignas
1720 571 1917 635 videri
1967 571 2110 635 illas
2155 572 2484 655 epistolaS‚
2544 573 2682 655 qui·

368 663 489 726 bus
535 663 741 725 abusu
799 660 1074 752 quodam
1120 661 1278 722 artis
1337 659 1693 723 rhetoricae
1739 665 1806 723 et
1861 660 2425 743 interpretationis
2489 661 2682 723 auda-

360 759 458 822 cis
506 757 808 840 Pipinum
868 778 1122 820 movere
1176 756 1462 831 studeat,
1519 760 1717 839 atque
1774 777 1893 819 nec
1952 757 2343 821 adulationis
2393 778 2512 821 nec
2566 758 2684 820 mi-

371 877 601 919 narum
659 874 903 937 poenae
965 853 1223 924 futurae
1271 852 1551 915 subsidia
1596 859 1890 934 spernat,
1951 862 2024 916 ut
2085 873 2299 936 regem
2358 850 2435 915 ad
2499 875 2683 936 prae-

361 952 532 1015 sidia
572 949 954 1034 praestanda
1002 950 1293 1014 adducat.
1386 948 1654 1012 Nullum
1702 947 2033 1031 Stephano
2080 950 2276 1013 fuisse
2314 950 2482 1033 juris
2529 951 2684 1014 titu-

370 1050 536 1125 lum,
593 1069 720 1130 quo
781 1045 1194 1110 exarchatum
1255 1046 1377 1109 sibi
1426 1045 1754 1109 vindicare
1815 1046 2127 1128 potuerit,
2192 1056 2259 1108 at
2322 1047 2684 1130 legitimum

356 1148 474 1229 jus
536 1165 734 1226 penes
790 1144 1255 1225 Imperatorem
1318 1143 1546 1219 fuisse,
1619 1146 1695 1205 ut
1753 1142 1878 1206 sibi
1944 1143 2273 1225 provincia
2332 1143 2442 1207 illa
2508 1145 2687 1207 resti-

366 1244 694 1317 tueretur,
757 1261 998 1322 suaque
1058 1239 1493 1321 postulatione
1542 1240 1717 1303 hunc
1771 1238 1930 1302 satis
1984 1239 2367 1314 ostendisse,
2436 1262 2504 1304 se
2557 1241 2687 1324 juri

367 1359 490 1402 suo
536 1358 670 1400 11011
716 1337 1110 1400 renuntiare.
1205 1335 1514 1418 Adeoque
1562 1358 1709 1399 cum
1762 1336 2005 1419 regulis
2058 1357 2305 1398 morum
2355 1335 2686 1400 Pontificis

370 1438 515 1498 acta
575 1454 710 1497 11011
776 1433 1146 1508 convenire,
1212 1454 1287 1495 eo
1333 1433 1433 1494 vel
1487 1434 1733 1507 minus,
1797 1432 1969 1514 quod
2030 1433 2084 1495 is
2149 1432 2407 1496 fictione
2470 1433 2687 1496 dolosa

366 1530 560 1594 initio
602 1550 670 1592 se
713 1532 967 1613 gereret
1015 1532 1090 1591 ut
1138 1528 1555 1592 mediatorem
1609 1530 1783 1593 inter
1828 1529 2287 1612 Imperatorem
2331 1533 2397 1593 et
2439 1528 2685 1593 Aistul-

369 1626 573 1709 phum
621 1624 1196 1708 Longobardorum
1243 1621 1534 1708 regem.¹)
1634 1619 1641 1625 ’

550 1776 654 1839 82.
729 1774 967 1837 Rerum
1038 1773 1439 1856 expositione
1508 1773 1665 1836 haec
1733 1775 2014 1837 maxima
2084 1777 2288 1856 parte'
2324 1775 2462 1856 jam
2530 1777 2686 1836 sunt
2720 1787 2992 1830 Vindioatur.

366 1881 855 1956 praeoccupata.
973 1869 1152 1945 Quod
1222 1870 1562 1932 durissima
1630 1871 2015 1934 necessitate
2086 1869 2348 1933 adactus
2414 1867 2685 1951 Stepha-

371 1990 496 2032 nus
558 1966 1113 2051 praedecessorum
1178 1967 1448 2049 vestigia
1512 1988 1807 2048 premens
1874 1965 1954 2029 ad
2013 1987 2228 2049 regem
2291 1963 2688 2029 Francorum

362 2087 441 2129 se
487 2065 782 2145 verterit,
844 2064 1128 2145 profecto
1175 2064 1405 2126 merito
1459 2063 1677 2146 potius
1734 2064 1791 2125 ei
1838 2063 2251 2139 vertendum,
2308 2084 2503 2144 quam
2560 2063 2687 2124 cul-

369 2183 510 2245 pae.
622 2160 816 2223 Haud
884 2181 1034 2222 vero
1103 2163 1398 2242 apparet,
1470 2157 1866 2241 Stephanum
1936 2159 2084 2231 inde
2154 2158 2235 2221 ab
2301 2158 2491 2221 initio
2549 2148 2687 2241 jam

365 2255 706 2321 definitivo
765 2254 950 2319 modo
1007 2257 1307 2320 statuisse
1359 2256 1573 2318 animo
1621 2278 1765 2333 suc,
1825 2279 1951 2340 qua
2002 2255 2255 2319 ratione
2311 2254 2541 2318 exinde
2587 2276 2687 2318 res

374 2352 804 2437 disponendae
861 2358 1095 2416 essent.
1199 2351 1386 2415 Unde
1443 2352 1842 2416 simulationi
1898 2353 2278 2435 neutiquam
2332 2350 2688 2414 adscriben-

360 2451 555 2529 dum,
613 2452 666 2513 si
724 2448 1073 2532 aliquando
1118 2449 1529 2512 mediatorem
1579 2449 1779 2512 veluti
1835 2471 2023 2534 agere
2067 2453 2333 2512 conatus
2374 2455 2470 2511 est
2516 2448 2690 2511 inter

364 2546 836 2630 ‘Imperatorem
899 2551 965 2609 et
1021 2568 1237 2630 regem
1284 2545 1878 2629 Longobardorum.
1972 2547 2179 2623 Quum
2234 2544 2546 2630 ejusmodi
2593 2567 2689 2610 co-

375 2648 603 2720 natus,
667 2645 835 2727 quod
892 2644 1024 2706 fere
1087 2643 1440 2726 praevideri
1496 2646 1778 2725 poterat,
1844 2644 2008 2706 irriti
2065 2644 2373 2721 fuissent,
2435 2647 2498 2706 et
2554 2640 2689 2705 Ste-

370 2740 592 2823 phano
642 2742 781 2824 jam
826 2742 897 2803 in
947 2739 1222 2803 Galliam
1279 2740 1566 2822 profecto
1625 2740 1910 2822 expetita
1968 2740 2209 2803 auxilia
2257 2739 2526 2821 Pipinus
2575 2760 2686 2801 rex

360 2837 941 2901 christianissimus
999 2839 1412 2920 promitteret
1467 2842 1663 2919 atque
1725 2835 2013 2899 offerret:
2084 2836 2314 2900 merito
2378 2836 2685 2900 Pontifex

361 2937 442 2996 et
506 2955 619 2996 rex
681 2934 857 2996 inter
920 2956 987 2997 se
1051 2936 1523 3014 convenerunt,
1585 2938 1660 2996 ut
1716 2936 1890 3016 justo
1955 2933 2124 2996 bello
2188 2937 2479 3015 suscepto
2538 2932 2687 2995 talis

375 3051 589 3093 rerum
664 3034 873 3093 status
948 3030 1425 3112 disponeretur,
1508 3051 1585 3091 ex
1664 3051 1787 3112 11110
1866 3029 2104 3092 efficaci
2177 3028 2362 3091 modo
2439 3027 2687 3091 stabilis

362 3126 560 3208 01110,
624 3130 688 3189 et
746 3125 975 3190 Italiae
1033 3131 1227 3208 atque
1287 3125 1612 3189 Ecclesiae
1667 3126 1975 3189 securitas
2034 3126 2455 3189 obtineretur.
2555 3123 2688 3186 Ste-

377 3223 664 3305 phanum
710 3245 861 3285 vero
920 3221 1089 3286 haud
1147 3222 1498 3285 ambitione
1553 3229 1618 3285 et
1665 3221 2037 3285 dominandi
2096 3220 2391 3304 cupidine
2438 3224 2686 3284 motum

378 3320 604 3397 fuisse,
667 3319 816 3382 inde
879 3323 1170 3402 apparet,
1239 3318 1408 3400 quod
1473 3340 1509 3380 a
1565 3317 1898 3401 sanguinis
1962 3318 2272 3381 effusione
2334 3317 2687 3381 abhorrens

364 3415 681 3499 Pipinum
732 3416 808 3478 ad
857 3437 1076 3498 pacem
1117 3414 1397 3489 induxit,
1453 3415 1844 3496 simulatque
1896 3413 2141 3491 devicto
2187 3413 2530 3497 Aistulpho
2578 3415 2688 3477 ali·

360 3534 504 3595 ‹qua
571 3534 713 3595 spes
780 3512 1160 3594 affulgebat,
1227 3510 1444 3593 aequis
1513 3510 1982 3574 conditionibus
2054 3511 2344 3574 ordinem
2411 3510 2688 3574 stabiliri

375 3630 584 3692 posse,
662 3609 785 3673 etsi
862 3629 940 3671 ex
1012 3613 1195 3691 parte
1273 3611 1533 3671 tantum
1607 3628 1832 3689 scopus
1907 3610 2271 3690 propositus
2336 3613 2507 3672 esset
2575 3607 2685 3671 ob-

360 3710 615 3770 tentus,

552 3856 655 3920 83.
716 3854 1046 3937 Epistolae
1110 3875 1297 3936 porro
1358 3851 1669 3934 Stephani
1733 3853 1967 3935 quibus
2024 3854 2213 3936 paulo
2268 3856 2411 3936 post
2475 3854 2684 3917 denuo

374 3951 548 4032 regis
611 3951 927 4034 praesidia
988 3952 1205 4033 petiit,
1275 3971 1348 4013 eo
1413 3948 1565 4012 stilo
1629 3950 2026 4032 conscriptae
2088 3953 2273 4028 sunt,
2354 3951 2463 4035 qui
2531 3954 2687 4034 tem·

560 4157 600 4220 ¹)
638 4157 697 4209 L.
738 4174 781 4210 c.
810 4156 906 4208 VI.
944 4171 995 4221 p.
1034 4159 1137 4208 249
1176 4171 1290 4221 sqq.
