<?xml version="1.0" encoding="UTF-8"?>
<!DOCTYPE html PUBLIC "-//W3C//DTD XHTML 1.0 Transitional//EN"
    "http://www.w3.org/TR/xhtml1/DTD/xhtml1-transitional.dtd">
<html xmlns="http://www.w3.org/1999/xhtml" xml:lang="en" lang="en">
 <head>
  <title>
</title>
<meta http-equiv="Content-Type" content="text/html;charset=utf-8" />
  <meta name='ocr-system' content='tesseract 3.04.00' />
  <meta name='ocr-capabilities' content='ocr_page ocr_carea ocr_par ocr_line ocrx_word'/>
</head>
<body>
  <div class='ocr_page' id='page_1' title='image "./dissertationess04junggoog_0031.png"; bbox 0 0 3270 5028; ppageno 0'>
   <div class='ocr_carea' id='block_1_1' title="bbox 1039 450 2646 519">
    <p class='ocr_par' dir='ltr' id='par_1_1' title="bbox 1039 450 2646 519">
     <span class='ocr_line' id='line_1_1' title="bbox 1039 450 2646 519; baseline 0.001 -16"><span class='ocrx_word' id='word_1_1' title='bbox 1039 450 1295 519; x_wconf 83' lang='lat' dir='ltr'>Gregorii</span> <span class='ocrx_word' id='word_1_2' title='bbox 1332 452 1408 505; x_wconf 91' lang='lat' dir='ltr'>II.</span> <span class='ocrx_word' id='word_1_3' title='bbox 1445 451 1512 504; x_wconf 86' lang='lat' dir='ltr'>R.</span> <span class='ocrx_word' id='word_1_4' title='bbox 1548 452 1611 505; x_wconf 91' lang='lat' dir='ltr'>P.</span> <span class='ocrx_word' id='word_1_5' title='bbox 1650 451 1934 518; x_wconf 84' lang='lat' dir='ltr'>epistolae.</span> <span class='ocrx_word' id='word_1_6' title='bbox 2577 453 2646 505; x_wconf 78' lang='lat'>25</span> 
     </span>
    </p>
   </div>
   <div class='ocr_carea' id='block_1_2' title="bbox 303 592 2654 3863">
    <p class='ocr_par' dir='ltr' id='par_1_2' title="bbox 303 592 2654 3863">
     <span class='ocr_line' id='line_1_2' title="bbox 336 592 2647 676; baseline 0.001 -21"><span class='ocrx_word' id='word_1_7' title='bbox 336 592 574 656; x_wconf 84' lang='lat' dir='ltr'>cidavit</span> <span class='ocrx_word' id='word_1_8' title='bbox 637 592 740 656; x_wconf 93' lang='lat' dir='ltr'>Ill.</span> <span class='ocrx_word' id='word_1_9' title='bbox 810 592 1040 656; x_wconf 89' lang='lat' dir='ltr'>Hefele</span> <span class='ocrx_word' id='word_1_10' title='bbox 1111 592 1491 670; x_wconf 77' lang='lat' dir='ltr'>ostendens,</span> <span class='ocrx_word' id='word_1_11' title='bbox 1567 615 1791 657; x_wconf 82' lang='lat' dir='ltr'>versus</span> <span class='ocrx_word' id='word_1_12' title='bbox 1861 615 2104 657; x_wconf 87' lang='lat' dir='ltr'>annum</span> <span class='ocrx_word' id='word_1_13' title='bbox 2177 592 2299 655; x_wconf 87' lang='grc'>727</span> <span class='ocrx_word' id='word_1_14' title='bbox 2377 594 2647 676; x_wconf 81' lang='lat' dir='ltr'>primam</span> 
     </span>
     <span class='ocr_line' id='line_1_3' title="bbox 339 688 2648 773; baseline 0 -20"><span class='ocrx_word' id='word_1_15' title='bbox 339 688 672 771; x_wconf 87' lang='lat' dir='ltr'>epistolam</span> <span class='ocrx_word' id='word_1_16' title='bbox 739 691 1040 772; x_wconf 75' lang='lat' dir='ltr'>scriptam</span> <span class='ocrx_word' id='word_1_17' title='bbox 1109 711 1268 753; x_wconf 88' lang='lat' dir='ltr'>esse.</span> <span class='ocrx_word' id='word_1_18' title='bbox 1351 725 1443 755; x_wconf 16' lang='lat' dir='ltr'>-—ff</span> <span class='ocrx_word' id='word_1_19' title='bbox 1507 688 1890 754; x_wconf 77' lang='lat' dir='ltr'>Praesertim</span> <span class='ocrx_word' id='word_1_20' title='bbox 1949 711 2027 753; x_wconf 86' lang='lat' dir='ltr'>ex</span> <span class='ocrx_word' id='word_1_21' title='bbox 2087 689 2273 754; x_wconf 90' lang='lat' dir='ltr'>initio</span> <span class='ocrx_word' id='word_1_22' title='bbox 2342 691 2648 773; x_wconf 87' lang='lat' dir='ltr'>epistolae</span> 
     </span>
     <span class='ocr_line' id='line_1_4' title="bbox 338 785 2650 868; baseline 0.001 -20"><span class='ocrx_word' id='word_1_23' title='bbox 338 785 571 868; x_wconf 86' lang='lat' dir='ltr'>Pagius</span> <span class='ocrx_word' id='word_1_24' title='bbox 633 786 872 868; x_wconf 87' lang='lat' dir='ltr'>aliique</span> <span class='ocrx_word' id='word_1_25' title='bbox 937 786 1208 868; x_wconf 88' lang='lat' dir='ltr'>probare</span> <span class='ocrx_word' id='word_1_26' title='bbox 1268 787 1485 850; x_wconf 90' lang='lat' dir='ltr'>conati</span> <span class='ocrx_word' id='word_1_27' title='bbox 1543 792 1728 862; x_wconf 87' lang='lat' dir='ltr'>sunt,</span> <span class='ocrx_word' id='word_1_28' title='bbox 1796 808 1927 850; x_wconf 91' lang='lat' dir='ltr'>non</span> <span class='ocrx_word' id='word_1_29' title='bbox 1994 785 2118 850; x_wconf 91' lang='lat' dir='ltr'>nisi</span> <span class='ocrx_word' id='word_1_30' title='bbox 2183 786 2426 849; x_wconf 80' lang='lat' dir='ltr'>ultimis</span> <span class='ocrx_word' id='word_1_31' title='bbox 2474 809 2650 850; x_wconf 90' lang='lat' dir='ltr'>men-</span> 
     </span>
     <span class='ocr_line' id='line_1_5' title="bbox 335 881 2650 964; baseline 0.001 -20"><span class='ocrx_word' id='word_1_32' title='bbox 335 881 508 944; x_wconf 89' lang='lat' dir='ltr'>sibus</span> <span class='ocrx_word' id='word_1_33' title='bbox 573 883 730 945; x_wconf 87' lang='lat' dir='ltr'>anni</span> <span class='ocrx_word' id='word_1_34' title='bbox 787 882 913 945; x_wconf 86' lang='lat'>730</span> <span class='ocrx_word' id='word_1_35' title='bbox 975 882 1142 946; x_wconf 87' lang='lat' dir='ltr'>hanc</span> <span class='ocrx_word' id='word_1_36' title='bbox 1206 883 1541 964; x_wconf 89' lang='lat' dir='ltr'>epistolam</span> <span class='ocrx_word' id='word_1_37' title='bbox 1605 904 1743 946; x_wconf 87' lang='lat' dir='ltr'>esse</span> <span class='ocrx_word' id='word_1_38' title='bbox 1805 883 2079 946; x_wconf 85' lang='lat' dir='ltr'>missam.</span> <span class='ocrx_word' id='word_1_39' title='bbox 2189 881 2427 964; x_wconf 78' lang='lat' dir='ltr'>Incipit</span> <span class='ocrx_word' id='word_1_40' title='bbox 2483 883 2650 946; x_wconf 87' lang='lat' dir='ltr'>vide·</span> 
     </span>
     <span class='ocr_line' id='line_1_6' title="bbox 334 977 2651 1057; baseline 0.001 -17"><span class='ocrx_word' id='word_1_41' title='bbox 334 978 487 1041; x_wconf 88' lang='lat' dir='ltr'>licet</span> <span class='ocrx_word' id='word_1_42' title='bbox 542 979 756 1042; x_wconf 86' lang='lat' dir='ltr'>eadem</span> <span class='ocrx_word' id='word_1_43' title='bbox 818 979 986 1042; x_wconf 89' lang='lat' dir='ltr'>hisce</span> <span class='ocrx_word' id='word_1_44' title='bbox 1009 979 1274 1042; x_wconf 84' lang='lat' dir='ltr'>·verbis:</span> <span class='ocrx_word' id='word_1_45' title='bbox 1335 977 1676 1057; x_wconf 72' lang='lat' dir='ltr'>„Isitteras</span> <span class='ocrx_word' id='word_1_46' title='bbox 1735 981 1984 1042; x_wconf 81' lang='lat' dir='ltr'>vestrae</span> <span class='ocrx_word' id='word_1_47' title='bbox 2022 998 2065 1041; x_wconf 88' lang='lat' dir='ltr'>a</span> <span class='ocrx_word' id='word_1_48' title='bbox 2111 977 2252 1041; x_wconf 90' lang='lat' dir='ltr'>Deo</span> <span class='ocrx_word' id='word_1_49' title='bbox 2298 977 2651 1042; x_wconf 79' lang='lat' dir='ltr'>custoditae</span> 
     </span>
     <span class='ocr_line' id='line_1_7' title="bbox 335 1073 2651 1157; baseline 0.001 -21"><span class='ocrx_word' id='word_1_50' title='bbox 335 1073 698 1155; x_wconf 82' lang='lat' dir='ltr'>majestatis</span> <span class='ocrx_word' id='word_1_51' title='bbox 741 1094 816 1138; x_wconf 89' lang='lat' dir='ltr'>ac</span> <span class='ocrx_word' id='word_1_52' title='bbox 879 1073 1332 1156; x_wconf 78' lang='lat' dir='ltr'>fraternitatis</span> <span class='ocrx_word' id='word_1_53' title='bbox 1374 1095 1499 1156; x_wconf 92' lang='lat' dir='ltr'>per</span> <span class='ocrx_word' id='word_1_54' title='bbox 1548 1074 1955 1157; x_wconf 61' lang='lat' dir='ltr'>augustalem</span> <span class='ocrx_word' id='word_1_55' title='bbox 2010 1073 2651 1155; x_wconf 78' lang='lat' dir='ltr'>Spatharocandida-</span> 
     </span>
     <span class='ocr_line' id='line_1_8' title="bbox 336 1164 2648 1252; baseline 0.001 -20"><span class='ocrx_word' id='word_1_56' title='bbox 336 1173 476 1234; x_wconf 89' lang='lat' dir='ltr'>tum</span> <span class='ocrx_word' id='word_1_57' title='bbox 521 1169 754 1234; x_wconf 85' lang='lat' dir='ltr'>missas</span> <span class='ocrx_word' id='word_1_58' title='bbox 797 1169 1176 1252; x_wconf 88' lang='lat' dir='ltr'>accepimus,</span> <span class='ocrx_word' id='word_1_59' title='bbox 1223 1170 1584 1252; x_wconf 78' lang='lat' dir='ltr'>imperante</span> <span class='ocrx_word' id='word_1_60' title='bbox 1616 1175 1676 1235; x_wconf 91' lang='lat' dir='ltr'>te</span> <span class='ocrx_word' id='word_1_61' title='bbox 1714 1170 2069 1235; x_wconf 78' lang='lat' dir='ltr'>indictione</span> <span class='ocrx_word' id='word_1_62' title='bbox 2110 1164 2359 1234; x_wconf 89' lang='lat' dir='ltr'>decima</span> <span class='ocrx_word' id='word_1_63' title='bbox 2390 1174 2648 1250; x_wconf 80' lang='lat' dir='ltr'>quarta,</span> 
     </span>
     <span class='ocr_line' id='line_1_9' title="bbox 332 1264 2650 1347; baseline 0 -18"><span class='ocrx_word' id='word_1_64' title='bbox 332 1265 544 1347; x_wconf 86' lang='lat' dir='ltr'>ipsius</span> <span class='ocrx_word' id='word_1_65' title='bbox 597 1266 793 1331; x_wconf 89' lang='lat' dir='ltr'>etiam</span> <span class='ocrx_word' id='word_1_66' title='bbox 840 1266 1029 1331; x_wconf 90' lang='lat' dir='ltr'><strong><em>XIV.</em></strong></span> <span class='ocrx_word' id='word_1_67' title='bbox 1077 1271 1137 1331; x_wconf 92' lang='lat' dir='ltr'>et</span> <span class='ocrx_word' id='word_1_68' title='bbox 1182 1267 1328 1331; x_wconf 87' lang='lat' dir='ltr'>XV.</span> <span class='ocrx_word' id='word_1_69' title='bbox 1386 1271 1447 1330; x_wconf 90' lang='lat' dir='ltr'>et</span> <span class='ocrx_word' id='word_1_70' title='bbox 1501 1266 1560 1333; x_wconf 92' lang='lat' dir='ltr'>I.</span> <span class='ocrx_word' id='word_1_71' title='bbox 1622 1271 1682 1331; x_wconf 89' lang='lat' dir='ltr'>et</span> <span class='ocrx_word' id='word_1_72' title='bbox 1728 1264 1830 1331; x_wconf 91' lang='lat' dir='ltr'>II.</span> <span class='ocrx_word' id='word_1_73' title='bbox 1879 1271 1939 1330; x_wconf 90' lang='lat' dir='ltr'>et</span> <span class='ocrx_word' id='word_1_74' title='bbox 1981 1264 2122 1331; x_wconf 91' lang='lat' dir='ltr'><strong><em>III.</em></strong></span> <span class='ocrx_word' id='word_1_75' title='bbox 2179 1270 2239 1330; x_wconf 90' lang='lat' dir='ltr'>et</span> <span class='ocrx_word' id='word_1_76' title='bbox 2285 1264 2405 1331; x_wconf 92' lang='lat' dir='ltr'>IV.</span> <span class='ocrx_word' id='word_1_77' title='bbox 2463 1269 2523 1330; x_wconf 90' lang='lat' dir='ltr'>et</span> <span class='ocrx_word' id='word_1_78' title='bbox 2583 1266 2650 1329; x_wconf 92' lang='lat' dir='ltr'>V.</span> 
     </span>
     <span class='ocr_line' id='line_1_10' title="bbox 335 1361 2650 1444; baseline 0 -19"><span class='ocrx_word' id='word_1_79' title='bbox 335 1366 395 1425; x_wconf 89' lang='lat' dir='ltr'>et</span> <span class='ocrx_word' id='word_1_80' title='bbox 458 1362 561 1426; x_wconf 93' lang='lat' dir='ltr'>VI.</span> <span class='ocrx_word' id='word_1_81' title='bbox 624 1368 684 1428; x_wconf 90' lang='lat' dir='ltr'>et</span> <span class='ocrx_word' id='word_1_82' title='bbox 743 1362 892 1427; x_wconf 90' lang='lat' dir='ltr'><strong><em>VII.</em></strong></span> <span class='ocrx_word' id='word_1_83' title='bbox 953 1368 1013 1427; x_wconf 77' lang='lat' dir='ltr'>et</span> <span class='ocrx_word' id='word_1_84' title='bbox 1079 1363 1270 1428; x_wconf 88' lang='lat' dir='ltr'><strong><em>VIII.</em></strong></span> <span class='ocrx_word' id='word_1_85' title='bbox 1319 1368 1380 1428; x_wconf 88' lang='lat' dir='ltr'>et</span> <span class='ocrx_word' id='word_1_86' title='bbox 1422 1363 1545 1427; x_wconf 89' lang='lat' dir='ltr'>IX.</span> <span class='ocrx_word' id='word_1_87' title='bbox 1592 1361 2027 1428; x_wconf 83' lang='lat' dir='ltr'>indictionum</span> <span class='ocrx_word' id='word_1_88' title='bbox 2089 1366 2379 1444; x_wconf 85' lang='lat' dir='ltr'>acceptas</span> <span class='ocrx_word' id='word_1_89' title='bbox 2426 1361 2650 1444; x_wconf 86' lang='lat' dir='ltr'>episto-</span> 
     </span>
     <span class='ocr_line' id='line_1_11' title="bbox 335 1458 2648 1541; baseline 0 -19"><span class='ocrx_word' id='word_1_90' title='bbox 335 1458 434 1523; x_wconf 77' lang='lat' dir='ltr'>las</span> <span class='ocrx_word' id='word_1_91' title='bbox 487 1464 664 1538; x_wconf 85' lang='lat' dir='ltr'>tuas,</span> <span class='ocrx_word' id='word_1_92' title='bbox 727 1460 800 1525; x_wconf 89' lang='lat' dir='ltr'>in</span> <span class='ocrx_word' id='word_1_93' title='bbox 861 1465 1089 1525; x_wconf 85' lang='lat' dir='ltr'>sancta</span> <span class='ocrx_word' id='word_1_94' title='bbox 1151 1459 1410 1525; x_wconf 83' lang='lat' dir='ltr'>ecclesia</span> <span class='ocrx_word' id='word_1_95' title='bbox 1468 1459 1817 1541; x_wconf 73' lang='lat' dir='ltr'>repositae,</span> <span class='ocrx_word' id='word_1_96' title='bbox 1883 1458 1957 1523; x_wconf 92' lang='lat' dir='ltr'>in</span> <span class='ocrx_word' id='word_1_97' title='bbox 2019 1458 2243 1524; x_wconf 84' lang='lat' dir='ltr'>limine</span> <span class='ocrx_word' id='word_1_98' title='bbox 2310 1458 2648 1540; x_wconf 85' lang='lat' dir='ltr'>confessio-</span> 
     </span>
     <span class='ocr_line' id='line_1_12' title="bbox 332 1553 2649 1639; baseline -0.001 -19"><span class='ocrx_word' id='word_1_99' title='bbox 332 1555 441 1620; x_wconf 87' lang='lat' dir='ltr'>nis</span> <span class='ocrx_word' id='word_1_100' title='bbox 500 1556 713 1621; x_wconf 87' lang='lat' dir='ltr'>sancti</span> <span class='ocrx_word' id='word_1_101' title='bbox 769 1561 829 1621; x_wconf 89' lang='lat' dir='ltr'>et</span> <span class='ocrx_word' id='word_1_102' title='bbox 884 1557 1155 1639; x_wconf 71' lang='lat' dir='ltr'>qloriosi</span> <span class='ocrx_word' id='word_1_103' title='bbox 1212 1576 1287 1621; x_wconf 90' lang='lat' dir='ltr'>ac</span> <span class='ocrx_word' id='word_1_104' title='bbox 1339 1555 1671 1638; x_wconf 90' lang='lat' dir='ltr'>principis</span> <span class='ocrx_word' id='word_1_105' title='bbox 1735 1555 2172 1638; x_wconf 84' lang='lat' dir='ltr'>apostolorum</span> <span class='ocrx_word' id='word_1_106' title='bbox 2221 1554 2436 1634; x_wconf 88' lang='lat' dir='ltr'>Petri,</span> <span class='ocrx_word' id='word_1_107' title='bbox 2502 1553 2649 1618; x_wconf 85' lang='lat' dir='ltr'>dili-</span> 
     </span>
     <span class='ocr_line' id='line_1_13' title="bbox 327 1651 2648 1734; baseline -0 -20"><span class='ocrx_word' id='word_1_108' title='bbox 327 1655 558 1734; x_wconf 75' lang='lat' dir='ltr'>yenter</span> <span class='ocrx_word' id='word_1_109' title='bbox 625 1673 986 1734; x_wconf 78' lang='lat' dir='ltr'>servamus,</span> <span class='ocrx_word' id='word_1_110' title='bbox 1058 1652 1171 1718; x_wconf 84' lang='lat' dir='ltr'>ubi</span> <span class='ocrx_word' id='word_1_111' title='bbox 1237 1657 1298 1717; x_wconf 93' lang='lat' dir='ltr'>et</span> <span class='ocrx_word' id='word_1_112' title='bbox 1347 1651 1603 1717; x_wconf 82' lang='lat' dir='ltr'>Christi</span> <span class='ocrx_word' id='word_1_113' title='bbox 1664 1652 2032 1718; x_wconf 87' lang='lat' dir='ltr'>amantium</span> <span class='ocrx_word' id='word_1_114' title='bbox 2084 1651 2648 1734; x_wconf 85' lang='lat' dir='ltr'>praedecessorum</span> 
     </span>
     <span class='ocr_line' id='line_1_14' title="bbox 336 1748 2648 1833; baseline -0.001 -21"><span class='ocrx_word' id='word_1_115' title='bbox 336 1753 601 1814; x_wconf 86' lang='lat' dir='ltr'>tuorum</span> <span class='ocrx_word' id='word_1_116' title='bbox 667 1749 782 1831; x_wconf 80' lang='lat' dir='ltr'>qui</span> <span class='ocrx_word' id='word_1_117' title='bbox 833 1749 945 1832; x_wconf 92' lang='lat' dir='ltr'>pie</span> <span class='ocrx_word' id='word_1_118' title='bbox 1006 1749 1425 1832; x_wconf 88' lang='lat' dir='ltr'>imperarunt</span> <span class='ocrx_word' id='word_1_119' title='bbox 1487 1753 1643 1814; x_wconf 85' lang='lat' dir='ltr'>sunt</span> <span class='ocrx_word' id='word_1_120' title='bbox 1707 1749 2020 1813; x_wconf 83' lang='lat' dir='ltr'>litterae.“</span> <span class='ocrx_word' id='word_1_121' title='bbox 2113 1748 2468 1833; x_wconf 82' lang='lat' dir='ltr'>Epistolam</span> <span class='ocrx_word' id='word_1_122' title='bbox 2529 1749 2648 1811; x_wconf 87' lang='lat' dir='ltr'>ita·</span> 
     </span>
     <span class='ocr_line' id='line_1_15' title="bbox 337 1843 2654 1929; baseline -0.002 -19"><span class='ocrx_word' id='word_1_123' title='bbox 337 1869 460 1929; x_wconf 91' lang='lat' dir='ltr'>que</span> <span class='ocrx_word' id='word_1_124' title='bbox 507 1849 764 1910; x_wconf 88' lang='lat' dir='ltr'>missam</span> <span class='ocrx_word' id='word_1_125' title='bbox 813 1847 1116 1912; x_wconf 78' lang='lat' dir='ltr'>a&#39;L&#39;eone</span> <span class='ocrx_word' id='word_1_126' title='bbox 1174 1848 1469 1911; x_wconf 88' lang='lat' dir='ltr'>inferunt</span> <span class='ocrx_word' id='word_1_127' title='bbox 1519 1847 1872 1910; x_wconf 75' lang='lat' dir='ltr'>indictione</span> <span class='ocrx_word' id='word_1_128' title='bbox 1914 1844 2126 1922; x_wconf 83' lang='lat' dir='ltr'><strong>XIV·‚</strong></span> <span class='ocrx_word' id='word_1_129' title='bbox 2191 1867 2355 1928; x_wconf 84' lang='lat' dir='ltr'>quae</span> <span class='ocrx_word' id='word_1_130' title='bbox 2414 1843 2654 1926; x_wconf 87' lang='lat' dir='ltr'>incepit</span> 
     </span>
     <span class='ocr_line' id='line_1_16' title="bbox 336 1940 2653 2027; baseline -0.001 -22"><span class='ocrx_word' id='word_1_131' title='bbox 336 1943 438 2006; x_wconf 86' lang='lat' dir='ltr'>die</span> <span class='ocrx_word' id='word_1_132' title='bbox 511 1946 564 2005; x_wconf 87' lang='lat'>1.</span> <span class='ocrx_word' id='word_1_133' title='bbox 625 1941 1019 2027; x_wconf 83' lang='lat' dir='ltr'>Septembris</span> <span class='ocrx_word' id='word_1_134' title='bbox 1095 1967 1150 2009; x_wconf 87' lang='lat' dir='ltr'>a.</span> <span class='ocrx_word' id='word_1_135' title='bbox 1218 1944 1374 2019; x_wconf 86' lang='lat'>730,</span> <span class='ocrx_word' id='word_1_136' title='bbox 1456 1942 1740 2026; x_wconf 82' lang='lat' dir='ltr'>adeoque</span> <span class='ocrx_word' id='word_1_137' title='bbox 1818 1949 1884 2006; x_wconf 91' lang='lat' dir='ltr'>et</span> <span class='ocrx_word' id='word_1_138' title='bbox 1950 1941 2331 2027; x_wconf 89' lang='lat' dir='ltr'>Gregorium</span> <span class='ocrx_word' id='word_1_139' title='bbox 2406 1940 2653 2004; x_wconf 87' lang='lat' dir='ltr'>ultimis</span> 
     </span>
     <span class='ocr_line' id='line_1_17' title="bbox 336 2036 2652 2125; baseline -0.002 -22"><span class='ocrx_word' id='word_1_140' title='bbox 336 2042 663 2105; x_wconf 86' lang='lat' dir='ltr'>mensibus</span> <span class='ocrx_word' id='word_1_141' title='bbox 739 2043 929 2125; x_wconf 88' lang='lat' dir='ltr'>hujus</span> <span class='ocrx_word' id='word_1_142' title='bbox 1002 2043 1157 2105; x_wconf 87' lang='lat' dir='ltr'>anni</span> <span class='ocrx_word' id='word_1_143' title='bbox 1232 2039 1647 2123; x_wconf 89' lang='lat' dir='ltr'>respondisse.</span> <span class='ocrx_word' id='word_1_144' title='bbox 1770 2037 1890 2103; x_wconf 81' lang='lat' dir='ltr'>Sed</span> <span class='ocrx_word' id='word_1_145' title='bbox 1968 2039 2118 2103; x_wconf 87' lang='lat' dir='ltr'>huic</span> <span class='ocrx_word' id='word_1_146' title='bbox 2190 2036 2652 2120; x_wconf 88' lang='lat' dir='ltr'>computationi</span> 
     </span>
     <span class='ocr_line' id='line_1_18' title="bbox 329 2132 2653 2221; baseline -0.002 -21"><span class='ocrx_word' id='word_1_147' title='bbox 329 2139 466 2220; x_wconf 88' lang='lat' dir='ltr'>jam</span> <span class='ocrx_word' id='word_1_148' title='bbox 511 2137 666 2201; x_wconf 89' lang='lat' dir='ltr'>illud</span> <span class='ocrx_word' id='word_1_149' title='bbox 713 2138 914 2214; x_wconf 87' lang='lat' dir='ltr'>obest,</span> <span class='ocrx_word' id='word_1_150' title='bbox 962 2137 1130 2221; x_wconf 87' lang='lat' dir='ltr'>quod</span> <span class='ocrx_word' id='word_1_151' title='bbox 1166 2137 1515 2221; x_wconf 82' lang='lat' dir='ltr'>Gregorius</span> <span class='ocrx_word' id='word_1_152' title='bbox 1550 2135 1633 2200; x_wconf 91' lang='grc' dir='ltr'>ΙΙ.</span> <span class='ocrx_word' id='word_1_153' title='bbox 1683 2157 1716 2199; x_wconf 88' lang='lat' dir='ltr'>e</span> <span class='ocrx_word' id='word_1_154' title='bbox 1758 2137 1917 2202; x_wconf 83' lang='lat' dir='ltr'>vivis</span> <span class='ocrx_word' id='word_1_155' title='bbox 1950 2136 2226 2200; x_wconf 85' lang='lat' dir='ltr'>decessit</span> <span class='ocrx_word' id='word_1_156' title='bbox 2258 2135 2358 2198; x_wconf 89' lang='lat' dir='ltr'>die</span> <span class='ocrx_word' id='word_1_157' title='bbox 2408 2138 2505 2197; x_wconf 85' lang='lat'>11.</span> <span class='ocrx_word' id='word_1_158' title='bbox 2539 2132 2653 2196; x_wconf 84' lang='lat' dir='ltr'>Fe-</span> 
     </span>
     <span class='ocr_line' id='line_1_19' title="bbox 335 2230 2651 2318; baseline -0.002 -21"><span class='ocrx_word' id='word_1_159' title='bbox 335 2234 577 2297; x_wconf 89' lang='lat' dir='ltr'>bruarii</span> <span class='ocrx_word' id='word_1_160' title='bbox 621 2257 678 2298; x_wconf 90' lang='lat' dir='ltr'>a.</span> <span class='ocrx_word' id='word_1_161' title='bbox 729 2234 873 2298; x_wconf 86' lang='lat'>731.</span> <span class='ocrx_word' id='word_1_162' title='bbox 969 2234 1273 2318; x_wconf 89' lang='lat' dir='ltr'>Adeoque</span> <span class='ocrx_word' id='word_1_163' title='bbox 1338 2256 1679 2317; x_wconf 87' lang='lat' dir='ltr'>paucorum</span> <span class='ocrx_word' id='word_1_164' title='bbox 1737 2234 2054 2297; x_wconf 88' lang='lat' dir='ltr'>mensium</span> <span class='ocrx_word' id='word_1_165' title='bbox 2110 2232 2319 2315; x_wconf 88' lang='lat' dir='ltr'>spatio</span> <span class='ocrx_word' id='word_1_166' title='bbox 2381 2230 2651 2314; x_wconf 83' lang='lat' dir='ltr'>epistola</span> 
     </span>
     <span class='ocr_line' id='line_1_20' title="bbox 335 2327 2652 2414; baseline -0.003 -20"><span class='ocrx_word' id='word_1_167' title='bbox 335 2329 780 2413; x_wconf 87' lang='lat' dir='ltr'>Imperatoris,</span> <span class='ocrx_word' id='word_1_168' title='bbox 854 2352 1226 2413; x_wconf 89' lang='lat' dir='ltr'>responsum</span> <span class='ocrx_word' id='word_1_169' title='bbox 1301 2329 1624 2414; x_wconf 85' lang='lat' dir='ltr'>Gregorii,</span> <span class='ocrx_word' id='word_1_170' title='bbox 1700 2352 1868 2393; x_wconf 85' lang='lat' dir='ltr'>nova</span> <span class='ocrx_word' id='word_1_171' title='bbox 1939 2329 2209 2412; x_wconf 84' lang='lat' dir='ltr'>epistola</span> <span class='ocrx_word' id='word_1_172' title='bbox 2280 2327 2517 2391; x_wconf 88' lang='lat' dir='ltr'>Leonis</span> <span class='ocrx_word' id='word_1_173' title='bbox 2587 2332 2652 2389; x_wconf 89' lang='lat' dir='ltr'>et</span> 
     </span>
     <span class='ocr_line' id='line_1_21' title="bbox 337 2422 2652 2511; baseline -0.002 -21"><span class='ocrx_word' id='word_1_174' title='bbox 337 2427 541 2490; x_wconf 87' lang='lat' dir='ltr'>altera</span> <span class='ocrx_word' id='word_1_175' title='bbox 589 2426 880 2511; x_wconf 81' lang='lat' dir='ltr'>Gregorii</span> <span class='ocrx_word' id='word_1_176' title='bbox 933 2433 1149 2491; x_wconf 88' lang='lat' dir='ltr'>essent</span> <span class='ocrx_word' id='word_1_177' title='bbox 1198 2427 1630 2490; x_wconf 88' lang='lat' dir='ltr'>adscribenda.</span> <span class='ocrx_word' id='word_1_178' title='bbox 1724 2425 1935 2502; x_wconf 82' lang='lat' dir='ltr'>Quod,</span> <span class='ocrx_word' id='word_1_179' title='bbox 1994 2448 2189 2509; x_wconf 90' lang='lat' dir='ltr'>quum</span> <span class='ocrx_word' id='word_1_180' title='bbox 2249 2425 2404 2487; x_wconf 83' lang='lat' dir='ltr'>satis</span> <span class='ocrx_word' id='word_1_181' title='bbox 2462 2422 2652 2485; x_wconf 88' lang='lat' dir='ltr'>dista·</span> 
     </span>
     <span class='ocr_line' id='line_1_22' title="bbox 335 2521 2651 2608; baseline -0.003 -20"><span class='ocrx_word' id='word_1_182' title='bbox 335 2530 483 2588; x_wconf 88' lang='lat' dir='ltr'>rent</span> <span class='ocrx_word' id='word_1_183' title='bbox 548 2524 753 2589; x_wconf 87' lang='lat' dir='ltr'>Roma</span> <span class='ocrx_word' id='word_1_184' title='bbox 814 2530 880 2588; x_wconf 90' lang='lat' dir='ltr'>et</span> <span class='ocrx_word' id='word_1_185' title='bbox 944 2524 1570 2608; x_wconf 84' lang='lat' dir='ltr'>ConstantinopoliS,</span> <span class='ocrx_word' id='word_1_186' title='bbox 1632 2546 1957 2608; x_wconf 90' lang='lat' dir='ltr'>quumque</span> <span class='ocrx_word' id='word_1_187' title='bbox 2019 2522 2328 2605; x_wconf 84' lang='lat' dir='ltr'>ejusmodi</span> <span class='ocrx_word' id='word_1_188' title='bbox 2394 2521 2651 2583; x_wconf 82' lang='lat' dir='ltr'>litterae</span> 
     </span>
     <span class='ocr_line' id='line_1_23' title="bbox 336 2616 2648 2705; baseline -0.003 -20"><span class='ocrx_word' id='word_1_189' title='bbox 336 2621 508 2685; x_wconf 88' lang='lat' dir='ltr'>haud</span> <span class='ocrx_word' id='word_1_190' title='bbox 563 2623 881 2705; x_wconf 85' lang='lat' dir='ltr'>extemplo</span> <span class='ocrx_word' id='word_1_191' title='bbox 941 2622 1164 2686; x_wconf 87' lang='lat' dir='ltr'>confici</span> <span class='ocrx_word' id='word_1_192' title='bbox 1223 2622 1505 2697; x_wconf 82' lang='lat' dir='ltr'>soleant,</span> <span class='ocrx_word' id='word_1_193' title='bbox 1563 2642 1753 2705; x_wconf 88' lang='lat' dir='ltr'>aegre</span> <span class='ocrx_word' id='word_1_194' title='bbox 1809 2620 2064 2684; x_wconf 83' lang='lat' dir='ltr'>admitti</span> <span class='ocrx_word' id='word_1_195' title='bbox 2120 2621 2350 2703; x_wconf 88' lang='lat' dir='ltr'>potest.</span> <span class='ocrx_word' id='word_1_196' title='bbox 2441 2616 2648 2679; x_wconf 90' lang='lat' dir='ltr'>Ante-</span> 
     </span>
     <span class='ocr_line' id='line_1_24' title="bbox 337 2718 2648 2801; baseline -0.001 -21"><span class='ocrx_word' id='word_1_197' title='bbox 337 2718 494 2781; x_wconf 88' lang='lat' dir='ltr'>riori</span> <span class='ocrx_word' id='word_1_198' title='bbox 570 2724 902 2801; x_wconf 87' lang='lat' dir='ltr'>praeterea</span> <span class='ocrx_word' id='word_1_199' title='bbox 968 2719 1245 2801; x_wconf 88' lang='lat' dir='ltr'>tempori</span> <span class='ocrx_word' id='word_1_200' title='bbox 1311 2739 1475 2801; x_wconf 89' lang='lat' dir='ltr'>quae</span> <span class='ocrx_word' id='word_1_201' title='bbox 1540 2718 1912 2781; x_wconf 88' lang='lat' dir='ltr'>scribuntur</span> <span class='ocrx_word' id='word_1_202' title='bbox 1981 2718 2194 2799; x_wconf 87' lang='lat' dir='ltr'>aptius</span> <span class='ocrx_word' id='word_1_203' title='bbox 2265 2719 2648 2798; x_wconf 89' lang='lat' dir='ltr'>congruunt.</span> 
     </span>
     <span class='ocr_line' id='line_1_25' title="bbox 337 2809 2648 2898; baseline -0.003 -20"><span class='ocrx_word' id='word_1_204' title='bbox 337 2814 632 2897; x_wconf 88' lang='lat' dir='ltr'>Epistola</span> <span class='ocrx_word' id='word_1_205' title='bbox 697 2819 913 2878; x_wconf 88' lang='lat' dir='ltr'>autem</span> <span class='ocrx_word' id='word_1_206' title='bbox 982 2837 1147 2898; x_wconf 87' lang='lat' dir='ltr'>quae</span> <span class='ocrx_word' id='word_1_207' title='bbox 1210 2815 1416 2897; x_wconf 87' lang='lat' dir='ltr'>primo</span> <span class='ocrx_word' id='word_1_208' title='bbox 1483 2819 2017 2879; x_wconf 89' lang='lat' dir='ltr'>commemoratur</span> <span class='ocrx_word' id='word_1_209' title='bbox 2079 2812 2232 2876; x_wconf 86' lang='lat' dir='ltr'>data</span> <span class='ocrx_word' id='word_1_210' title='bbox 2297 2809 2648 2874; x_wconf 84' lang='lat' dir='ltr'>indictione</span> 
     </span>
     <span class='ocr_line' id='line_1_26' title="bbox 303 2907 2645 2995; baseline -0.003 -20"><span class='ocrx_word' id='word_1_211' title='bbox 303 2912 578 2987; x_wconf 40' lang='lat' dir='ltr'>‚decima</span> <span class='ocrx_word' id='word_1_212' title='bbox 625 2921 884 2995; x_wconf 87' lang='lat' dir='ltr'>quarta,</span> <span class='ocrx_word' id='word_1_213' title='bbox 943 2911 1111 2975; x_wconf 87' lang='lat' dir='ltr'>haud</span> <span class='ocrx_word' id='word_1_214' title='bbox 1168 2914 1269 2974; x_wconf 89' lang='lat' dir='ltr'>est</span> <span class='ocrx_word' id='word_1_215' title='bbox 1323 2910 1436 2975; x_wconf 86' lang='lat' dir='ltr'>illa</span> <span class='ocrx_word' id='word_1_216' title='bbox 1483 2911 1711 2974; x_wconf 89' lang='lat' dir='ltr'>ultima</span> <span class='ocrx_word' id='word_1_217' title='bbox 1766 2910 1846 2974; x_wconf 89' lang='lat' dir='ltr'>ad</span> <span class='ocrx_word' id='word_1_218' title='bbox 1904 2932 2096 2993; x_wconf 90' lang='lat' dir='ltr'>quam</span> <span class='ocrx_word' id='word_1_219' title='bbox 2147 2907 2495 2991; x_wconf 80' lang='lat' dir='ltr'>Gregorius</span> <span class='ocrx_word' id='word_1_220' title='bbox 2550 2926 2645 2968; x_wconf 88' lang='lat' dir='ltr'>re·</span> 
     </span>
     <span class='ocr_line' id='line_1_27' title="bbox 337 3001 2650 3092; baseline -0.003 -20"><span class='ocrx_word' id='word_1_221' title='bbox 337 3008 642 3092; x_wconf 87' lang='lat' dir='ltr'>spondet,</span> <span class='ocrx_word' id='word_1_222' title='bbox 704 3008 812 3071; x_wconf 88' lang='lat' dir='ltr'>sed</span> <span class='ocrx_word' id='word_1_223' title='bbox 866 3030 939 3072; x_wconf 89' lang='lat' dir='ltr'>ea</span> <span class='ocrx_word' id='word_1_224' title='bbox 989 3015 1085 3071; x_wconf 90' lang='lat' dir='ltr'>est</span> <span class='ocrx_word' id='word_1_225' title='bbox 1131 3008 1399 3091; x_wconf 86' lang='lat' dir='ltr'>epistola</span> <span class='ocrx_word' id='word_1_226' title='bbox 1445 3007 1669 3090; x_wconf 87' lang='lat' dir='ltr'>prima,</span> <span class='ocrx_word' id='word_1_227' title='bbox 1729 3029 1919 3090; x_wconf 89' lang='lat' dir='ltr'>quam</span> <span class='ocrx_word' id='word_1_228' title='bbox 1967 3006 2099 3069; x_wconf 91' lang='lat' dir='ltr'>Leo</span> <span class='ocrx_word' id='word_1_229' title='bbox 2153 3005 2342 3067; x_wconf 91' lang='lat' dir='ltr'>initio</span> <span class='ocrx_word' id='word_1_230' title='bbox 2397 3001 2650 3085; x_wconf 87' lang='lat' dir='ltr'>imperii</span> 
     </span>
     <span class='ocr_line' id='line_1_28' title="bbox 339 3100 2646 3185; baseline -0.003 -16"><span class='ocrx_word' id='word_1_231' title='bbox 339 3106 441 3169; x_wconf 91' lang='lat' dir='ltr'>sui</span> <span class='ocrx_word' id='word_1_232' title='bbox 487 3127 544 3167; x_wconf 88' lang='lat' dir='ltr'>a.</span> <span class='ocrx_word' id='word_1_233' title='bbox 597 3105 750 3185; x_wconf 85' lang='lat'>716,</span> <span class='ocrx_word' id='word_1_234' title='bbox 806 3105 1158 3169; x_wconf 90' lang='lat' dir='ltr'>indictione</span> <span class='ocrx_word' id='word_1_235' title='bbox 1202 3103 1407 3181; x_wconf 83' lang='lat' dir='ltr'>XIV·,</span> <span class='ocrx_word' id='word_1_236' title='bbox 1469 3104 1687 3168; x_wconf 89' lang='lat' dir='ltr'>statim</span> <span class='ocrx_word' id='word_1_237' title='bbox 1750 3103 1829 3166; x_wconf 89' lang='lat' dir='ltr'>ad</span> <span class='ocrx_word' id='word_1_238' title='bbox 1878 3101 2259 3185; x_wconf 87' lang='lat' dir='ltr'>Gregorium</span> <span class='ocrx_word' id='word_1_239' title='bbox 2307 3100 2646 3171; x_wconf 87' lang='lat' dir='ltr'>direxerat,</span> 
     </span>
     <span class='ocr_line' id='line_1_29' title="bbox 343 3197 2649 3284; baseline -0.003 -19"><span class='ocrx_word' id='word_1_240' title='bbox 343 3206 416 3265; x_wconf 91' lang='lat' dir='ltr'>ut</span> <span class='ocrx_word' id='word_1_241' title='bbox 484 3223 682 3284; x_wconf 91' lang='lat' dir='ltr'>quum</span> <span class='ocrx_word' id='word_1_242' title='bbox 748 3222 1020 3284; x_wconf 89' lang='lat' dir='ltr'>regnum</span> <span class='ocrx_word' id='word_1_243' title='bbox 1089 3202 1488 3283; x_wconf 88' lang='lat' dir='ltr'>arripuisset,</span> <span class='ocrx_word' id='word_1_244' title='bbox 1558 3199 1889 3263; x_wconf 88' lang='lat' dir='ltr'>Pontificis</span> <span class='ocrx_word' id='word_1_245' title='bbox 1959 3198 2240 3261; x_wconf 85' lang='lat' dir='ltr'>favorem</span> <span class='ocrx_word' id='word_1_246' title='bbox 2311 3197 2435 3260; x_wconf 91' lang='lat' dir='ltr'>sibi</span> <span class='ocrx_word' id='word_1_247' title='bbox 2502 3217 2649 3260; x_wconf 92' lang='lat' dir='ltr'>con-</span> 
     </span>
     <span class='ocr_line' id='line_1_30' title="bbox 340 3293 2650 3378; baseline -0.003 -16"><span class='ocrx_word' id='word_1_248' title='bbox 340 3296 662 3376; x_wconf 84' lang='lat' dir='ltr'>ciliaret.¹)</span> <span class='ocrx_word' id='word_1_249' title='bbox 773 3298 979 3373; x_wconf 82' lang='lat' dir='ltr'>Quum</span> <span class='ocrx_word' id='word_1_250' title='bbox 1051 3297 1265 3361; x_wconf 76' lang='lat' dir='ltr'>eadem</span> <span class='ocrx_word' id='word_1_251' title='bbox 1340 3296 1612 3378; x_wconf 88' lang='lat' dir='ltr'>epistola</span> <span class='ocrx_word' id='word_1_252' title='bbox 1682 3302 1746 3358; x_wconf 91' lang='lat' dir='ltr'>et</span> <span class='ocrx_word' id='word_1_253' title='bbox 1805 3294 2345 3377; x_wconf 88' lang='lat' dir='ltr'>subsequentibus</span> <span class='ocrx_word' id='word_1_254' title='bbox 2413 3293 2650 3357; x_wconf 88' lang='lat' dir='ltr'>litteris</span> 
     </span>
     <span class='ocr_line' id='line_1_31' title="bbox 339 3391 2651 3478; baseline -0.003 -20"><span class='ocrx_word' id='word_1_255' title='bbox 339 3396 534 3478; x_wconf 89' lang='lat' dir='ltr'>plane</span> <span class='ocrx_word' id='word_1_256' title='bbox 589 3395 1017 3459; x_wconf 80' lang='lat' dir='ltr'>orthodoxum</span> <span class='ocrx_word' id='word_1_257' title='bbox 1075 3416 1141 3457; x_wconf 89' lang='lat' dir='ltr'>se</span> <span class='ocrx_word' id='word_1_258' title='bbox 1198 3393 1584 3457; x_wconf 86' lang='lat' dir='ltr'>declarasset</span> <span class='ocrx_word' id='word_1_259' title='bbox 1634 3391 2021 3474; x_wconf 87' lang='lat' dir='ltr'>Imperator,</span> <span class='ocrx_word' id='word_1_260' title='bbox 2080 3391 2328 3455; x_wconf 89' lang='lat' dir='ltr'>easdem</span> <span class='ocrx_word' id='word_1_261' title='bbox 2384 3406 2651 3455; x_wconf 87' lang='lat' dir='ltr'>comme-</span> 
     </span>
     <span class='ocr_line' id='line_1_32' title="bbox 340 3484 2651 3576; baseline -0.003 -21"><span class='ocrx_word' id='word_1_262' title='bbox 340 3496 552 3555; x_wconf 87' lang='lat' dir='ltr'>morat</span> <span class='ocrx_word' id='word_1_263' title='bbox 608 3490 976 3576; x_wconf 79' lang='lat' dir='ltr'>GregoriuS.</span> <span class='ocrx_word' id='word_1_264' title='bbox 1083 3490 1281 3553; x_wconf 86' lang='lat' dir='ltr'>Addit</span> <span class='ocrx_word' id='word_1_265' title='bbox 1335 3511 1524 3572; x_wconf 89' lang='lat' dir='ltr'>porro</span> <span class='ocrx_word' id='word_1_266' title='bbox 1581 3488 1914 3553; x_wconf 81' lang='lat' dir='ltr'>Pontifex:</span> <span class='ocrx_word' id='word_1_267' title='bbox 1977 3486 2071 3551; x_wconf 84' lang='lat' dir='ltr'>Et</span> <span class='ocrx_word' id='word_1_268' title='bbox 2125 3485 2199 3550; x_wconf 94' lang='lat' dir='ltr'>in</span> <span class='ocrx_word' id='word_1_269' title='bbox 2257 3485 2464 3550; x_wconf 87' lang='lat' dir='ltr'>decem</span> <span class='ocrx_word' id='word_1_270' title='bbox 2527 3484 2651 3567; x_wconf 72' lang='lat' dir='ltr'>syl·</span> 
     </span>
     <span class='ocr_line' id='line_1_33' title="bbox 342 3574 2649 3669; baseline -0.003 -19"><span class='ocrx_word' id='word_1_271' title='bbox 342 3586 508 3651; x_wconf 80' lang='lat' dir='ltr'>labis</span> <span class='ocrx_word' id='word_1_272' title='bbox 562 3591 728 3651; x_wconf 85' lang='lat' dir='ltr'>recte</span> <span class='ocrx_word' id='word_1_273' title='bbox 787 3608 864 3651; x_wconf 87' lang='lat' dir='ltr'>ac</span> <span class='ocrx_word' id='word_1_274' title='bbox 917 3586 1027 3669; x_wconf 91' lang='lat' dir='ltr'>pie</span> <span class='ocrx_word' id='word_1_275' title='bbox 1085 3591 1282 3667; x_wconf 78' lang='lat' dir='ltr'>utque</span> <span class='ocrx_word' id='word_1_276' title='bbox 1337 3574 1806 3667; x_wconf 76' lang='lat' dir='ltr'>Imperatorem</span> <span class='ocrx_word' id='word_1_277' title='bbox 1869 3581 2404 3648; x_wconf 81' lang='lat' dir='ltr'>Christianorum</span> <span class='ocrx_word' id='word_1_278' title='bbox 2462 3581 2649 3659; x_wconf 89' lang='lat' dir='ltr'>decet,</span> 
     </span>
     <span class='ocr_line' id='line_1_34' title="bbox 342 3679 2650 3763; baseline -0.002 -16"><span class='ocrx_word' id='word_1_279' title='bbox 342 3682 834 3748; x_wconf 82' lang='lat' dir='ltr'>observaturum</span> <span class='ocrx_word' id='word_1_280' title='bbox 896 3687 955 3747; x_wconf 89' lang='lat' dir='ltr'>te</span> <span class='ocrx_word' id='word_1_281' title='bbox 1017 3703 1093 3747; x_wconf 88' lang='lat' dir='ltr'>ac</span> <span class='ocrx_word' id='word_1_282' title='bbox 1148 3680 1624 3747; x_wconf 85' lang='lat' dir='ltr'>custoditurum</span> <span class='ocrx_word' id='word_1_283' title='bbox 1679 3679 1929 3763; x_wconf 74' lang='lat' dir='ltr'>inteqre</span> <span class='ocrx_word' id='word_1_284' title='bbox 1991 3699 2209 3744; x_wconf 84' lang='lat' dir='ltr'>omnes</span> <span class='ocrx_word' id='word_1_285' title='bbox 2276 3681 2650 3743; x_wconf 82' lang='lat' dir='ltr'>sanct-orum</span> 
     </span>
     <span class='ocr_line' id='line_1_35' title="bbox 331 3773 2649 3863; baseline -0.004 -18"><span class='ocrx_word' id='word_1_286' title='bbox 331 3784 606 3863; x_wconf 81' lang='lat' dir='ltr'>patrum</span> <span class='ocrx_word' id='word_1_287' title='bbox 655 3785 1028 3845; x_wconf 87' lang='lat' dir='ltr'>nostrorum</span> <span class='ocrx_word' id='word_1_288' title='bbox 1083 3785 1144 3844; x_wconf 93' lang='lat' dir='ltr'>et</span> <span class='ocrx_word' id='word_1_289' title='bbox 1190 3779 1522 3843; x_wconf 89' lang='lat' dir='ltr'>doctorum</span> <span class='ocrx_word' id='word_1_290' title='bbox 1567 3776 2040 3842; x_wconf 86' lang='lat' dir='ltr'>admonitiones</span> <span class='ocrx_word' id='word_1_291' title='bbox 2083 3773 2469 3857; x_wconf 85' lang='lat' dir='ltr'>promisisti.</span> <span class='ocrx_word' id='word_1_292' title='bbox 2514 3827 2529 3841; x_wconf 90' lang='lat'><strong><em>.</em></strong></span> <span class='ocrx_word' id='word_1_293' title='bbox 2575 3824 2588 3837; x_wconf 96' lang='lat'><strong><em>.</em></strong></span> <span class='ocrx_word' id='word_1_294' title='bbox 2637 3825 2649 3836; x_wconf 90' lang='lat'><strong><em>.</em></strong></span> 
     </span>
    </p>
   </div>
   <div class='ocr_carea' id='block_1_3' title="bbox 343 3932 559 3939">
    <p class='ocr_par' dir='ltr' id='par_1_3' title="bbox 343 3932 559 3939">
     <span class='ocr_line' id='line_1_36' title="bbox 343 3932 559 3939; baseline 0 1089"><span class='ocrx_word' id='word_1_295' title='bbox 343 3932 559 3939; x_wconf 95' lang='lat' dir='ltr'> </span> 
     </span>
    </p>
   </div>
   <div class='ocr_carea' id='block_1_4' title="bbox 342 4016 2650 4247">
    <p class='ocr_par' dir='ltr' id='par_1_4' title="bbox 342 4016 2650 4247">
     <span class='ocr_line' id='line_1_37' title="bbox 528 4016 2650 4089; baseline -0.003 -14"><span class='ocrx_word' id='word_1_296' title='bbox 528 4023 567 4089; x_wconf 87' lang='lat'>¹)</span> <span class='ocrx_word' id='word_1_297' title='bbox 607 4022 818 4076; x_wconf 83' lang='lat' dir='ltr'>Graeca</span> <span class='ocrx_word' id='word_1_298' title='bbox 854 4022 1051 4075; x_wconf 77' lang='lat' dir='ltr'>verba:</span> <span class='ocrx_word' id='word_1_299' title='bbox 1087 4019 1487 4089; x_wconf 79' lang='grc' dir='ltr'><strong><em>βασιλευσαντός</em></strong></span> <span class='ocrx_word' id='word_1_300' title='bbox 1525 4026 1620 4071; x_wconf 88' lang='grc' dir='ltr'>σοῦ</span> <span class='ocrx_word' id='word_1_301' title='bbox 1658 4019 1731 4076; x_wconf 80' lang='grc' dir='ltr'>εἷς</span> <span class='ocrx_word' id='word_1_302' title='bbox 1768 4017 1862 4085; x_wconf 84' lang='grc' dir='ltr'>τὴν</span> <span class='ocrx_word' id='word_1_303' title='bbox 1891 4018 2458 4085; x_wconf 83' lang='grc' dir='ltr'><strong><em>τεσσαρεσκαιδεκάτην</em></strong></span> <span class='ocrx_word' id='word_1_304' title='bbox 2486 4016 2650 4069; x_wconf 78' lang='grc' dir='ltr'><strong><em>ἐπινέ-</em></strong></span> 
     </span>
     <span class='ocr_line' id='line_1_38' title="bbox 342 4096 2650 4170; baseline -0.002 -16"><span class='ocrx_word' id='word_1_305' title='bbox 342 4122 529 4169; x_wconf 83' lang='grc' dir='ltr'><strong><em>μησιν,</em></strong></span> <span class='ocrx_word' id='word_1_306' title='bbox 577 4116 814 4170; x_wconf 87' lang='lat' dir='ltr'>congrue</span> <span class='ocrx_word' id='word_1_307' title='bbox 850 4101 999 4154; x_wconf 87' lang='lat' dir='ltr'>verti</span> <span class='ocrx_word' id='word_1_308' title='bbox 1036 4106 1291 4167; x_wconf 85' lang='lat' dir='ltr'>possunt,</span> <span class='ocrx_word' id='word_1_309' title='bbox 1343 4116 1535 4167; x_wconf 84' lang='lat' dir='ltr'>„quum</span> <span class='ocrx_word' id='word_1_310' title='bbox 1572 4096 1861 4164; x_wconf 85' lang='lat' dir='ltr'>imperium</span> <span class='ocrx_word' id='word_1_311' title='bbox 1899 4098 2131 4165; x_wconf 85' lang='lat' dir='ltr'>adeptus</span> <span class='ocrx_word' id='word_1_312' title='bbox 2170 4113 2317 4151; x_wconf 82' lang='lat' dir='ltr'>esses</span> <span class='ocrx_word' id='word_1_313' title='bbox 2355 4096 2650 4150; x_wconf 86' lang='lat' dir='ltr'>indictione</span> 
     </span>
     <span class='ocr_line' id='line_1_39' title="bbox 345 4180 837 4247; baseline -0.004 -13"><span class='ocrx_word' id='word_1_314' title='bbox 345 4181 558 4235; x_wconf 88' lang='lat' dir='ltr'>decima</span> <span class='ocrx_word' id='word_1_315' title='bbox 594 4180 837 4247; x_wconf 86' lang='lat' dir='ltr'>quarta.“</span> 
     </span>
    </p>
   </div>
  </div>
 </body>
</html>
