3270 5028
668 428 742 479 64
1397 425 1480 481 De
1512 424 1733 479 haeresi
1769 423 2249 478 Iconoclastarum.

672 574 908 641 κυνεῖν,
966 589 1094 630 11113
1139 588 1291 631 voce
1333 566 1539 631 latina
1584 563 1881 629 adoratio
1936 572 2001 629 et
2046 563 2319 629 adorare
2374 566 2691 628 translata
2740 569 2976 642 essent,

614 612 633 749 1
671 663 792 727 hoc
838 664 1098 727 verbum
1150 664 1520 747 ambiguum
1568 660 1870 739 adorare,
1927 661 2097 745 quod
2153 666 2289 736 tum
2339 683 2705 745 supremum
2752 662 2976 724 latriae

670 761 913 824 cultum
963 764 1100 824 tum
1147 760 1515 853 inferiorem
1561 759 1923 843 significare
1967 762 2211 841 potest,
2270 758 2544 841 episcopi
2594 757 2762 822 Galli
2810 779 2975 822 sem-

671 878 786 939 per
832 857 1028 940 priori
1074 878 1265 920 sensu
1321 857 1533 920 cultus
1587 856 1815 919 latriae
1872 856 2286 937 interpretati
2335 859 2505 918 sunt.
2599 853 2744 918 11110
2784 876 2978 937 quum

669 953 815 1035 quis
854 952 1141 1036 iudicare
1186 954 1388 1017 soleat
1433 954 1528 1017 uti
1575 952 1841 1016 affectus
1891 955 2017 1028 est,
2074 950 2245 1015 Galli
2291 973 2440 1015 vero
2496 951 2569 1015 in
2618 949 2978 1014 Orientales

669 1056 890 1113 essent
946 1050 1111 1112 male
1157 1049 1400 1126 affecti,
1460 1071 1594 1113 non
1652 1070 1854 1131 pauca
1911 1048 1981 1112 in
2028 1047 2313 1113 Concilio
2356 1046 2645 1111 Nicaeno
2701 1047 2868 1111 dicta
2913 1050 2979 1110 et

669 1150 859 1228 gesta
915 1145 1037 1228 ipsi
1097 1145 1167 1208 in
1227 1167 1487 1210 3011311111
1550 1151 2034 1228 praeposterum
2093 1143 2517 1209 detorserunt.
2609 1142 2825 1227 Atque
2887 1144 2978 1207 ita

671 1242 1017 1305 universim
1069 1241 1366 1305 Patribus
1416 1239 1717 1305 Nicaenis
1770 1262 1909 1304 eam
1964 1244 2436 1324 supposuerunt
2494 1240 2849 1305 doctrinam
2897 1239 2978 1302 ab

670 1337 770 1401 his
818 1339 1007 1421 plane
1055 1339 1361 1416 alienam,
1421 1339 1733 1422 imagines
1779 1360 2074 1420 supremo
2122 1337 2349 1401 latriae
2396 1337 2575 1401 cultu
2623 1336 2976 1401 adorandas

668 1456 837 1512 esse,
917 1440 984 1498 et
1062 1456 1141 1497 ex
1217 1435 1335 1500 1100
1413 1436 1621 1518 capite
1689 1456 1796 1499 eos
1866 1433 2421 1498 vehementissime
2497 1434 2979 1517 impugnarunt.

669 1528 794 1595 Sed
843 1531 1020 1594 varia
1068 1532 1262 1594 etiam
1311 1531 1388 1594 de
1438 1530 1615 1596 cultu
1647 1552 1976 1595 sacrarum
2026 1530 2378 1614 imaginum
2429 1531 2700 1613 episcopi
2750 1536 2814 1593 et
2859 1528 2977 1592 viri

668 1627 910 1691 eruditi
958 1626 1206 1692 Galliae
1249 1632 1690 1704 asseruerunt,
1752 1627 1998 1709 quibus*
2034 1626 2205 1689 hunc
2265 1626 2506 1690 cultum
2556 1627 2825 1689 nimium
2872 1625 2977 1687 de·

669 1724 943 1807 primere
991 1724 1322 1799 videntur,
1381 1724 1618 1807 partim
1659 1722 1823 1806 quod
1882 1723 2293 1787 animositate
2350 1729 2575 1787 contra
2622 1720 2978 1786 Orientales

671 1841 746 1883 eo
793 1821 1049 1884 deducti
1094 1821 1256 1894 sint,
1319 1822 1554 1903 partim
1603 1819 1772 1903 quod
1827 1820 2160 1883 notionem
2222 1841 2355 1884 non
2403 1819 2557 1883 satis
2610 1818 2976 1883 distinctam

670 1916 748 1979 de
806 1938 923 1980 usu
986 1922 1052 1980 et
1117 1917 1293 1980 cultu
1358 1939 1683 1981 sacrarum
1737 1915 2091 1999 imaginum
2158 1915 2492 1981 haberent.
2582 1914 2748 1979 Illud
2809 1917 2974 1979 enim

672 2012 1309 2077 animadvertendum
1357 2020 1482 2077 est:
1539 2012 1689 2076 dum
1736 2012 2034 2076 subtilior
2080 2013 2360 2095 analysis
2405 2012 2482 2075 de
2530 2013 2707 2076 cultu
2750 2012 2977 2095 imagi-

671 2132 827 2174 num
885 2110 1279 2190 instituitur,
1344 2111 1481 2173 fieri
1539 2109 1727 2174 facile
1791 2130 2002 2192 posse,
2067 2108 2602 2192 quemadmodum
2659 2109 2853 2173 etiam
2908 2108 2974 2172 in

673 2207 814 2270 aliis
877 2207 1064 2270 rebus
1129 2228 1292 2290 quae
1353 2206 1664 2289 pietatem
1733 2204 2151 2270 christianam
2216 2210 2512 2289 spectant
2580 2206 2836 2279 accidit,
2907 2209 2979 2268 ut

672 2300 933 2385 aliquod
977 2303 1362 2367 elementum
1416 2324 1546 2366 non
1607 2303 1765 2366 satis
1812 2323 1849 2365 a
1895 2302 2373 2384 disputantibus
2418 2302 2853 2385 intelligatur,
2912 2308 2979 2366 et

673 2399 1102 2463 dissensiones
1175 2401 1250 2463 de
1318 2399 1528 2463 indole
1595 2422 1748 2464 usus
1818 2402 1882 2462 et
1949 2399 2158 2461 cultus
2234 2420 2558 2463 sacrarum
2624 2399 2976 2483 imaginum

334 2545 337 2550 .
405 2546 408 2549 .
671 2497 983 2560 oriantur.

333 2590 516 2672 Indol'tps
557 2600 650 2671 0¹31·
851 2593 951 2678 752
1012 2592 1102 2656 Ut
1149 2614 1298 2657 vero
1356 2594 1670 2677 judicium
1732 2593 1807 2657 de
1868 2593 2195 2656 sententia
2253 2592 2583 2658 Gallorum
2642 2593 2978 2658 efformare

363 2663 621 2765 tusnffisgp
672 2692 1017 2773 possimuS‚
1077 2690 1335 2773 juvabit
1393 2689 1511 2754 hoc
1569 2692 1709 2754 loco
1766 2691 2042 2754 recolere
2102 2711 2303 2773 pauca
2367 2690 2444 2753 de
2496 2687 2710 2753 indole
2768 2687 2978 2753 cultus

671 2805 1013 2870 sacrarum
1079 2784 1462 2868 imaqinum.
1583 2787 1810 2852 Cultus
1880 2786 2237 2869 genera-tim
2304 2786 2595 2851 consistit
2662 2786 2733 2850 in
2801 2783 2979 2870 agni·

669 2885 849 2948 tione
909 2889 973 2947 et
1027 2884 1482 2949 testificatione
1542 2883 1994 2958 excellentiae,
2055 2904 2245 2965 quam
2306 2884 2378 2946 in
2436 2883 2650 2966 aliquo
2696 2884 2978 2966 agnosci-

669 3003 832 3046 mus,
922 2978 1004 3043 In
1051 2981 1272 3045 ordine
1330 2981 1693 3065 ontologico
1751 2980 2032 3063 dignitas
2087 2986 2153 3043 et
2201 2981 2688 3063 praerogativae
2743 2980 2981 3044 dantur

669 3079 979 3162 imprimis
1027 3070 1394 3157 naturales,
1457 3100 1509 3141 e.
1560 3099 1619 3161 g.
1678 3077 1857 3141 dotes
1911 3076 2271 3159 praeclarae
2314 3076 2512 3139 animi
2570 3079 2635 3139 et
2680 3075 2976 3158 corporiS‚

670 3197 939 3238 munera
999 3174 1066 3237 in
1122 3173 1544 3256 gubernanda
1599 3174 1926 3256 republica
1979 3176 2302 3256 suscepta,
2359 3173 2585 3256 hisque
2634 3172 2978 3256 respondet

667 3272 880 3335 cultus
926 3271 1057 3346 ille,
1105 3272 1213 3353 qui
1259 3271 1466 3335 honor
1498 3268 1708 3334 civilis
1753 3270 1983 3334 merito
2024 3270 2403 3351 appellatur.
2481 3268 2690 3334 Datur
2734 3269 2977 3352 pariter

667 3368 738 3431 in
798 3368 1023 3430 ordine
1085 3367 1450 3449 ontologico
1512 3367 1896 3431 excellentia
1958 3370 2023 3429 et
2090 3366 2371 3450 dignitas
2430 3363 2974 3447 supernaturalia

668 3464 879 3548 qualis
944 3467 1043 3527 est
1106 3463 1440 3546 praecipue
1504 3464 1642 3545 ipsa
1704 3463 1962 3527 infinita
2025 3463 2332 3546 perfectio
2397 3462 2547 3540 Dei,
2618 3463 2764 3526 dein
2827 3484 2976 3527 vero

668 3560 1051 3625 excellentia
1129 3564 1195 3623 et
1270 3559 1550 3643 dignitas
1619 3559 2123 3643 supernaturalis
2198 3560 2503 3623 creaturis
2576 3559 2976 3642 participata,

664 3657 943 3721 maxime
998 3656 1308 3721 sanctitas
1365 3661 1431 3720 et
1483 3656 1725 3740 gloriae
1788 3654 1987 3734 dona,
2041 3656 2271 3738 quibus
2318 3654 2505 3720 Beati
2553 3655 2689 3721 Deo
2747 3656 2979 3720 intime

596 3797 597 3800 κ
668 3760 741 3816 ut
788 3752 976 3816 amici
1035 3754 1174 3837 ejus
1221 3754 1728 3835 conjunguntur.
1819 3752 1989 3816 Huic
2034 3752 2231 3836 igitur
2278 3752 2705 3835 praestantiae
2752 3752 2821 3815 in
2873 3774 2975 3817 or-

667 3850 818 3913 dine
876 3848 1354 3932 supernaturali
1403 3849 1600 3912 etiam
1651 3848 1995 3931 respondet
2042 3849 2250 3912 cultus
2305 3848 2644 3913 distinctus
2703 3871 2740 3912 a
2797 3849 2973 3914 cultu

665 3967 779 4009 seu
826 3946 1071 4010 honore
1127 3944 1325 4020 civili,
1380 3945 1675 4008 videlicet
1733 3946 1943 4009 cultus
1998 3942 2357 4026 reliyiosua
2414 3981 2501 3989 —
2555 3944 2784 4010 Merito
2842 3946 2977 4009 cul-

665 4045 807 4105 tum
871 4043 1237 4126 religiosum
1297 4040 1754 4123 distinguimus
1814 4042 1882 4104 in
1950 4041 2192 4105 cultum
2255 4060 2629 4123 supremum
2686 4042 2794 4126 qui
2856 4043 2975 4107 soli

668 4138 805 4203 Deo
851 4139 1112 4203 infinito
1169 4142 1234 4201 et
1291 4138 1576 4201 omnium
1633 4160 1846 4202 rerum
1892 4137 2167 4203 Domino
2219 4127 2677 4219 tribuiturfet
2733 4138 2976 4203 cultum
