3270 5028
1036 453 1249 507 Bellum
1287 459 1478 507 contra
1514 454 1919 521 Langobardos,
2533 457 2632 508 129

505 594 606 656 54.
672 591 796 657 Sed
848 595 1229 678 Aistulphus
1291 617 1401 658 rex
1461 595 2036 680 Longobardorum
2097 595 2424 678 promissis
2484 595 2630 658 nul·
2655 592 2964 695 Αρῑζὲᾒξξὶἰὲὓ·

324 688 584 753 latenus
652 691 870 769 stetit,
949 697 1016 755 et
1085 713 1303 755 versus
1377 692 1573 756 finem
1643 693 1801 757 anni
1866 694 1994 756 754
2062 692 2494 774 Hieronymus
2563 713 2635 754 ac
2925 682 2938 694 ’

326 783 644 849 Fulradus
709 787 776 849 in
824 786 1163 853 Franciam
1230 788 1470 852 rediere
1535 811 1672 853 cum
1742 789 2010 867 litteris,
2077 811 2188 872 per
2245 810 2408 871 quas
2470 788 2635 870 apud

330 880 633 963 Pipinum
689 884 960 967 ejusque
1016 885 1179 948 filios
1241 904 1426 967 reges
1479 883 1869 950 Francorum
1929 890 1995 949 et
2051 886 2354 969 patricios
2402 884 2637 948 Roma-

328 1000 563 1041 norum
608 1001 826 1043 amare
869 987 1137 1064 questus
1185 987 1288 1045 est
1333 979 1736 1064 Stephanus,
1798 982 1966 1066 quod
2015 981 2392 1064 Aistulphus
2452 985 2636 1064 pacta

327 1073 499 1138 haud
543 1080 848 1155 servaret,
898 1077 1185 1161 nihilque
1231 1078 1618 1160 reipublicae
1665 1084 1731 1142 et
1778 1079 2077 1142 ecclesiae
2122 1076 2450 1142 Romanae
2498 1078 2639 1140 red-

328 1170 612 1235 didisset.
702 1171 784 1236 In
825 1174 903 1236 iis
951 1174 1122 1237 enim
1160 1174 1394 1238 litteris
1456 1175 1548 1237 ait
1598 1174 1903 1239 Pontifex
1952 1176 2028 1238 de
2073 1174 2447 1258 Aistulpho:
2506 1172 2637 1237 Nec

330 1269 534 1335 unius
597 1267 804 1350 palmi
875 1273 1089 1334 terrae
1156 1268 1444 1351 spatium
1516 1269 1693 1334 beato
1763 1270 1986 1347 Petra,
2055 1275 2440 1352 sanctaeque
2509 1269 2640 1333 Dei

328 1366 625 1431 ecclesiae
670 1364 768 1429 vel
807 1365 1199 1447 reipublicae
1243 1365 1697 1431 Romanorum
1742 1367 2005 1431 reddere
2042 1387 2283 1448 passus
2327 1370 2451 1443 est,
2518 1369 2632 1430 etsi

330 1465 454 1537 illi,
503 1484 732 1545 nempe
782 1462 1052 1545 Pipinus
1100 1471 1167 1527 et
1212 1465 1356 1540 filii,
1403 1463 1687 1545 propria
1730 1463 2062 1528 voluntate
2098 1484 2221 1545 per
2267 1461 2643 1527 donationis

320 1557 643 1641 payinam
705 1558 787 1622 B.
850 1557 1046 1623 Petro
1104 1563 1490 1641 sanctaeque
1551 1560 1683 1624 Dei
1744 1559 2071 1625 Ecclesiae
2129 1564 2190 1623 et
2249 1558 2644 1642 reipublicae

329 1654 625 1719 civitates
690 1659 752 1718 et
818 1654 952 1719 loca
1021 1655 1426 1720 restituenda
1493 1656 1997 1737 confirmassent.
2019 1658 2064 1735 1)
2177 1658 2390 1721 Variis
2457 1680 2636 1741 prae-

329 1759 511 1818 terea
556 1753 864 1817 molestiis
911 1752 1293 1836 Aistulphus
1342 1754 1718 1818 Pontificem
1779 1756 2022 1838 affecit3
2079 1777 2208 1838 qua
2264 1754 2339 1817 de
2399 1777 2467 1818 re
2514 1754 2641 1817 alia

329 1849 601 1932 epistola
644 1847 1016 1932 Stephanus
1072 1849 1238 1933 apud
1285 1849 1591 1933 Pipinum
1648 1850 2138 1934 conqueritur.²)
2229 1850 2451 1926 Quum·
2491 1872 2638 1914 vero

330 1948 600 2010 ineunte
648 1967 822 2009 anno
871 1947 995 2009 756
1041 1945 1424 2029 Aistulphus
1471 1948 1673 2029 ipsam
1722 1948 1945 2011 urbem
1984 1948 2343 2012 Romanam
2390 1947 2642 2031 ingenti

331 2046 702 2125 comparato
749 2043 1035 2106 exercitu
1093 2043 1427 2107 obsidione
1462 2045 1781 2127 cingeret,
1843 2043 2150 2108 Pontifex
2199 2043 2642 2108 vehementius

331 2160 449 2222 per
491 2140 739 2223 legatos
798 2144 861 2202 et
915 2140 1164 2202 litteras
1212 2139 1510 2221 Pipinum
1569 2140 1934 2205 obtestatus
1990 2146 2115 2217 est,
2177 2145 2248 2204 ut
2295 2161 2458 2223 quae
2506 2162 2642 2223 pro-

333 2235 598 2299 miserat
643 2237 929 2317 expleret
984 2237 1440 2319 ecclesiamque
1495 2257 1568 2298 ac
1621 2236 1950 2300 civitatem
1996 2236 2267 2300 Romam
2326 2258 2491 2300 nova
2536 2258 2641 2299 ex·

330 2331 656 2414 peditione
704 2331 875 2396 facta
920 2338 1289 2416 protegeret
1334 2337 1399 2395 et
1436 2329 1888 2413 defenderet.³)

514 2429 618 2492 55.
684 2429 897 2512 Atque
947 2429 1066 2493 hoc
1122 2431 1259 2493 loco
1317 2450 1393 2492 ex
1451 2429 1564 2492 illa
1623 2431 1896 2512 epistola
1951 2431 2191 2494 referre
2239 2430 2495 2514 juvabit
2545 2450 2638 2507 ea,
2661 2451 2805 2492 Mores
2859 2449 2972 2491 Lon-

324 2526 567 2609 ‘quibus
637 2525 1209 2610 Longobardorum
1278 2547 1499 2618 Q}
1556 2527 1868 2591 immanes
1935 2528 2241 2592 Pontifex
2319 2527 2639 2591 describit.
2672 2511 2976 2564 g⁰b²³rd⁰¹¹m

335 2621 497 2686 Inde
562 2623 766 2707 magis
828 2624 1105 2707 patebit,
1169 2623 1400 2688 merito
1459 2622 1658 2687 Italos
1722 2623 1911 2708 hujus
1976 2626 2190 2708 gentis
2259 2624 2640 2689 dominatio-

337 2740 484 2783 nem
556 2719 998 2802 abhorruisse,
1061 2742 1135 2782 ac
1190 2721 1339 2802 jure
1401 2741 1511 2783 eos
1575 2722 1857 2803 potuisse
1911 2725 2139 2785 contra
2190 2722 2334 2786 illos
2394 2742 2642 2784 summo

335 2838 407 2879 se
473 2817 692 2898 vigore
760 2816 1127 2892 defendere,
1202 2816 1603 2899 aliorumque
1675 2818 1917 2881 auxilia
1982 2824 2231 2902 petere3
2305 2818 2644 2899 scriptores

335 2934 486 2977 vero
530 2914 637 2996 qui
671 2912 1243 2997 Longobardorum
1285 2913 1885 2996 magnanimitatem
1920 2918 2405 2995 animorumque
2452 2914 2647 2975 robur

337 3009 650 3087 evehunt,
719 3031 757 3071 a
824 3032 970 3073 vero
1037 3010 1360 3074 aberrare.
1476 3008 1756 3086 „Omnia
1825 3020 2008 3074 extra
2076 3010 2297 3072 urbem
2370 3007 2643 3091 praedia,

332 3105 558 3169 scribit
606 3104 940 3180 Pontifex,
1003 3100 1195 3189 longe
1243 3107 1499 3187 lateque
1548 3105 1715 3168 ferro
1761 3112 1827 3169 et
1872 3108 2022 3189 igne
2081 3107 2648 3186 consumpserunt;

336 3201 557 3265 domos
618 3223 837 3265 omnes
898 3202 1347 3266 comburentes
1417 3223 1619 3284 paene
1685 3202 1762 3263 ad
1834 3201 2254 3265 fundamenta
2316 3201 2647 3264 destruxe-

337 3303 510 3363 runt.
629 3298 942 3363 Ecclesias
1018 3298 1134 3361 Dei
1202 3297 1657 3370 incenderunt3
1729 3302 1793 3360 et
1861 3298 2318 3362 sacratissimas
2387 3299 2646 3360 sancto-

336 3418 478 3459 rum
552 3396 865 3479 imagines
928 3396 996 3458 in
1065 3396 1285 3479 ignem
1349 3394 1791 3475 projicienteS‚
1866 3395 1997 3457 suis
2061 3394 2290 3478 gladiis
2359 3414 2645 3457 consum-

339 3497 633 3575 pserunt3
690 3499 755 3556 et
801 3514 1070 3555 munera
1109 3493 1351 3565 sancta,
1399 3489 1465 3553 id
1511 3494 1610 3554 est
1655 3489 1882 3573 corpus
1929 3489 2192 3554 Domini
2241 3491 2441 3556 nostri
2487 3489 2643 3553 Jesu

336 3588 604 3664 Christi,
646 3590 713 3651 in
760 3589 890 3652 suis
938 3586 1389 3652 contaminatis
1436 3587 1723 3667 vasibuS‚
1775 3608 1939 3670 quae
1987 3586 2168 3650 folles
2214 3591 2478 3661 vocant,
2525 3586 2642 3648 mi·

330 3690 585 3763 serunt,
633 3692 727 3761 et,
774 3685 915 3749 cibo
959 3685 1244 3749 carnium
1294 3683 1551 3766 copioso
1600 3685 1910 3760 saturati,
1958 3683 2379 3747 comedebant
2425 3682 2640 3745 eadem

340 3804 634 3858 munera3
696 3782 1016 3845 velamina
1061 3781 1361 3845 altarium
1411 3782 1818 3845 ecclesiarum
1868 3780 1989 3844 Dei
2039 3782 2141 3844 vel
2189 3781 2407 3845 omnia
2454 3801 2648 3842 orna-

522 4024 565 4092 1)
605 4025 731 4079 Cod.
770 4023 891 4077 Car.
932 4041 1015 4092 ep.
1053 4028 1103 4090 6,
1138 4024 1269 4079 edit.
1306 4023 1468 4088 Jaffe‚
1505 4041 1557 4092 p.
1595 4027 1680 4077 35.
1720 4027 1804 4077 36.

520 4103 563 4170 ²)
605 4104 733 4158 Cod.
773 4102 891 4156 Car.
932 4120 1013 4172 ep.
1054 4107 1100 4157 7.
1138 4105 1175 4158 l.
1216 4121 1259 4157 c.
1295 4120 1348 4171 p.
1383 4107 1468 4157 37.

520 4183 563 4249 ⁸)
601 4183 731 4238 Cod.
772 4183 889 4236 Car.
931 4199 1049 4251 epp.
1085 4187 1133 4237 8.
1174 4187 1221 4235 9.

447 4281 709 4332 Jungmann,
736 4280 1091 4322 Dissertationes.
1146 4281 1268 4323 Tom.
1300 4279 1389 4320 ΙΙΙ.
2299 4271 2333 4319 9
