3270 5028
668 461 773 512 294
1004 459 1153 512 XVI.
1193 458 1399 513 Causae
1438 458 1678 513 celebres
1717 465 1774 512 et
1808 459 2127 513 Decretales
2164 458 2626 513 Pseudo-Isidori.

669 599 1037 684 Respondet
1098 599 1304 683 Papa:
1370 598 1713 681 Numquid
1768 620 1900 665 ‘non
1964 598 2103 681 ipse
2154 598 2356 679 nosti,
2420 597 2577 680 quia
2636 598 2713 665 iu
2777 618 2991 664 causa

668 715 833 778 quae
897 715 939 760 a
1006 695 1264 761 Joanne
1320 695 1698 778 presbytero
1761 700 1989 761 contra
2049 696 2372 761 Joarmem
2423 694 2767 762 CPtauum
2832 696 2987 779 fra-

627 783 830 856 ‘trem
894 795 955 856 et
1017 792 1451 874 coepiscopum
1519 797 1818 858 nostrum
1882 796 2027 857 orta
2090 796 2218 872 est,
2284 792 2636 882 secundum
2702 812 2988 858 canones

667 888 755 953 ad
814 887 1036 953 sedem
1083 888 1520 971 Apostolicam
1574 888 1888 970 recurrit,
1947 894 2009 953 et
2061 894 2288 954 nostra
2344 892 2439 953 est
2493 888 2816 954 sententia
2873 888 2985 953 dc-

662 984 908 1066 fim’ta?
971 984 1031 1049 si
1076 1005 1226 1068 erqo
1266 985 1342 1050 de
1385 985 1504 1051 illa
1549 986 1826 1066 civitate,
1868 986 1983 1051 ubi
2017 986 2327 1069 princeps
2373 989 2493 1060 est,
2553 985 2641 1050 ad
2682 989 2988 1051 nostram

666 1101 867 1147 causa
913 1081 1335 1164 coqu-itionem
1384 1082 1657 1148 deducta
1702 1088 1824 1163 est,
1882 1087 2124 1165 quanto
2172 1082 2382 1166 maqis
2427 1081 2756 1165 ‘neqotium
2804 1081 2986 1164 quod

665 1182 892 1243 contra
934 1198 1045 1242 vos
1088 1182 1198 1258 est,
1245 1177 1350 1243 hic
1396 1183 1489 1243 est
1533 1180 1806 1244 veritate
1851 1180 2109 1262 coquito.
2154 1178 2647 1244 terminandum
2666 1178 2703 1242 ‚9
2722 1178 2767 1258 ¹)
2860 1180 2987 1244 Vi-

665 1277 853 1340 detur
900 1274 963 1340 S.
1014 1273 1360 1360 Gregorius
1413 1276 1518 1340 hic
1571 1278 1970 1342 intellexisse
2029 1299 2309 1342 canones
2357 1276 2800 1353 SardicenseS,
2864 1276 2987 1359 qui

661 1396 780 1462 per
839 1373 1205 1457 analogiam
1267 1372 1348 1436 ab
1410 1374 1720 1458 episcopis
1781 1375 1852 1438 in
1913 1375 2321 1458 presbyteros
2384 1374 2615 1437 merito
2674 1372 2987 1437 extende-

662 1470 923 1533 bantur.
1013 1470 1213 1533 Porro
1271 1470 1765 1552 appellationem
1824 1471 2073 1535 abbatis
2116 1470 2634 1535 Ravennatensis
2689 1491 2987 1533 summus

667 1566 973 1630 Pontifex
1041 1567 1237 1631 etiam
1297 1567 1446 1650 jure
1506 1567 1931 1650 patriarchico
1987 1567 2379 1645 OccidentiS,
2441 1572 2517 1631 ut
2580 1589 2718 1631 eam
2780 1588 2989 1650 quam

662 1662 950 1729 Joannes
1012 1662 1345 1745 presbyter
1416 1662 1952 1729 Chalcedonensis
2022 1668 2246 1730 contra
2317 1663 2641 1729 ‚loannem
2703 1663 2989 1746 patriar-

663 1760 848 1825 cham
888 1758 1223 1824 CPtanum
1267 1761 1761 1844 interposuerat,
1811 1760 1946 1824 solo
1991 1761 2185 1825 titulo
2231 1760 2460 1843 capitis
2493 1758 2815 1824 Ecclesiae
2864 1759 2987 1822 ad-

665 1856 924 1920 mittere
974 1860 1248 1939 poterat.

843 1994 946 2059 86.
995 1994 1260 2079 Major-is
1307 1996 1500 2058 etiam
1559 1997 1958 2060 auctoritatis
2013 1996 2280 2060 fuerunt
2335 2019 2439 2072 ea,
2506 2017 2670 2080 quae
2730 2018 2768 2059 a
2813 1994 2985 2060 Gre-

663 2093 843 2177 gorio
897 2096 1082 2176 gesta
1137 2096 1293 2155 sunt
1348 2095 1571 2156 contra
1626 2091 1782 2156 duos
1831 2092 2006 2156 urbis
2052 2090 2471 2157 Solonitanae
2530 2093 2597 2156 in
2646 2092 2985 2157 Dalmatia

663 2188 1194 2271 metropolitanos
1254 2187 1375 2251 sibi
1438 2187 1710 2252 invicem
1773 2187 2211 2271 succedenteS,
2275 2187 2577 2252 Natalem
2644 2193 2710 2252 et
2764 2187 2984 2252 Maxi-

661 2308 857 2352 mum.
961 2282 1194 2347 Natali
1252 2284 1606 2367 praecepit,
1673 2288 1746 2347 ut
1796 2284 2200 2349 Honoratum
2260 2285 2782 2350 archidiaconatu
2839 2286 2983 2369 pri-

661 2387 878 2447 vatum
949 2381 1283 2456 restituat,
1354 2385 1554 2464 utque
1624 2380 1761 2464 ipse
1824 2402 1934 2464 per
2004 2404 2072 2446 se
2139 2383 2240 2446 vel
2310 2404 2424 2465 per
2492 2386 2975 2465 procuratorem

662 2480 903 2545 Romae
951 2479 1347 2561 compareat,
1403 2476 1620 2561 ibique
1677 2499 1865 2542 causa
1920 2481 1990 2543 in
2035 2483 2375 2564 utramque
2430 2484 2679 2563 partem
2727 2479 2975 2544 exami-

658 2584 815 2643 nata
886 2575 1280 2640 sententiam
1358 2572 1772 2659 exspectet.²)
1904 2575 2202 2640 Maximo
2274 2577 2350 2640 de
2436 2577 2712 2640 simonia
2787 2599 2975 2640 aceu-

656 2683 797 2739 sato
861 2672 1154 2751 mandat,
1228 2673 1363 2755 ipse
1431 2692 1498 2734 se
1565 2672 1752 2736 sistat
1821 2671 2094 2757 Romae3
2169 2678 2553 2737 renuentem
2625 2694 2699 2737 ac
2758 2696 2973 2737 moras

657 2770 1026 2836 trahentem
1088 2768 1480 2851 gravissimis
1547 2769 1832 2832 censuris
1900 2767 2177 2848 afficit.³)
2288 2769 2679 2854 Hujusmodi
2748 2775 2967 2835 autem

652 2868 894 2953 judicia
936 2867 1131 2950 juxta
1186 2886 1505 2929 canonum
1558 2865 1754 2929 verba
1808 2867 2023 2950 potius
2081 2868 2355 2949 primum
2413 2867 2491 2931 ad
2546 2867 2974 2951 provinciales

656 2964 932 3049 synodos
986 2961 1394 3046 spectabant3
1457 2966 1645 3025 erant
1696 2967 1915 3027 tamen
1972 2962 2279 3047 adjuncta
2332 2965 2707 3048 peculiaria,
2770 2967 2845 3026 ut
2892 2962 2973 3027 ad

656 3084 722 3126 se
792 3064 1084 3125 evocaret
1151 3057 1457 3123 Pontifex
1527 3060 1656 3122 ista
1724 3060 1987 3143 negotia
2054 3061 2315 3143 majora.
2438 3060 2658 3144 Atque
2729 3059 2973 3142 Grego-

656 3159 789 3221 rius
836 3179 969 3221 non
1017 3156 1215 3219 semel
1261 3159 1695 3233 contestatur,
1751 3155 1921 3238 quod
1968 3156 2134 3220 sicut
2177 3158 2312 3238 ipse
2358 3179 2501 3233 sua,
2561 3158 2653 3221 sic
2698 3158 2972 3222 aliorum

660 3275 915 3338 quoque
972 3252 1373 3316 confratrum
1437 3254 1585 3335 jura
1648 3273 1902 3334 prorsus
1962 3253 2138 3316 salva
2196 3256 2262 3317 et
2320 3254 2568 3318 intacta
2601 3254 2776 3319 velit.
2851 3250 2979 3317 Sed

649 3347 1129 3432 plenitudinem
1176 3345 1696 3430 jurisdictioniS,
1768 3349 2118 3413 observatis
2180 3349 2438 3434 quidem
2507 3349 2717 3434 quoad
2785 3348 2974 3413 indo-

656 3447 780 3511 len
829 3445 1218 3526 canonibus,
1274 3445 1465 3508 simul
1522 3449 1746 3508 tamen
1791 3446 2236 3510 necessitatem
2296 3453 2654 3529 temporum
2700 3445 2973 3510 bonum-

660 3564 783 3626 que
829 3542 1238 3605 ecclesiarum
1283 3540 1649 3623 respicienS,
1701 3543 2055 3607 exercebat.
2059 3539 2114 3620 4)
2162 3580 2234 3588 -
2288 3542 2534 3608 Notare
2582 3544 2776 3607 etiam
2823 3564 2974 3607 con-

658 3639 868 3716 venit,
927 3637 1251 3702 Romanos
1294 3637 1644 3702 Pontifices
1699 3637 1766 3700 in
1827 3638 2132 3703 exercitio
2180 3639 2651 3749 jurisdictionis
2699 3660 2852 3702 suae
2898 3640 2972 3703 in

660 3734 1005 3800 Occidente
1081 3734 1310 3797 merito
1387 3735 1670 3817 potuisse
1747 3735 2061 3818 respicere
2138 3757 2239 3814 ea,
2316 3757 2481 3819 quae
2553 3737 2625 3799 in
2701 3734 2971 3800 Oriente

838 3958 883 4026 ¹)
921 3959 979 4011 L.
1007 3958 1073 4011 V.
1112 3973 1195 4026 ep.
1233 3961 1319 4015 24.

833 4036 877 4103 2)
916 4037 982 4091 V.
1019 4037 1079 4090 L.
1119 4037 1193 4090 H.
1234 4053 1315 4107 ep.
1360 4041 1428 4092 14
1464 4045 1520 4093 et
1559 4041 1624 4092 15
1663 4039 1881 4103 (Indict.
1922 4040 2012 4105 X.)

836 4115 879 4183 ³)
913 4116 979 4170 V.
1006 4116 1067 4168 L.
1086 4115 1190 4168 ΠΙ.
1230 4133 1311 4185 ep.
1335 4118 1402 4170 15
1434 4124 1491 4172 et
1516 4119 1613 4184 203
1651 4117 1711 4170 L.
1741 4118 1806 4171 V.
1847 4134 1928 4185 ep.
1969 4121 2025 4186 33
2063 4119 2122 4171 L.
2149 4118 2274 4172 VII.
2306 4134 2389 4188 ep.
2419 4121 2511 4186 815
2553 4118 2614 4173 L.
2642 4119 2738 4173 XI.
2771 4136 2851 4188 ep.
2884 4123 2970 4175 13.

832 4193 878 4262 ⁴)
917 4194 1029 4249 Cfr.
1068 4194 1297 4259 Becker,
1337 4196 1482 4251 Hist.
1523 4196 1655 4251 eccl.
1694 4196 1756 4250 L.
1795 4196 1888 4250 IV.
1929 4212 2068 4251 saec.
2096 4197 2191 4250 VI.
2231 4196 2278 4266 ξ.
2321 4200 2401 4251 14.
