3270 5028
677 387 692 418 ἰ

730 488 836 539 386
1411 483 1589 537 XVII.
1628 483 1711 538 De
1751 482 2047 537 schismate
2083 482 2373 537 Photiano.

731 626 950 692 Photii
996 630 1221 690 contra
1254 626 1592 692 Nicolaum
1623 628 2086 702 consenserant
2119 630 2186 689 et
2222 625 2751 709 subscripserant,
2799 625 2862 689 si
2909 629 3080 687 acta

726 723 840 787 illa
885 722 1159 787 fiammis
1206 722 1627 801 tradiderint,
1685 721 1958 786 decretis
2005 720 2256 787 Nicolai
2310 744 2552 787 morem
2606 721 2939 806 gesserint
2997 724 3075 782 et

725 819 1040 883 redierint
1083 818 1162 883 ad
1208 820 1722 884 communionem
1769 817 2010 903 Ignatii
2053 818 2484 900 patriarchae,
2508 819 2597 883 ·in
2646 818 3070 882 communio·

726 938 876 980 nem
933 914 1253 980 Ecclesiae
1302 915 1573 999 recepti,
1637 915 1739 979 sin
1797 915 2007 978 minus
2065 935 2140 978 ea
2193 914 2442 999 indigni
2497 914 2803 978 declarati
2866 916 3064 978 sunt.

730 1011 966 1077 Omnes
1014 1011 1126 1095 qui
1171 1011 1578 1077 conciliabuli
1623 1010 1933 1074 Photiani
1977 1015 2123 1074 acta
2167 1009 2619 1075 absconderint
2667 1010 2768 1074 vel
2813 1010 3057 1073 defen-

725 1110 941 1174 derint
988 1112 1052 1171 et
1094 1129 1227 1171 non
1282 1108 1501 1192 potius
1549 1108 1688 1193 igni
1738 1106 2145 1185 devoverint,
2208 1106 2261 1170 si
2312 1106 2448 1170 sint
2493 1107 2702 1172 clerici
2750 1128 2785 1170 e
2831 1106 3057 1191 gradu

723 1227 837 1269 suo
910 1204 1140 1289 dejecti
1210 1208 1391 1282 sunt,
1463 1202 1519 1268 si
1575 1204 1724 1268 laici
1786 1202 2184 1267 anathemati
2239 1203 2526 1287 subjecti.
2542 1200 2592 1282 ¹)
2699 1202 3059 1267 Postremo

724 1323 945 1366 omnes
1014 1303 1122 1384 qui
1188 1302 1258 1366 in
1321 1301 1563 1384 synodo
1625 1300 1920 1378 aderant,
1985 1322 2064 1363 ex
2124 1300 2384 1364 ecclesia
2443 1298 2511 1367 S.
2571 1299 2746 1364 Petri
2794 1300 3055 1384 egressi

723 1406 904 1477 sunt,
965 1403 1030 1462 et
1077 1401 1146 1462 in
1207 1398 1513 1481 gradibus
1566 1397 1794 1480 templi
1850 1395 2047 1461 codex
2094 1396 2203 1459 ille
2262 1396 2371 1480 qui
2428 1400 2572 1460 acta
2627 1396 3054 1461 conciliabuli

722 1494 1028 1559 Photiani
1067 1494 1467 1572 continebat,
1514 1515 1725 1578 coram
1773 1493 2069 1558 omnibus
2092 1492 2250 1575 igni
2295 1492 2569 1558 traditus
2619 1497 2731 1558 est.
2831 1490 3053 1571 Quem

721 1588 1060 1668 nimirum,
1109 1591 1201 1654 ait
1238 1595 1459 1654 auctor
1481 1590 1674 1654 Vitae
1706 1573 2288 1671 Hadrianisroqus
2334 1592 2407 1653 ut
2444 1589 2804 1671 fomentum
2835 1589 3053 1669 quod·

722 1686 871 1751 dam
917 1685 1096 1769 iqnis
1149 1684 1421 1772 excepit,
1478 1689 1540 1750 et
1583 1704 1796 1767 paene
1849 1688 2198 1765 antequam
2253 1684 2634 1750 semiustum
2694 1685 2870 1751 credi
2918 1707 3053 1768 po-

723 1782 969 1856 tuisset,
1014 1802 1157 1847 cum
1204 1802 1441 1865 maqno
1481 1781 1720 1864 foetere
1754 1780 2052 1863 picisque
2085 1781 2274 1845 odore
2320 1781 2732 1864 consumpsit,
2777 1787 2839 1847 et
2889 1804 3049 1849 cum

716 1878 888 1961 forte
930 1878 1118 1961 focus
1162 1877 1600 1946 inundatione
1648 1877 1918 1960 pluviae
1965 1877 2368 1943 naturaliter
2421 1877 2736 1943 debuisset
2783 1880 3044 1945 exstin-

713 1974 853 2058 qui,
896 1975 983 2041 ad
1014 1975 1314 2058 pluviam
1362 1974 1554 2056 quasi
1593 1974 1680 2039 ad
1717 1978 1945 2057 quttas
1972 1974 2093 2039 olei
2134 1974 2402 2055 flamma
2450 1974 2798 2056 convaluit,
2849 1983 2915 2041 et
2965 1977 3045 2042 in

722 2071 944 2137 laudes
990 2071 1121 2137 Dei
1165 2070 1689 2151 sanctissimique
1733 2070 1956 2154 Papae
1995 2071 2272 2152 Nicolai,
2321 2071 2642 2153 simulque
2686 2073 3043 2139 Hadriani

719 2167 960 2233 summi
989 2168 1330 2250 Pontificis
1360 2166 1670 2234 miraculi
1698 2172 1943 2251 stupor,
1991 2173 2127 2234 tam
2158 2167 2558 2235 Latinorum
2591 2189 2783 2251 quam
2823 2169 3043 2236 Grae-

720 2285 941 2330 corum
988 2266 1181 2330 corda
1226 2262 1562 2350 resolvit.²)

387 2374 542 2477 {3⁶55
592 2377 700 2447 13⁰¹?
896 2383 998 2445 80.
1066 2381 1222 2447 Post
1296 2380 1609 2464 synodum
1687 2381 2070 2445 celebratam
2139 2380 2507 2446 Hadrianus
2583 2404 2725 2446 cum
2792 2384 3041 2468 legatis

452 2449 684 2542 disolffiffl
718 2475 1001 2544 CPtanis
1068 2477 1502 2543 remeantibus
1564 2476 1739 2543 misit
1806 2475 2139 2543 Donatum
2203 2478 2570 2562 episcopum
2641 2477 3039 2557 Ostiensem,

715 2573 1115 2660 Stephanum
1162 2576 1522 2659 episcopum
1572 2573 2001 2657 Nepesinum,
2061 2579 2126 2639 et
2170 2575 2497 2640 Marinum
2545 2575 2844 2641 ecclesiae
2894 2576 3036 2641 Ro·

716 2694 942 2737 manae
988 2672 1349 2754 diaconum,
1395 2675 1470 2736 ut
1510 2675 1886 2755 praeessent
1933 2670 2217 2736 Concilio
2263 2672 2567 2757 generali,
2619 2672 2788 2756 quod
2833 2696 2911 2737 ea
2959 2676 3033 2738 in

713 2771 873 2833 urbe
926 2792 1041 2853 per
1099 2768 1485 2833 industriam
1542 2767 1765 2832 Basilii
1825 2767 2240 2851 Imperatoris
2301 2769 2610 2833 celebrari
2673 2770 3031 2835 statuebat.

727 2865 1033 2931 Volumus
1078 2886 1254 2949 erqo,
1307 2865 1530 2930 scribit
1579 2865 1887 2930 Pontifex
1941 2866 2013 2928 in
2072 2865 2342 2948 epistola
2388 2865 2466 2929 ad
2512 2865 2851 2943 Basiliam,
2900 2886 3037 2948 per

710 2968 961 3029 vestrae
995 2962 1268 3046 pietatis
1309 2959 1714 3026 industriam
1759 2959 1895 3025 illic
1939 2957 2561 3046 (Constantinopoli)
2605 2981 3031 3027 numerosum

711 3060 1022 3125 celebrari
1071 3057 1460 3137 Concilium,
1509 3056 1617 3122 cui
1661 3056 1875 3122 nostri
1921 3077 2168 3139 quoque
2212 3056 2400 3123 missi
2434 3056 2911 3140 praesidentes,
2962 3064 3031 3124 et

711 3157 1054 3240 culparum
1120 3173 1683 3239 personarumque
1756 3152 2164 3237 differentias
2243 3153 2490 3235 liquido
2562 3161 3026 3239 coqnoscentes,

696 3255 905 3337 juxta
950 3254 1118 3335 quod
1161 3253 1235 3318 in
1278 3250 1610 3316 mandatis
1656 3255 2055 3333 acceperunt,
2102 3249 2515 3333 sinqulorum
2546 3249 2740 3317 libere
2785 3251 3034 3318 discre-

712 3349 917 3416 tiones
976 3347 1392 3433 exerceant.⁸)
1465 3384 1553 3393 —
1626 3348 1726 3412 Ex
1795 3370 1971 3413 more
2032 3347 2398 3413 Hadrianus
2462 3350 2698 3435 legatis
2753 3351 3026 3417 tradidit

715 3443 1294 3514 Commonitorium
1340 3467 1453 3509 seu
1500 3444 2028 3526 instructionem,
2085 3468 2213 3530 qua
2255 3445 2504 3510 ratione
2548 3450 2614 3511 et
2657 3446 2893 3530 quibus
2941 3447 3033 3512 de

708 3545 900 3608 rebus
953 3545 1105 3628 ipsis
1157 3542 1480 3628 agendum
1539 3546 1739 3623 esset,
1799 3543 1995 3624 atque
2051 3540 2331 3606 libellum
2388 3564 2501 3607 seu
2554 3543 3019 3626 professionem

617 3723 622 3729 .
707 3639 855 3704 fidei
916 3646 981 3704 et
1044 3638 1514 3716 submissionis,
1578 3637 1681 3701 cui
1741 3659 1962 3702 omnes
2022 3639 2525 3716 subscriberent3
2587 3640 2872 3723 alioquin
2938 3641 3023 3704 ad

708 3758 1072 3801 consessum
1130 3740 1196 3800 et
1241 3734 1555 3820 judicium
1615 3733 1926 3816 synodale
1977 3756 2107 3799 non
2163 3735 2678 3800 admitterentur.
2769 3733 3025 3817 Eisque

707 3832 990 3918 (legatis)
1025 3829 1377 3914 praecepit,
1426 3829 1663 3894 dicitur
1700 3830 1767 3893 in
1808 3830 1966 3895 Vita
2010 3830 2347 3909 Hadriani,
2394 3835 2471 3896 ut
2516 3851 2700 3896 omne
2743 3831 3012 3897 scanda-

709 3928 844 3994 lum
918 3927 1210 3994 ecclesiae
1287 3925 1592 3992 CPtanae
1668 3924 1934 3990 solerter
2003 3926 2317 4010 sopirent,
2397 3926 2904 4010 consecratisque
2973 3948 3020 3994 a

887 4137 927 4204 ²)
964 4136 1031 4189 V.
1070 4135 1230 4191 Conc.
1269 4152 1471 4192 oecum.
1500 4138 1659 4194 VIII.
1696 4139 1820 4193 Act.
1844 4138 1970 4193 VII.
2008 4137 2193 4206 Ioebbe
2218 4137 2371 4191 VIII.
2415 4140 2549 4192 1087
2587 4153 2701 4205 sqq.

879 4214 921 4283 ²)
958 4216 1091 4271 Vita
1125 4216 1394 4271 Hadriani
1430 4216 1504 4270 H.
1544 4235 1588 4273 c.
1625 4217 1889 4273 XXXIII.
2100 4214 2151 4303 J')
2189 4216 2376 4271 Labbe
2403 4216 2558 4271 VIII.
2597 4219 2717 4270 982.
