3270 5028
1196 466 1367 519 Initia
1404 464 1704 520 scissionis.
2498 469 2600 520 339

290 607 553 674 lassent.
647 593 855 683 Quum
916 606 1281 690 patriarcha
1343 606 1511 672 hanc
1572 628 1704 672 rem
1771 606 2104 692 indignam
2161 612 2227 672 et
2276 606 2599 672 Ecclesiae

289 703 542 787 legibus
606 702 1051 768 adversantem
1118 703 1451 786 complere
1504 707 1839 780 renueret,
1917 702 2158 769 Bardas
2225 726 2370 770 eum
2432 705 2599 788 apud

292 799 702 878 Michae‘lem,
765 801 1067 885 juvenem
1128 799 1450 865 socordem
1520 805 1588 864 et
1646 800 1928 881 fatuum,
1996 800 2355 885 majestatis
2419 814 2601 865 reum

289 896 675 980 postulavit,
737 896 921 979 eique
982 896 1331 979 suggessit,
1395 896 1731 980 Ignatium
1788 919 1931 962 cum
1989 895 2323 960 Theodora
2366 896 2598 981 Augu·
2620 901 2931 973 P0120012t50³¹¹

287 995 390 1056 sta
456 1014 560 1057 res
626 1013 827 1056 novas
896 991 1133 1072 moliri,
1209 996 1274 1057 et
1341 993 1855 1076 conjurationem
1930 993 2115 1057 inire.
2237 991 2601 1058 Contende·
2657 963 2889 1014 Igmmm'

288 1088 434 1167 bat,
510 1086 934 1173 patriarcham
1002 1089 1217 1153 favere
1288 1088 1580 1172 partibus
1642 1087 1955 1164 Grebonis,
2031 1087 2305 1153 hominis
2368 1089 2603 1171 stolidi,

292 1186 403 1269 qui
463 1207 531 1251 se
594 1185 794 1249 filium
862 1184 1234 1250 Theodorae
1299 1207 1379 1249 ex
1443 1184 1755 1250 anteriori
1825 1185 2238 1250 matrimonio
2286 1186 2601 1269 jactabat,

290 1288 357 1347 et
424 1282 807 1347 seditionem
880 1280 1221 1365 quamdam
1292 1282 1703 1348 excitaverat.
1821 1280 2053 1365 Itaque
2127 1282 2268 1346 sine
2345 1284 2600 1365 praevio

291 1378 585 1444 examine
646 1376 1055 1470 SAEnatius
1120 1378 1221 1443 die
1286 1377 1385 1444 23.
1446 1376 1833 1443 Novembris
1896 1378 2054 1451 anni
2102 1379 2227 1442 857
2291 1380 2602 1476 Q-

288 1478 418 1540 lam
487 1474 954 1562 Terebinthum
1025 1474 1425 1558 deportatus,
1498 1475 1864 1559 ibidemque
1936 1476 2331 1540 monasterio
2399 1477 2600 1542 inclu-

290 1566 396 1637 siis
442 1576 557 1637 est.
650 1572 880 1637 Paucis
941 1578 1091 1655 post
1149 1572 1373 1637 diebus
1401 1561 1754 1638 *miserunt
1814 1572 1896 1636 ad
1958 1594 2103 1646 eum
2161 1572 2410 1656 aliquos
2472 1574 2601 1656 epi-

286 1691 525 1753 scopos,
571 1669 809 1733 aulicos
857 1675 923 1733 et
967 1670 1298 1752 patricios,
1343 1669 1456 1752 qui
1501 1670 1685 1733 illum
1727 1669 1807 1734 ad
1857 1668 2280 1733 abdicandum
2326 1670 2598 1752 patriar-

286 1766 548 1830 chatum
618 1765 1026 1830 adducerent.
1140 1764 1262 1830 Sed
1330 1766 1465 1849 ipse
1532 1765 1719 1830 fortis
1788 1770 1854 1830 et
1911 1768 2212 1830 constans
2275 1768 2600 1831 recusavit

287 1861 613 1928 dimittere
680 1884 917 1925 munus
984 1885 1199 1939 suum3
1270 1863 1588 1946 potuisset
1656 1862 1827 1926 enim
1897 1860 2214 1946 ejusmodi
2282 1862 2601 1928 abdicatio

289 1959 485 2043 accipi
545 1963 619 2022 ut
674 1957 963 2022 criminis
1025 1959 1261 2043 objecti
1323 1958 1670 2033 confessio,
1733 1980 1807 2024 ac
1866 1963 2196 2041 praeterea
2258 1958 2602 2039 sentiebat,

288 2076 526 2140 magna
586 2054 759 2119 mala
821 2055 1158 2144 imminere
1218 2055 1521 2119 ecclesiae
1583 2054 1914 2134 CPtanae,
1992 2055 2047 2119 si
2088 2055 2408 2138 'tyrannis
2469 2055 2600 2120 illis

285 2154 421 2237 ipse
467 2152 739 2217 cederet.

464 2292 565 2355 27.
622 2291 831 2367 Quum
878 2290 1079 2374 igitur
1122 2291 1304 2354 nullo
1358 2290 1545 2355 modo
1588 2290 1921 2375 Ignatium
1975 2294 2050 2354 ut
2096 2289 2401 2374 dignitati
2446 2311 2599 2353 suae

287 2387 700 2452 renuntiaret
756 2385 1012 2471 adigere
1068 2390 1358 2469 possent,
1415 2386 1657 2452 Bardas
1707 2389 1974 2471 ejusque
2031 2386 2307 2450 asseclae
2366 2384 2599 2450 nihilo-

288 2484 501 2549 minus
548 2484 746 2550 alium
791 2485 864 2551 in
922 2483 1061 2548 loco
1119 2484 1259 2567 ejus
1316 2483 1746 2567 patriarcham
1803 2484 2195 2549 constituere
2243 2484 2381 2550 ausi
2426 2483 2599 2548 sunt.

292 2580 655 2646 Orientales
723 2581 999 2665 episcopi
1068 2581 1351 2645 maxima
1423 2570 1610 2664 ¹parte
1685 2581 1858 2646 tristi
1930 2581 2245 2645 cedebant
2308 2580 2598 2665 ignavia3
2641 2581 2770 2671 γλ

199 2749 203 2753 ⁴
291 2679 527 2743 etenim
581 2680 720 2762 jam
783 2677 1129 2741 assuefacti
1185 2683 1373 2741 erant
1423 2677 1898 2761 Imperatorum
1960 2677 2227 2742 arbitrio
2289 2677 2600 2757 obsecun-⁴

288 2775 463 2858 dare,
540 2778 736 2858 atque
799 2773 1138 2857 disciplina
1194 2772 1515 2839 Ecclesiae
1578 2773 1702 2838 hac
1761 2775 1831 2838 in
1898 2795 1967 2838 re
2020 2775 2158 2858 jam
2221 2773 2474 2856 saepius
2529 2773 2599 2838 in

289 2871 553 2936 Oriente
612 2872 903 2936 relaxata
956 2872 1060 2935 vel
1114 2872 1354 2936 violata
1412 2876 1581 2950 erat,
1645 2876 1719 2934 ut
1775 2870 2074 2936 videlicet·
2129 2868 2508 2954 patriarchis
2565 2893 2599 2933 e

287 2968 432 3032 sede
486 2967 751 3050 dejectis
808 2974 873 3031 et
930 2967 1135 3031 adhuc
1180 2968 1544 3032 viventibus
1600 2967 1710 3030 alii
1765 2966 2098 3031 substituti
2155 2970 2386 3030 essent.
2476 2965 2600 3030 Mi-

287 3065 470 3129 chael
526 3063 889 3146 Imperator
950 3069 1013 3127 et
1073 3062 1319 3127 Bardas
1381 3086 1570 3148 quem
1631 3062 2064 3148 patriarcham
2130 3063 2601 3127 constituerent

290 3162 663 3244 selegerunt
706 3156 1054 3239 Photium,
1103 3161 1308 3224 virum
1355 3160 1586 3224 laicum
1624 3159 1898 3243 *ingenio
1944 3163 2011 3222 et
2055 3159 2228 3223 fama
2268 3158 2598 3235 celebrem,

290 3257 788 3340 ambitioneque
835 3256 1198 3336 ardentem,
1273 3254 1567 3338 Gregorii
1637 3256 1952 3321 Asbestae
2028 3254 2334 3319 asseclam
2401 3258 2598 3338 atque

289 3355 583 3418 amicum.
675 3353 1003 3429 Quaenam
1043 3351 1237 3436 hujus
1286 3353 1404 3416 viri
1450 3353 1700 3417 fuerint
1743 3353 2014 3431 nataleS,
2062 3353 2364 3436 vitaeque
2407 3351 2600 3416 initia

290 3455 355 3515 et
399 3449 672 3526 indoles,
720 3449 900 3514 brevi
947 3470 1265 3533 exponere
1312 3451 1633 3514 convenit.

465 3602 571 3665 28.
649 3597 861 3665 Natus
933 3603 1031 3663 est
1103 3597 1373 3664 Photius
1448 3621 1670 3664 versus
1742 3622 1988 3666 annum
2054 3600 2208 3676 820,
2288 3596 2874 3682 quantum⁷12h0t1ua

288 3700 575 3780 videtur,
648 3701 832 3781 patre
901 3695 1124 3780 Sergio
1191 3700 1523 3780 matreque
1583 3696 1809 3777 Irene,
1882 3717 1962 3759 ex
2029 3695 2274 3760 familia
2333 3693 2601 3758 OPtana

290 3795 471 3860 valde
534 3794 738 3859 nobili
800 3796 867 3857 et
927 3794 1116 3858 clara.
1210 3791 1370 3857 Erat
1436 3814 1514 3856 ex
1580 3794 1802 3859 eadem
1862 3793 2064 3875 stirpe
2127 3791 2432 3855 Tarasius
2490 3790 2600 3855 ille

288 3892 733 3957 celeberrimus
796 3889 1190 3974 patriarcha,
1262 3889 1375 3973 qui
1435 3890 1600 3954 vixit
1657 3892 1944 3972 tempore
2007 3886 2276 3952 Concilii
2331 3886 2602 3951 Nicaeni

290 3988 582 4064 secundi,
648 4008 922 4070 eumque
984 3986 1086 4050 vel
1150 3988 1281 4067 avi,
1343 3986 1447 4050 vel
1509 3986 1724 4070 potius
1787 3983 1989 4069 patris
2053 3983 2272 4049 Photii
2333 3984 2602 4049 fratrem

289 4085 523 4163 fuisse,
599 4089 889 4149 auctores
964 4086 1029 4148 et
1096 4083 1230 4166 ipse
1300 4081 1571 4146 Photius
1638 4082 1926 4149 tradunt.
2041 4080 2257 4146 Etiam
2324 4080 2600 4163 Impera-

289 4181 451 4247 toris
508 4180 789 4246 familiae
843 4179 1119 4244 Photius
1175 4183 1315 4244 erat
1360 4179 1606 4263 affinis;
1660 4179 1864 4243 frater
1929 4178 2096 4242 enim
2159 4178 2295 4262 ejus
2343 4175 2600 4260 Sergius

2283 4277 2386 4333 22*
