3270 5028
671 429 775 479 392
1124 484 1128 489 ,
1347 426 1523 478 XVII.
1563 426 1644 481 De
1684 427 1977 481 schismate
2012 426 2300 481 Photian0.

674 572 738 632 et
803 566 1129 653 Ignatium
1189 567 1255 630 in
1321 566 1536 649 ignem
1599 572 1754 633 sunt
1811 570 2129 653 conjecta,
2196 574 2260 633 et
2324 567 2861 633 anathematismi
2933 565 3021 629 in

671 665 1125 730 Iconomachos
1172 667 1242 726 et‘
1286 660 1589 727 Photium
1638 666 1904 749 ejusque
1948 665 2218 729 asseclas
2263 664 2540 747 repetiti.
2589 699 2674 707 —
2724 664 2805 727 In
2844 660 3027 726 Ses-

668 760 849 826 sione
910 778 1086 826 ‘nona
1149 759 1327 824 falsis
1389 759 1703 839 testibuS,
1762 762 1870 846 qui
1931 766 2158 825 contra
2209 759 2540 845 Ignatium
2603 760 3017 825 testimonia

668 859 987 943 dixerant,
1034 879 1243 941 poena
1273 858 1581 921 canonica
1626 862 1726 922 est
1754 860 2071 942 injuncta,
2117 859 2299 943 cujus
2330 857 2752 921 moderandae
2799 862 3009 940 pote·

670 959 906 1019 statem
951 954 1211 1039 Ignatio
1242 952 1536 1036 Synodus
1577 954 1753 1019 fecit.
1795 992 1883 999 —
1924 954 2223 1039 Denique
2269 955 2339 1017 in
2385 952 2678 1017 Sassiam
2710 952 3013 1031 decima,

593 1071 594 1076 ¹
669 1052 1111 1135 praesentibus
1178 1048 1416 1114 Basilio
1483 1051 1747 1134 ejusque
1814 1052 1944 1115 filio
2007 1050 2463 1126 Constantino,
2526 1051 2676 1114 item
2744 1050 3009 1134 legatis

670 1148 974 1212 Ludovici
1007 1146 1090 1211 Π.
1136 1144 1548 1229 Imperatoris
1596 1146 1980 1226 OccidentiS,
2027 1148 2266 1225 habita,
2314 1149 2464 1213 lecti
2503 1151 2568 1211 et
2617 1146 3005 1211 confirmati

670 1250 824 1309 sunt
867 1243 1103 1327 viginti
1149 1247 1396 1326 septem
1452 1265 1730 1308 canones
1787 1245 1865 1308 de
1912 1244 2032 1308 fide
2087 1266 2162 1309 ac
2207 1245 2539 1329 disciplina
2591 1269 2628 1309 a
2674 1244 3009 1308 Patribus

669 1341 933 1407 conditi.
1009 1339 1428 1425 Promulgata
1475 1344 1570 1404 est
1607 1340 1898 1405 definitio
1948 1340 2112 1424 fidei,
2142 1341 2231 1404 -in
2281 1364 2429 1425 qua,
2478 1343 2774 1407 omnibus
2819 1340 2998 1403 hae-

670 1438 915 1502 resibus
956 1458 1117 1520 quae
1150 1437 1483 1519 hucusque
1516 1441 1916 1502 emerserant
1948 1437 2357 1502 anathemate
2388 1438 2724 1522 percussis,
2757 1436 2998 1501 Photii

670 1534 996 1599 damnatio
1062 1535 1469 1611 confirmata,
1534 1534 1829 1617 lectaque
1891 1534 2302 1617 Imperatoris
2371 1536 2723 1617 gratiarum
2790 1536 3000 1613 actim

671 1654 816 1696 cum
862 1630 1311 1695 adhortatione
1356 1630 1729 1713 gravissima
1774 1635 1913 1694 tum
1963 1630 2041 1693 ad
2088 1619 2412 1714 episcopos
2457 1636 2595 1696 tum
2642 1632 2720 1696 ad
2768 1632 3000 1696 laicos,

672 1728 840 1792 Dein
887 1733 1031 1792 acta
1074 1728 1478 1810 singulorum
1524 1727 2101 1811 subscriptionibus
2133 1728 2405 1806 munita,
2453 1731 2784 1812 totiusque
2818 1728 2998 1792 Con·

671 1826 799 1889 cilii
845 1826 1107 1889 nomine
1157 1822 1319 1887 duae
1367 1824 1674 1906 epistolae
1715 1824 2073 1906 encyclicae
2120 1823 2199 1887 ad
2247 1825 2573 1908 episcopos
2618 1826 2993 1890 universos-

672 1942 798 2005 que
847 1922 1064 1985 fideles
1110 1921 1298 1985 datae
1355 1925 1529 1985 sunt.
1621 1918 1900 1985 Additae
1960 1942 2216 2004 quoque
2274 1922 2531 1986 litterae
2577 1921 2802 1986 Basilii
2851 1923 2995 1986 Im-

669 2019 983 2102 peratoris
1051 2022 1115 2082 et
1184 2016 1425 2101 Ignatii
1489 2017 1890 2100 patriarchae
1956 2017 2036 2081 ad
2100 2017 2498 2096 Hadrianum
2558 2018 2672 2099 IL,
2749 2019 2997 2102 quibus

671 2114 1182 2198 dispensationes
1244 2115 1324 2179 ab
1380 2136 1453 2179 eo
1512 2114 1931 2198 petebantur,
1995 2117 2258 2199 ejusque
2315 2119 2599 2198 potestas
2658 2137 2991 2180 canonum

670 2212 1077 2277 severitatem
1138 2211 1510 2276 moderandi
1561 2212 2046 2296 agnoscebatur.
2140 2211 2358 2295 Atque
2420 2212 2513 2275 ita
2573 2233 2715 2276 cum
2776 2213 2990 2276 accla-

671 2309 1060 2373 mationibus
1108 2309 1380 2373 assuetis
1425 2308 1779 2374 Concilium
1827 2309 2191 2373 absolutum
2238 2306 2440 2388 suial)

298 2415 309 2442 ⁹
374 2403 626 2475 Auctoritas
849 2406 953 2468 86.
1004 2404 1095 2468 Ut
1140 2404 1386 2469 indoles
1432 2404 1623 2488 hujus
1657 2402 1896 2487 Synodi
1947 2410 2013 2468 et
2059 2427 2268 2469 rerum
2304 2410 2510 2470 status
2554 2405 2992 2489 intelligatur,

343 2464 565 2570 εθὼῖηῗῗ
567 2475 653 2519 ω’
663 2503 923 2588 juvabit
977 2502 1134 2566 haec
1193 2501 1440 2567 addere.
1534 2501 1763 2586 Legati
1822 2501 2152 2567 Pontificis
2197 2502 2653 2568 auctoritatem
2711 2506 2779 2568 et
2827 2503 2989 2586 jura

676 2598 857 2664 Sedis
918 2599 1323 2682 Apostolicae
1390 2620 1627 2684 magno
1692 2622 1832 2664 cum
1896 2601 2113 2683 vigore
2179 2601 2250 2664 in
2312 2599 2433 2663 hac
2502 2622 2616 2664 sua
2677 2600 2988 2664 missione

673 2697 824 2762 tuiti
868 2703 1051 2774 sunt,
1107 2697 1399 2780 quamvis
1454 2696 1519 2759 id
1576 2699 1815 2779 passim
1860 2695 2103 2761 Basilio
2149 2693 2528 2780 Imperatori
2583 2697 2796 2760 minus
2841 2698 2985 2778 pla-

674 2798 862 2860 ceret.
966 2792 1211 2858 Iterato
1256 2794 1686 2872 inculcarunt,
1733 2794 2125 2857 sententiam
2169 2795 2307 2877 jam
2354 2794 2549 2883 latam
2600 2815 2736 2858 esse
2784 2792 2982 2856 aNi-

674 2892 880 2972 colao,
938 2912 1203 2973 eamque
1250 2894 1458 2954 ratam
1505 2912 1765 2954 manere
1814 2894 1880 2954 et
1926 2912 1964 2953 a
2011 2886 2269 2972 Synodo
2317 2913 2447 2955 non
2494 2912 2675 2974 posse
2723 2891 2982 2955 mutari.

672 2988 963 3072 Ipsorum
1011 3008 1262 3072 quoque
1309 2987 1730 3070 postulationi
1777 2986 2258 3051 attribuendum
2306 2991 2437 3064 est,
2487 2988 2655 3070 quod
2701 3008 2982 3051 canones

670 3086 794 3172 isti¹
827 3085 1064 3168 viginti
1110 3089 1384 3167 septem,
1443 3083 1863 3167 probabiliter
1910 3084 2155 3148 Romae
2193 3086 2330 3168 jam
2377 3085 2770 3168 praeparati,
2829 3105 2978 3148 con·

676 3183 792 3248 diti
858 3182 1121 3246 fuerint.
1235 3182 1604 3245 Auctoritas
1666 3181 1995 3246 Romanae
2051 3179 2232 3245 Sedis
2297 3182 2669 3264 praesertim
2731 3201 2981 3245 canone

677 3276 792 3342 21⁰
837 3280 1159 3362 praeclare
1189 3277 1552 3341 vindicatur
1582 3282 1649 3342 et
1683 3278 2044 3342 reverentia
2077 3278 2146 3341 in
2175 3299 2311 3342 eam
2343 3279 2730 3360 inculcatur3
2779 3292 2974 3360 agno-

675 3376 875 3440 scitur
920 3379 1138 3438 tamen
1199 3395 1277 3436 ex
1325 3375 1528 3437 altera
1577 3378 1762 3457 parte
1817 3378 1974 3437 tunc
2028 3374 2300 3456 primum
2356 3375 2409 3437 is
2470 3373 2974 3457 patriarcharum

676 3472 858 3548 orde,
916 3476 991 3535 ut
1036 3469 1338 3534 CPtrnus
1387 3470 1699 3535 habeatur
1747 3470 2080 3534 secundus.
2175 3470 2385 3546 Quum
2437 3471 2669 3553 reliqui
2712 3470 2974 3552 patriar-

673 3569 899 3634 chatus
961 3568 1082 3632 sub
1148 3569 1308 3652 jugo
1372 3566 1836 3631 Saracenorum
1893 3571 2224 3651 gementes
2276 3567 2611 3637 admodum
2677 3564 2973 3629 diminuti

677 3669 917 3742 essent,
977 3664 1281 3728 videntur
1344 3663 1620 3728 Romani
1686 3664 1884 3746 legati
1946 3664 2297 3741 censuisse,
2375 3663 2832 3727 convenienter
2891 3661 2977 3744 id,

675 3760 846 3845 quod
892 3761 968 3824 de
1021 3761 1189 3826 facto
1228 3760 1605 3845 jamdudum
1635 3761 1990 3836 obtinebat,
2038 3783 2226 3843 posse
2269 3761 2527 3825 firmari.
2610 3760 2862 3823 Dicitur
2905 3759 2970 3823 in

673 3859 786 3922 illo
833 3878 1111 3922 canone:
1170 3855 1567 3936 Definimu3‚
1614 3857 1935 3923 ‘neminem
1981 3877 2263 3939 prorsus
2316 3855 2546 3921 mundi
2590 3854 2973 3938 potentium,

854 4084 897 4150 ¹)
935 4084 1071 4137 Vide
1100 4084 1202 4138 hoc
1237 4084 1607 4152 compendium
1647 4088 1926 4153 gestorum
1954 4082 2154 4150 Synodi
2183 4098 2384 4136 oecum.
2412 4083 2564 4136 VIII.
2597 4099 2680 4149 ap.
2711 4082 2975 4149 Vascotti,

680 4163 822 4217 Hist.
863 4164 990 4217 eccl.
1029 4169 1160 4218 tom.
1197 4164 1242 4217 I.
1279 4179 1329 4231 p.
1368 4166 1488 4217 397.
