3270 5028
326 2611 495 2655 Concil.
530 2612 642 2656 Gen·

363 2673 605 2715 tiliacense.

667 442 740 492 42
1392 439 1474 494 De
1512 438 1729 495 haeresi
1763 437 2237 493 Iconoclastarum.

674 580 1054 647 Sanctorum
1126 604 1258 646 non
1323 582 1523 647 fuisse
1585 582 1915 665 rejectam3
1992 601 2158 663 quae
2224 603 2372 646 vero
2437 579 2606 665 apud
2668 576 2976 662 quosdam

670 680 962 742 auctores
1007 678 1431 743 inveniuntur
1477 678 1672 742 etiam
1718 677 1838 741 sub
1893 676 2012 741 hoc
2056 681 2348 761 respectu
2404 674 2820 742 Iconoclastis
2867 695 2977 737 ex·

670 773 1001 856 probrata,
1049 772 1348 839 videntur
1394 774 1473 838 ad
1522 773 2019 839 Constantinum
2066 772 2524 857 Imperatorem
2572 775 2828 837 tantum
2873 792 2975 834 re·

671 869 933 934 ferenda
997 891 1145 936 esse.
1211 906 1290 917 —-
1363 870 1441 934 In
1505 869 1918 934 anathemate
1984 875 2211 934 contra
2276 872 2556 935 cultores
2616 867 2978 950 imaginum

670 965 1163 1030 conciliabulum
1225 967 1601 1051 singillatim
1658 966 2037 1049 perstrinxit
2092 965 2478 1031 Germanum
2525 963 2974 1030 Patriarchum

669 1060 1026 1140 CPtanum,
1073 1061 1417 1148 Georgium
1451 1061 1756 1146 Cyprium
1805 1065 1871 1125 et
1913 1061 2234 1127 Joannem
2268 1062 2735 1127 Damascenum
2767 1058 2981 1144 (Man-

668 1159 828 1239 sur)‚
873 1157 984 1241 qui
1029 1159 1095 1222 in
1141 1180 1463 1223 sacrarum
1503 1160 1854 1242 imaginum
1904 1159 2079 1223 cultu
2110 1159 2361 1242 scriptis
2408 1162 2474 1223 et
2519 1181 2708 1242 opere
2737 1158 2974 1222 ,defen-

666 1254 874 1319 dendo
936 1256 1408 1321 constantiores
1465 1278 1532 1319 se
1578 1255 1999 1339 fortioresque
2048 1254 2590 1320 demonstrarunt.
2701 1254 2977 1318 Demum

670 1351 1016 1415 Anastasio
1057 1351 1700 1436 pseudopatriarchae
1747 1350 2011 1416 CPtano
2057 1350 2389 1431 defuncto,
2451 1353 2532 1415 ab
2576 1351 2977 1435 Imperatore

669 1447 737 1510 in
786 1446 1031 1529 synodo
1088 1447 1392 1512 suffectus
1449 1453 1544 1512 est
1589 1447 2060 1512 Constantinus
2116 1448 2466 1512 monachus
2523 1452 2589 1512 et
2635 1445 2849 1531 Sylaei
2904 1448 2977 1510 in

670 1542 1033 1627 Pamphilia
1089 1545 1447 1628 episcopus,
1511 1544 1702 1608 homo
1759 1545 2184 1629 nequissimus
2242 1549 2308 1608 et
2363 1566 2692 1609 sacrarum
2753 1545 2978 1629 imagi·

671 1663 821 1704 num
869 1640 1072 1705 hostis
1115 1641 1426 1705 infensus,

846 1738 949 1802 46.
1007 1736 1164 1801 Post
1210 1736 1516 1821 ejusmodi
1574 1736 1974 1803 conciliabuli
2023 1736 2276 1802 decreta
2321 1737 2786 1803 Constantinus
2836 1760 2974 1802 ma-

660 1833 792 1918 jori
849 1833 1042 1897 etiam
1089 1833 1396 1898 violentia
1449 1834 1516 1896 in
1567 1855 1779 1899 sacras
1834 1835 2148 1917 imagines
2202 1834 2447 1898 saeviit.
2541 1832 2698 1898 Cum
2750 1838 2971 1899 tamen

667 1950 801 1993 non
855 1929 1156 1994 deessent
1202 1930 1413 1993 avitae
1456 1928 1603 1993 fidei
1660 1930 2038 2006 tenacioreS,
2093 1933 2205 2014 qui
2261 1952 2377 2014 pro
2432 1952 2757 1995 sacrarum
2803 1930 2969 1994 Ima-

667 2027 891 2110 ginum
958 2026 1137 2089 cultu
1197 2025 1629 2102 decertarent,
1696 2026 1942 2091 eosdem
2005 2026 2364 2112 Imperator
2426 2028 2617 2091 variis
2679 2027 2972 2091 cruciati-

667 2122 784 2187 bus
846 2122 1143 2198 sustulit3
1220 2122 1528 2205 imprimis
1593 2123 1937 2188 monachos
1998 2123 2442 2204 denuntiatOS,
2505 2123 2670 2208 quod
2730 2124 2973 2189 sanctis

666 2240 879 2284 coram
937 2218 1326 2303 imaginibus
1399 2220 1888 2302 supplicassent,
1967 2220 2223 2303 publica
2281 2220 2636 2304 ignominia
2692 2219 2973 2304 dirisque

665 2315 988 2398 suppliciis
1054 2315 1293 2390 affecit,
1356 2336 1573 2378 eorum
1628 2315 1876 2395 domos,
1943 2317 2429 2399 supellectilem,
2494 2317 2691 2382 libros
2739 2317 2973 2405 *diven-

666 2409 852 2489 didit,
916 2412 1342 2477 monasticum
1405 2411 1693 2476 ordinem
1756 2434 2012 2496 prorsus
2076 2413 2443 2503 exscindere
2503 2418 2823 2499 satagens,
2884 2451 2976 2460 —-

664 2507 879 2573 Litem
927 2507 1393 2573 Constantinus
1418 2507 1646 2573 “etiam
1700 2509 1768 2573 in
1819 2508 2094 2574 ecclesiis
2146 2513 2329 2575 extra
2383 2509 2726 2595 Imperium
2786 2532 2971 2574 suum

666 2609 975 2682 excitare,
1034 2627 1264 2688 easque
1313 2605 1381 2668 in
1444 2610 1659 2688 partes
1706 2628 1852 2670 suas
1898 2606 2160 2670 trahere
2205 2608 2506 2672 tent-avit.
2597 2607 2796 2686 Anno
2847 2607 2971 2670 767

663 2703 841 2767 misit
887 2702 965 2767 ad
1011 2701 1317 2784 Pipinum
1372 2723 1591 2787 regem
1637 2703 1911 2787 legatos,
1968 2725 2080 2767 sex
2144 2705 2441 2787 patritios
2492 2726 2634 2768 cum
2682 2703 2974 2787 pluribus
3047 2709 3054 2722 “

667 2800 1001 2884 episcopiS,
1058 2799 1166 2882 qui
1221 2798 1414 2862 filiam
1468 2799 1667 2881 ipsius
1717 2798 2158 2883 Godegiselam
2207 2799 2412 2864 Leoni
2461 2801 2758 2885 Augusto
2806 2799 2974 2865 Con-

666 2897 945 2962 stantini
991 2896 1122 2959 filio
1171 2894 1606 2959 collocandam
1661 2896 2065 2978 postularent
2111 2918 2184 2960 ac
2227 2894 2627 2961 Ravennatis
2675 2896 2975 2961 exarcha-

664 3000 771 3058 tus
841 3015 879 3056 a
941 2992 1172 3076 Pipino
1239 2992 1486 3056 subacti
1552 2992 2028 3056 restitutionem
2101 2995 2239 3056 loco
2310 2992 2504 3070 dotis,
2585 2993 2822 3077 quique
2890 3014 2975 3056 ne

666 3090 996 3175 religionis
1061 3088 1398 3172 disparitas
1465 3087 1750 3152 ineundo
1819 3088 2058 3153 foederi
2122 3089 2404 3167 obesset,
2478 3090 2975 3154 controversiam

667 3188 744 3251 de
791 3186 1179 3270 imaginibus
1227 3185 1660 3269 episcoporum
1697 3183 1945 3248 Galliae
1992 3185 2271 3249 examini
2315 3187 2782 3268 permitterent.
2864 3184 2973 3249 Pi-

667 3284 859 3367 pinus
906 3283 1240 3347 concilium
1290 3280 1634 3345 Gentiliaci
1683 3281 1990 3344 celebrari
2028 3282 2258 3366 jussit,
2320 3303 2453 3345 non
2499 3282 2741 3364 absque
2787 3283 2977 3346 venia

669 3377 848 3443 Sedis
892 3379 1330 3461 Apostolicae,
1390 3377 1486 3441 uti
1539 3380 1796 3442 constat
1854 3397 1930 3440 ex
1993 3378 2260 3461 epistola
2308 3376 2491 3442 Pauli
2541 3377 2587 3440 Ι.
2644 3376 2722 3440 ad
2766 3377 2973 3462 ipsum

668 3475 837 3539 data.
931 3474 1027 3537 Ea
1082 3475 1151 3537 in
1207 3473 1451 3556 synodo
1506 3474 1800 3556 quaestio
1856 3472 2089 3557 duplex
2136 3473 2212 3537 ad
2270 3496 2537 3538 examen
2584 3478 2810 3538 vocata
2856 3481 2973 3552 est,

668 3572 872 3656 prima
934 3570 1011 3634 de
1069 3570 1487 3654 imaginibus,
1550 3570 1755 3633 altera
1815 3570 1892 3634 de
1949 3572 2346 3654 processione
2404 3569 2678 3654 Spiritus
2730 3569 2972 3650 Sancti,

667 3670 835 3733 circa
902 3689 1090 3751 quam
1154 3665 1479 3730 Romanos
1549 3665 1892 3731 innovasse
1968 3666 2189 3731 Graeci
2259 3657 2709 3733 causabantur.
2821 3668 2974 3744 Quis

668 3766 869 3830 fuerit
914 3764 1102 3828 istius
1133 3761 1384 3827 concilii
1431 3762 1662 3846 exitus,
1703 3765 1821 3828 etsi
1871 3786 2002 3829 non
2046 3764 2265 3828 dicant
2310 3768 2600 3830 auctores
2647 3766 2755 3848 qui
2802 3765 2976 3829 illius

670 3862 1048 3944 meminere,
1112 3859 1204 3924 uti
1262 3857 1677 3943 Eginhardus
1736 3867 1803 3923 et
1856 3860 1995 3923 Ado
2050 3859 2439 3924 Viennensis
2496 3861 2564 3924 in
2623 3860 2976 3936 ChroniciS,

671 3981 748 4023 ex
806 3958 895 4022 eis
947 3965 1167 4022 tamen
1217 3977 1381 4040 quae
1441 3976 1478 4019 a
1534 3953 1881 4019 Gallicanis
1929 3954 2340 4019 Praesulibus
2395 3955 2461 4018 in
2520 3957 2660 4020 aliis
2716 3956 2975 4040 synodis

670 4059 853 4141 gesta
898 4061 1081 4137 sunt,
1137 4058 1201 4118 et
1252 4074 1329 4117 ex
1376 4052 1499 4116 fide
1548 4052 1844 4115 ecclesiae
1894 4051 2259 4114 Gallicanae
2314 4052 2570 4116 illorum
2617 4057 2975 4136 temporum

671 4153 1107 4217 monumentis
1163 4151 1465 4236 probata,
1530 4147 1829 4231 colligere
1888 4151 2014 4228 est,
2077 4148 2441 4212 damnatam
2497 4149 2688 4213 fuisse
2748 4151 2818 4213 in
2864 4150 2978 4214 illo
