3270 5028
905 438 1225 493 Persecutio
1268 439 1615 494 Constantini
1654 440 1994 508 Copronymi.
2542 444 2609 496 39

299 581 429 664 poli
474 581 718 663 potitus
766 583 880 658 est,
930 586 996 644 et
1033 582 1277 645 cultum
1325 603 1649 647 sacrarum
1694 582 2047 666 imaginum
2092 583 2392 647 restituit.
2484 581 2611 647 Sed

296 698 357 739 a.
410 676 536 739 743
580 676 1047 742 Constantinus
1105 699 1248 741 eum
1295 679 1449 742 vicit
1506 681 1572 741 et
1632 700 1709 742 ex
1768 678 2008 743 throno
2058 678 2319 763 dejecit,
2379 702 2608 764 quum·

297 794 426 855 que
488 773 682 836 etiam
731 771 1082 837 Saracenos
1140 773 1413 840 feliciter
1471 776 1839 858 repulisset,
1905 776 2142 839 luctam
2204 781 2429 841 contra
2476 778 2606 841 cul·

295 872 441 932 tum
499 889 820 933 sacrarum
877 869 1231 954 imaginum
1292 875 1665 953 prosecutus
1725 875 1839 935 est.
1934 869 2034 936 Ne
2084 876 2302 936 autem
2348 895 2484 936 rem
2531 894 2610 936 ex
2640 859 2941 964 {Z‘gugffissssj

303 965 569 1029 arbitrio
649 986 838 1048 agere
899 966 1252 1043 videretur,
1330 989 1504 1031 anno
1580 967 1707 1031 754
1783 966 2346 1056 Constantinopoli
2420 991 2610 1058 syno-

292 1062 447 1126 dum
507 1063 745 1146 coEgit,
811 1062 913 1126 cui
972 1063 1416 1127 interfuerunt
1476 1065 1752 1153 trecenti
1810 1065 2089 1147 triginta
2149 1070 2214 1129 et
2275 1069 2418 1129 octo
2479 1056 2644 1149 epi-'⁶

301 1159 472 1241 scopi
538 1159 913 1235 orientales,
985 1160 1105 1223 viri
1136 1242 1145 1247 -
1174 1160 1401 1245 ignavi-
1448 1152 1967 1245 „etsssmperatori
2023 1161 2249 1245 dediti.
2360 1161 2610 1229 Horum

296 1258 734 1340 episcoporum
805 1255 992 1319 facile
1037 1246 1389 1339 ”principes
1467 1262 1653 1322 erant
1728 1256 2121 1322 Theodosius
2198 1256 2472 1340 Ephesi,
2548 1261 2652 1335 et)

304 1351 604 1416 Pastillas
664 1350 936 1435 Pergiae
995 1353 1066 1416 in
1132 1351 1490 1436 Pamphilia
1547 1354 1896 1435 praesules,
2003 1353 2092 1416 Hi
2139 1354 2443 1436 episcopi,
2499 1377 2615 1418 ne-

298 1450 477 1513 mine
533 1448 863 1513 catholicis
919 1472 957 1512 a
1015 1448 1271 1513 sedibus
1329 1454 1583 1526 vocat0,
1645 1447 1940 1513 Romano
1994 1448 2312 1514 Pontifice
2370 1456 2437 1514 et
2498 1450 2611 1515 Pa·

300 1544 601 1610 triarchis
676 1545 1098 1609 orientalibus
1165 1546 1569 1622 absentibuS,
1647 1567 1854 1629 neque
1922 1546 2214 1611 invitatis
2283 1551 2399 1610 aut
2461 1568 2613 1611 con-

296 1642 515 1718 sultis,
582 1663 619 1704 a
682 1641 788 1704 10⁸
848 1641 948 1705 die
1005 1641 1335 1707 Februarii
1396 1663 1601 1726 usque
1664 1641 1744 1705 ad
1799 1643 1905 1704 2⁸¹³
1956 1643 2240 1726 Augusti
2299 1643 2611 1723 synodum

290 1761 479 1803 suam
526 1739 948 1814 celebravere,
997 1761 1186 1822 quam
1238 1742 1303 1802 et
1349 1730 1824 1803 oecumenicam
1875 1740 2216 1822 septimam
2261 1761 2399 1805 esse
2438 1741 2612 1805 vole-

297 1837 481 1900 bant.
574 1834 909 1900 Praesedit
954 1835 1376 1912 Theodosius,
1430 1857 1627 1919 quum
1685 1835 1989 1900 defuncto
2030 1836 2380 1902 Anastasio
2433 1837 2611 1901 sedes

291 1924 562 1996 CPtana
625 1937 902 1997 vacaret.
1016 1930 1407 2016 Congregati
1467 1933 1671 2016 igitur
1733 1933 2080 2015 praesules,
2146 1955 2282 1997 rem
2346 1937 2612 2018 agentes

300 2049 434 2093 non
492 2029 839 2093 secundum
888 2028 1209 2093 Ecclesiae
1267 2028 1685 2093 traditionem
1738 2028 1848 2092 sed
1896 2030 2089 2113 juxta
2144 2034 2427 2094 mentem
2483 2029 2612 2093 Im-

298 2126 638 2209 peratoriS,
696 2126 1207 2201 constituerunt,
1255 2146 1475 2190 omnes
1522 2127 1962 2209 cujuscunque
2008 2127 2317 2191 materiae
2364 2127 2465 2190 vel
2510 2148 2614 2191 co-

297 2223 454 2287 loris
516 2222 828 2305 imagines
895 2243 1028 2286 esse
1096 2221 1514 2305 ainciendaS,
1585 2244 1692 2285 eos
1762 2222 1872 2305 qui
1940 2223 2253 2307 imagines
2316 2223 2612 2307 deinceps

294 2318 722 2397 confecerint,
784 2320 853 2383 in
901 2318 1168 2384 ecclesia
1214 2319 1316 2382 vel
1361 2319 1428 2382 in
1478 2319 1664 2383 domo
1718 2318 2082 2401 posuerint,
2144 2319 2464 2384 coluerint
2510 2319 2613 2384 vel

294 2416 795 2491 occultaverint,
855 2417 905 2479 si
965 2415 1177 2479 clerici
1222 2420 1471 2495 essent,
1532 2436 1666 2479 esse
1712 2414 2155 2498 deponendos,
2213 2417 2266 2480 si
2314 2416 2612 2480 monachi

298 2516 418 2576 aut
464 2512 626 2588 laici,
677 2512 1347 2591 excommunicandOS,
1401 2516 1467 2577 et
1512 2513 1776 2595 insuper
1821 2513 2041 2596 poenis
2088 2514 2169 2578 ab
2215 2512 2612 2597 Imperatore

303 2610 570 2674 statutis
612 2609 1006 2674 afficiendos·
1097 2608 1277 2673 Haec
1319 2608 1573 2692 quidem
1627 2608 1744 2686 illi,
1804 2612 2285 2675 constituerunt
2330 2612 2612 2694 specioso

302 2710 664 2788 praetextu,
714 2706 883 2789 quod
912 2706 1264 2789 imaginum
1312 2706 1523 2770 cultus
1565 2710 1735 2771 esset
1780 2706 2237 2785 idololatricuS,
2281 2708 2611 2772 doctrinae

302 2803 537 2865 veteris
601 2808 667 2866 et
734 2804 884 2867 novi
949 2802 1351 2866 Testamenti
1416 2801 1889 2886 adversaretur,
1955 2801 2126 2881 Arii,
2198 2802 2482 2869 Nestorii
2547 2810 2613 2869 et

302 2899 689 2982 Eutychetis
736 2899 1146 2983 blasphemiis
1192 2899 1458 2964 faveret.

479 2998 584 3060 43.
661 2995 1058 3080 Sophisticae
1143 3017 1359 3060 eorum
1440 2995 2022 3079 argumentationis
2107 2996 2386 3061 indolem
2461 2998 2612 3062 licet
2662 3014 2908 3085 Afgumen-

296 3114 648 3178 agnoscere
693 3116 770 3157 ex
826 3094 926 3157 his
974 3093 1401 3177 argumentiS,
1459 3091 1692 3175 quibus
1748 3091 2016 3175 probare
2062 3096 2401 3176 satagunt,
2458 3095 2612 3158 ima·
2644 3077 2925 3180 ‘'anssffifflhi'

303 3190 521 3273 ginum
595 3191 838 3254 cultum
907 3190 986 3253 ad
1056 3188 1436 3271 Eutychetis
1505 3189 1606 3251 vel
1676 3186 1962 3251 Nestorii
2030 3187 2319 3255 haereses
2388 3190 2613 3274 perdu-

304 3308 462 3350 cere.
554 3284 737 3350 Fecit
781 3284 954 3350 enim
1006 3284 1128 3349 iste
1185 3284 1366 3363 talis,
1430 3284 1769 3368 inquiunt,
1823 3280 2203 3365 imaqinem,
2262 3284 2613 3350 nominans

296 3401 445 3447 eam
482 3379 841 3462 Christum,
890 3385 950 3446 et
985 3385 1077 3446 est
1122 3402 1353 3446 nomen
1396 3379 1565 3461 quod
1609 3382 1704 3443 est
1738 3376 2045 3446 Christus
2076 3380 2261 3447 Deus
2305 3387 2366 3447 et
2409 3382 2613 3449 homo.

305 3479 488 3563 Erqo
544 3484 604 3544 et
629 3478 873 3572 ⁸imayo
919 3478 1051 3543 Dei
1110 3483 1170 3542 et
1225 3476 1522 3543 hominis.
1622 3475 1858 3557 Itaque
1916 3481 2034 3542 aut
2087 3476 2611 3562 circumscripsit,

297 3575 656 3641 secundum
703 3576 871 3657 quod
914 3575 1128 3641 visum
1174 3579 1266 3640 est
1308 3571 1593 3639 vanitati
1638 3592 1825 3652 suae,
1878 3573 2615 3658 incircumscriptionem

306 3671 572 3737 deitatis
618 3671 1212 3755 circumscriptione
1264 3676 1517 3737 creatae
1566 3668 1814 3748 carnis,
1874 3675 1991 3736 aut
2048 3672 2343 3755 confudit
2389 3672 2613 3738 incon·

301 3768 638 3853 fusibilem
684 3768 1043 3834 unitionem
1098 3768 1281 3834 illam
1326 3767 1729 3850 confusionis
1774 3766 2191 3850 iniquitatem
2250 3768 2612 3852 incurrens,

300 3865 473 3931 duas
540 3863 968 3948 blasphemias
1031 3886 1110 3931 ecc
1174 3865 1290 3930 hoc
1351 3863 1581 3929 deitati
1639 3864 1977 3949 applicans
2027 3886 2151 3948 per
2212 3864 2613 3932 circumscri-

296 3962 590 4046 ptionem
658 3967 719 4028 et
787 3963 1245 4045 confusionem.
1339 3961 1604 4027 Eisdem
1675 3983 1823 4045 erqo
1892 3966 1953 4026 et
2016 3962 2076 4026 is
2140 3961 2254 4043 qui
2316 3962 2616 4026 adoravit

302 4058 722 4142 blasphemiis
768 4058 1204 4139 submittitur,
1253 4063 1313 4123 et
1357 4079 1474 4124 vae
1518 4057 1815 4141 utrisque
1861 4058 2219 4139 consimile,
2268 4057 2425 4140 quia
2472 4078 2614 4123 cum

306 4154 476 4221 Ario
521 4160 581 4220 et
614 4155 926 4221 Dioscoro
974 4160 1034 4220 et
1078 4155 1376 4238 Eutyche
1417 4160 1609 4237 atque
1656 4176 1801 4219 cum
1844 4154 2317 4238 Acephalorum
2364 4153 2618 4219 haeresi
