<?xml version="1.0" encoding="UTF-8"?>
<!DOCTYPE html PUBLIC "-//W3C//DTD XHTML 1.0 Transitional//EN"
    "http://www.w3.org/TR/xhtml1/DTD/xhtml1-transitional.dtd">
<html xmlns="http://www.w3.org/1999/xhtml" xml:lang="en" lang="en">
 <head>
  <title>
</title>
<meta http-equiv="Content-Type" content="text/html;charset=utf-8" />
  <meta name='ocr-system' content='tesseract 3.04.00' />
  <meta name='ocr-capabilities' content='ocr_page ocr_carea ocr_par ocr_line ocrx_word'/>
</head>
<body>
  <div class='ocr_page' id='page_1' title='image "./dissertationess04junggoog_0184.png"; bbox 0 0 3270 5028; ppageno 0'>
   <div class='ocr_carea' id='block_1_1' title="bbox 256 3028 273 3210">
    <p class='ocr_par' dir='ltr' id='par_1_1' title="bbox 256 3028 273 3210">
     <span class='ocr_line' id='line_1_1' title="bbox 256 3028 273 3210; baseline 0 1818"><span class='ocrx_word' id='word_1_1' title='bbox 256 3028 273 3210; x_wconf 95' lang='lat' dir='ltr'> </span> 
     </span>
    </p>
   </div>
   <div class='ocr_carea' id='block_1_2' title="bbox 654 440 2409 509">
    <p class='ocr_par' dir='ltr' id='par_1_2' title="bbox 654 440 2409 509">
     <span class='ocr_line' id='line_1_2' title="bbox 654 440 2409 509; baseline -0.002 -14"><span class='ocrx_word' id='word_1_2' title='bbox 654 444 756 495; x_wconf 87' lang='lat'>178</span> <span class='ocrx_word' id='word_1_3' title='bbox 1195 443 1278 496; x_wconf 93' lang='lat' dir='ltr'>De</span> <span class='ocrx_word' id='word_1_4' title='bbox 1314 442 1547 509; x_wconf 89' lang='lat' dir='ltr'>Imperio</span> <span class='ocrx_word' id='word_1_5' title='bbox 1585 446 1644 496; x_wconf 88' lang='lat' dir='ltr'>et</span> <span class='ocrx_word' id='word_1_6' title='bbox 1680 443 1747 496; x_wconf 86' lang='lat' dir='ltr'>de</span> <span class='ocrx_word' id='word_1_7' title='bbox 1782 440 2035 496; x_wconf 85' lang='lat' dir='ltr'>Ecclesia</span> <span class='ocrx_word' id='word_1_8' title='bbox 2072 456 2213 495; x_wconf 90' lang='lat' dir='ltr'>saec.</span> <span class='ocrx_word' id='word_1_9' title='bbox 2251 456 2409 494; x_wconf 89' lang='lat' dir='ltr'>nono.</span> 
     </span>
    </p>
   </div>
   <div class='ocr_carea' id='block_1_3' title="bbox 351 578 2962 2967">
    <p class='ocr_par' dir='ltr' id='par_1_3' title="bbox 351 578 2962 2892">
     <span class='ocr_line' id='line_1_3' title="bbox 651 578 2959 661; baseline -0.001 -15"><span class='ocrx_word' id='word_1_10' title='bbox 651 580 1007 661; x_wconf 78' lang='lat' dir='ltr'>renovavit,</span> <span class='ocrx_word' id='word_1_11' title='bbox 1054 585 1131 645; x_wconf 80' lang='lat' dir='ltr'>ut</span> <span class='ocrx_word' id='word_1_12' title='bbox 1173 580 1433 646; x_wconf 76' lang='lat' dir='ltr'>haberet</span> <span class='ocrx_word' id='word_1_13' title='bbox 1469 581 1731 646; x_wconf 79' lang='lat' dir='ltr'>ecclesia</span> <span class='ocrx_word' id='word_1_14' title='bbox 1761 582 2067 647; x_wconf 75' lang='lat' dir='ltr'>Romana</span> <span class='ocrx_word' id='word_1_15' title='bbox 2112 581 2424 646; x_wconf 79' lang='lat' dir='ltr'>adversus</span> <span class='ocrx_word' id='word_1_16' title='bbox 2452 579 2758 660; x_wconf 45' lang='lat' dir='ltr'>infideles)</span> <span class='ocrx_word' id='word_1_17' title='bbox 2803 578 2959 644; x_wconf 84' lang='lat' dir='ltr'>hae-</span> 
     </span>
     <span class='ocr_line' id='line_1_4' title="bbox 555 604 2959 833; baseline -0 -91"><span class='ocrx_word' id='word_1_18' title='bbox 555 604 580 833; x_wconf 38' lang='lat' dir='ltr'>x</span> <span class='ocrx_word' id='word_1_19' title='bbox 650 678 910 758; x_wconf 59' lang='lat' dir='ltr'>raico-9,</span> <span class='ocrx_word' id='word_1_20' title='bbox 965 681 1027 741; x_wconf 80' lang='lat' dir='ltr'>et</span> <span class='ocrx_word' id='word_1_21' title='bbox 1064 677 1395 742; x_wconf 79' lang='lat' dir='ltr'>seditiosos</span> <span class='ocrx_word' id='word_1_22' title='bbox 1452 683 1757 764; x_wconf 76' lang='lat' dir='ltr'>tutorem,</span> <span class='ocrx_word' id='word_1_23' title='bbox 1816 679 2003 761; x_wconf 78' lang='lat' dir='ltr'>cujus</span> <span class='ocrx_word' id='word_1_24' title='bbox 2050 677 2336 760; x_wconf 74' lang='lat' dir='ltr'>officium</span> <span class='ocrx_word' id='word_1_25' title='bbox 2390 676 2766 759; x_wconf 75' lang='lat' dir='ltr'>repudiasse</span> <span class='ocrx_word' id='word_1_26' title='bbox 2806 677 2959 758; x_wconf 81' lang='lat' dir='ltr'>jam</span> 
     </span>
     <span class='ocr_line' id='line_1_5' title="bbox 643 773 2959 858; baseline 0 -20"><span class='ocrx_word' id='word_1_27' title='bbox 643 773 902 857; x_wconf 76' lang='lat' dir='ltr'>pridem</span> <span class='ocrx_word' id='word_1_28' title='bbox 966 773 1338 855; x_wconf 79' lang='lat' dir='ltr'><strong><em>Imperator</em></strong></span> <span class='ocrx_word' id='word_1_29' title='bbox 1403 773 1692 839; x_wconf 76' lang='lat' dir='ltr'><strong><em>Orientis</em></strong></span> <span class='ocrx_word' id='word_1_30' title='bbox 1755 773 2159 858; x_wconf 78' lang='lat' dir='ltr'>videretur.¹)</span> <span class='ocrx_word' id='word_1_31' title='bbox 2272 775 2402 839; x_wconf 87' lang='lat' dir='ltr'>Leo</span> <span class='ocrx_word' id='word_1_32' title='bbox 2470 796 2635 858; x_wconf 89' lang='lat' dir='ltr'>papa</span> <span class='ocrx_word' id='word_1_33' title='bbox 2698 774 2959 858; x_wconf 88' lang='lat' dir='ltr'>quando</span> 
     </span>
     <span class='ocr_line' id='line_1_6' title="bbox 382 861 2959 973; baseline -0 -38"><span class='ocrx_word' id='word_1_34' title='bbox 382 861 485 973; x_wconf 44' lang='grc' dir='ltr'>χ</span> <span class='ocrx_word' id='word_1_35' title='bbox 654 871 955 936; x_wconf 91' lang='lat' dir='ltr'>Carolum</span> <span class='ocrx_word' id='word_1_36' title='bbox 1004 871 1315 954; x_wconf 90' lang='lat' dir='ltr'>Magnum</span> <span class='ocrx_word' id='word_1_37' title='bbox 1363 873 1698 947; x_wconf 85' lang='lat' dir='ltr'>salutavit,</span> <span class='ocrx_word' id='word_1_38' title='bbox 1753 875 2086 936; x_wconf 87' lang='lat' dir='ltr'>coronavit</span> <span class='ocrx_word' id='word_1_39' title='bbox 2132 878 2197 937; x_wconf 89' lang='lat' dir='ltr'>et</span> <span class='ocrx_word' id='word_1_40' title='bbox 2244 873 2434 936; x_wconf 87' lang='lat' dir='ltr'>unxit</span> <span class='ocrx_word' id='word_1_41' title='bbox 2477 872 2959 955; x_wconf 90' lang='lat' dir='ltr'>Imperatorem,</span> 
     </span>
     <span class='ocr_line' id='line_1_7' title="bbox 653 967 2956 1052; baseline -0.001 -19"><span class='ocrx_word' id='word_1_42' title='bbox 653 969 712 1033; x_wconf 89' lang='lat' dir='ltr'>ei</span> <span class='ocrx_word' id='word_1_43' title='bbox 770 990 895 1051; x_wconf 91' lang='lat' dir='ltr'>qua</span> <span class='ocrx_word' id='word_1_44' title='bbox 949 969 1220 1051; x_wconf 83' lang='lat' dir='ltr'>principi</span> <span class='ocrx_word' id='word_1_45' title='bbox 1281 967 1359 1032; x_wconf 88' lang='lat' dir='ltr'>de</span> <span class='ocrx_word' id='word_1_46' title='bbox 1405 969 1696 1033; x_wconf 84' lang='lat' dir='ltr'>Ecclesia</span> <span class='ocrx_word' id='word_1_47' title='bbox 1750 974 1818 1033; x_wconf 91' lang='lat' dir='ltr'>et</span> <span class='ocrx_word' id='word_1_48' title='bbox 1873 970 2197 1052; x_wconf 83' lang='lat' dir='ltr'>republica</span> <span class='ocrx_word' id='word_1_49' title='bbox 2240 968 2535 1033; x_wconf 88' lang='lat' dir='ltr'>Romana</span> <span class='ocrx_word' id='word_1_50' title='bbox 2598 969 2762 1033; x_wconf 90' lang='lat' dir='ltr'>bene</span> <span class='ocrx_word' id='word_1_51' title='bbox 2822 990 2956 1032; x_wconf 92' lang='lat' dir='ltr'>me-</span> 
     </span>
     <span class='ocr_line' id='line_1_8' title="bbox 351 998 2958 1224; baseline 0 -96"><span class='ocrx_word' id='word_1_52' title='bbox 351 998 441 1224; x_wconf 44' lang='grc' dir='ltr'>Χβ</span> <span class='ocrx_word' id='word_1_53' title='bbox 651 1066 808 1141; x_wconf 90' lang='lat' dir='ltr'>rit0,</span> <span class='ocrx_word' id='word_1_54' title='bbox 874 1070 941 1128; x_wconf 90' lang='lat' dir='ltr'>et</span> <span class='ocrx_word' id='word_1_55' title='bbox 1002 1066 1246 1128; x_wconf 88' lang='lat' dir='ltr'>cunctis</span> <span class='ocrx_word' id='word_1_56' title='bbox 1306 1067 1438 1131; x_wconf 85' lang='lat' dir='ltr'>fere</span> <span class='ocrx_word' id='word_1_57' title='bbox 1503 1065 1799 1149; x_wconf 84' lang='lat' dir='ltr'>Europae</span> <span class='ocrx_word' id='word_1_58' title='bbox 1868 1066 2119 1149; x_wconf 89' lang='lat' dir='ltr'>populis</span> <span class='ocrx_word' id='word_1_59' title='bbox 2176 1065 2547 1130; x_wconf 89' lang='lat' dir='ltr'>christianis</span> <span class='ocrx_word' id='word_1_60' title='bbox 2607 1067 2958 1148; x_wconf 81' lang='lat' dir='ltr'>imperanti</span> 
     </span>
     <span class='ocr_line' id='line_1_9' title="bbox 653 1161 2959 1247; baseline -0 -22"><span class='ocrx_word' id='word_1_61' title='bbox 653 1161 933 1226; x_wconf 89' lang='lat' dir='ltr'>contulit</span> <span class='ocrx_word' id='word_1_62' title='bbox 1005 1161 1364 1244; x_wconf 87' lang='lat' dir='ltr'>imperialia</span> <span class='ocrx_word' id='word_1_63' title='bbox 1438 1164 1751 1247; x_wconf 87' lang='lat' dir='ltr'>insignia,</span> <span class='ocrx_word' id='word_1_64' title='bbox 1844 1163 2317 1245; x_wconf 79' lang='lat' dir='ltr'>imperatoriam</span> <span class='ocrx_word' id='word_1_65' title='bbox 2406 1163 2813 1246; x_wconf 86' lang='lat' dir='ltr'>majestatem</span> <span class='ocrx_word' id='word_1_66' title='bbox 2891 1168 2959 1225; x_wconf 92' lang='lat' dir='ltr'>et</span> 
     </span>
     <span class='ocr_line' id='line_1_10' title="bbox 653 1259 2956 1343; baseline 0 -22"><span class='ocrx_word' id='word_1_67' title='bbox 653 1259 1100 1322; x_wconf 88' lang='lat' dir='ltr'>excellentiam</span> <span class='ocrx_word' id='word_1_68' title='bbox 1162 1259 1336 1324; x_wconf 90' lang='lat' dir='ltr'>inter</span> <span class='ocrx_word' id='word_1_69' title='bbox 1395 1264 1678 1324; x_wconf 87' lang='lat' dir='ltr'>caeteros</span> <span class='ocrx_word' id='word_1_70' title='bbox 1735 1259 2097 1323; x_wconf 73' lang='lat' dir='ltr'>Occidentis</span> <span class='ocrx_word' id='word_1_71' title='bbox 2160 1259 2505 1342; x_wconf 80' lang='lat' dir='ltr'>principeS,</span> <span class='ocrx_word' id='word_1_72' title='bbox 2568 1264 2763 1343; x_wconf 90' lang='lat' dir='ltr'>atque</span> <span class='ocrx_word' id='word_1_73' title='bbox 2816 1259 2956 1323; x_wconf 85' lang='lat' dir='ltr'>offi-</span> 
     </span>
     <span class='ocr_line' id='line_1_11' title="bbox 651 1355 2959 1439; baseline 0 -22"><span class='ocrx_word' id='word_1_74' title='bbox 651 1355 820 1418; x_wconf 90' lang='lat' dir='ltr'>cium</span> <span class='ocrx_word' id='word_1_75' title='bbox 874 1376 989 1438; x_wconf 88' lang='lat' dir='ltr'>per</span> <span class='ocrx_word' id='word_1_76' title='bbox 1047 1357 1520 1434; x_wconf 88' lang='lat' dir='ltr'>excellentiam,</span> <span class='ocrx_word' id='word_1_77' title='bbox 1586 1361 1663 1420; x_wconf 90' lang='lat' dir='ltr'>ut</span> <span class='ocrx_word' id='word_1_78' title='bbox 1718 1356 1968 1432; x_wconf 91' lang='lat' dir='ltr'>dicunt,</span> <span class='ocrx_word' id='word_1_79' title='bbox 2033 1356 2386 1421; x_wconf 88' lang='lat' dir='ltr'>defensoris</span> <span class='ocrx_word' id='word_1_80' title='bbox 2446 1377 2519 1419; x_wconf 91' lang='lat' dir='ltr'>ac</span> <span class='ocrx_word' id='word_1_81' title='bbox 2573 1355 2959 1439; x_wconf 89' lang='lat' dir='ltr'>protectoris</span> 
     </span>
     <span class='ocr_line' id='line_1_12' title="bbox 652 1450 2959 1536; baseline 0 -22"><span class='ocrx_word' id='word_1_82' title='bbox 652 1450 979 1514; x_wconf 83' lang='lat' dir='ltr'>Ecclesiae</span> <span class='ocrx_word' id='word_1_83' title='bbox 1047 1473 1122 1515; x_wconf 91' lang='lat' dir='ltr'>ac</span> <span class='ocrx_word' id='word_1_84' title='bbox 1189 1453 1512 1517; x_wconf 88' lang='lat' dir='ltr'>societatis</span> <span class='ocrx_word' id='word_1_85' title='bbox 1578 1452 1991 1518; x_wconf 82' lang='lat' dir='ltr'>christianae.</span> <span class='ocrx_word' id='word_1_86' title='bbox 2100 1454 2226 1517; x_wconf 91' lang='lat' dir='ltr'>Per</span> <span class='ocrx_word' id='word_1_87' title='bbox 2286 1452 2351 1515; x_wconf 93' lang='lat' dir='ltr'>id</span> <span class='ocrx_word' id='word_1_88' title='bbox 2417 1453 2626 1536; x_wconf 87' lang='lat' dir='ltr'>ipsum</span> <span class='ocrx_word' id='word_1_89' title='bbox 2692 1451 2959 1516; x_wconf 84' lang='lat' dir='ltr'>Carolus</span> 
     </span>
     <span class='ocr_line' id='line_1_13' title="bbox 653 1547 2959 1633; baseline 0 -22"><span class='ocrx_word' id='word_1_90' title='bbox 653 1547 933 1630; x_wconf 88' lang='lat' dir='ltr'>Magnus</span> <span class='ocrx_word' id='word_1_91' title='bbox 995 1570 1146 1631; x_wconf 88' lang='lat' dir='ltr'>prae</span> <span class='ocrx_word' id='word_1_92' title='bbox 1201 1550 1469 1614; x_wconf 86' lang='lat' dir='ltr'>caeteris</span> <span class='ocrx_word' id='word_1_93' title='bbox 1531 1549 1894 1614; x_wconf 90' lang='lat' dir='ltr'>Occidentis</span> <span class='ocrx_word' id='word_1_94' title='bbox 1956 1549 2381 1633; x_wconf 88' lang='lat' dir='ltr'>principibus,</span> <span class='ocrx_word' id='word_1_95' title='bbox 2451 1549 2769 1613; x_wconf 87' lang='lat' dir='ltr'>Ecclesiae</span> <span class='ocrx_word' id='word_1_96' title='bbox 2832 1549 2959 1611; x_wconf 89' lang='lat' dir='ltr'>rei-</span> 
     </span>
     <span class='ocr_line' id='line_1_14' title="bbox 651 1643 2961 1730; baseline -0 -22"><span class='ocrx_word' id='word_1_97' title='bbox 651 1645 946 1728; x_wconf 85' lang='lat' dir='ltr'>publicae</span> <span class='ocrx_word' id='word_1_98' title='bbox 1016 1644 1347 1711; x_wconf 85' lang='lat' dir='ltr'>Romanae</span> <span class='ocrx_word' id='word_1_99' title='bbox 1412 1648 1736 1730; x_wconf 90' lang='lat' dir='ltr'>totiusque</span> <span class='ocrx_word' id='word_1_100' title='bbox 1804 1646 2126 1711; x_wconf 88' lang='lat' dir='ltr'>societatis</span> <span class='ocrx_word' id='word_1_101' title='bbox 2196 1646 2579 1711; x_wconf 85' lang='lat' dir='ltr'>christianae</span> <span class='ocrx_word' id='word_1_102' title='bbox 2647 1645 2718 1708; x_wconf 92' lang='lat' dir='ltr'>in</span> <span class='ocrx_word' id='word_1_103' title='bbox 2785 1643 2961 1710; x_wconf 90' lang='lat' dir='ltr'>Occi-</span> 
     </span>
     <span class='ocr_line' id='line_1_15' title="bbox 650 1741 2957 1826; baseline 0 -22"><span class='ocrx_word' id='word_1_104' title='bbox 650 1741 846 1805; x_wconf 89' lang='lat' dir='ltr'>dente</span> <span class='ocrx_word' id='word_1_105' title='bbox 909 1745 1236 1824; x_wconf 90' lang='lat' dir='ltr'>protector</span> <span class='ocrx_word' id='word_1_106' title='bbox 1302 1747 1498 1826; x_wconf 90' lang='lat' dir='ltr'>atque</span> <span class='ocrx_word' id='word_1_107' title='bbox 1566 1743 1864 1808; x_wconf 90' lang='lat' dir='ltr'>defensor</span> <span class='ocrx_word' id='word_1_108' title='bbox 1932 1765 2011 1806; x_wconf 86' lang='lat' dir='ltr'>ex</span> <span class='ocrx_word' id='word_1_109' title='bbox 2079 1744 2287 1808; x_wconf 90' lang='lat' dir='ltr'>officio</span> <span class='ocrx_word' id='word_1_110' title='bbox 2355 1743 2741 1807; x_wconf 89' lang='lat' dir='ltr'>constitutus</span> <span class='ocrx_word' id='word_1_111' title='bbox 2804 1741 2957 1824; x_wconf 80' lang='lat' dir='ltr'>fuit3</span> 
     </span>
     <span class='ocr_line' id='line_1_16' title="bbox 653 1837 2958 1924; baseline -0 -23"><span class='ocrx_word' id='word_1_112' title='bbox 653 1838 1072 1920; x_wconf 89' lang='lat' dir='ltr'>Imperatoris</span> <span class='ocrx_word' id='word_1_113' title='bbox 1147 1839 1434 1921; x_wconf 89' lang='lat' dir='ltr'>nomine,</span> <span class='ocrx_word' id='word_1_114' title='bbox 1509 1840 1873 1924; x_wconf 87' lang='lat' dir='ltr'>insignibus</span> <span class='ocrx_word' id='word_1_115' title='bbox 1945 1861 2020 1902; x_wconf 91' lang='lat' dir='ltr'>ac</span> <span class='ocrx_word' id='word_1_116' title='bbox 2094 1840 2556 1924; x_wconf 85' lang='lat' dir='ltr'>praerogativis</span> <span class='ocrx_word' id='word_1_117' title='bbox 2622 1837 2958 1903; x_wconf 87' lang='lat' dir='ltr'>decoratus</span> 
     </span>
     <span class='ocr_line' id='line_1_17' title="bbox 653 1934 2960 2021; baseline -0 -23"><span class='ocrx_word' id='word_1_118' title='bbox 653 1941 782 2011; x_wconf 88' lang='lat' dir='ltr'>est,</span> <span class='ocrx_word' id='word_1_119' title='bbox 841 1936 1014 1999; x_wconf 88' lang='lat' dir='ltr'>inter</span> <span class='ocrx_word' id='word_1_120' title='bbox 1070 1957 1290 2000; x_wconf 89' lang='lat' dir='ltr'>omnes</span> <span class='ocrx_word' id='word_1_121' title='bbox 1344 1934 1709 2001; x_wconf 86' lang='lat' dir='ltr'>Occidentis</span> <span class='ocrx_word' id='word_1_122' title='bbox 1769 1958 1949 2021; x_wconf 89' lang='lat' dir='ltr'>reges</span> <span class='ocrx_word' id='word_1_123' title='bbox 2012 1941 2079 2000; x_wconf 89' lang='lat' dir='ltr'>et</span> <span class='ocrx_word' id='word_1_124' title='bbox 2136 1937 2453 2021; x_wconf 90' lang='lat' dir='ltr'>principes</span> <span class='ocrx_word' id='word_1_125' title='bbox 2513 1935 2775 2000; x_wconf 88' lang='lat' dir='ltr'>honoris</span> <span class='ocrx_word' id='word_1_126' title='bbox 2836 1935 2960 2017; x_wconf 90' lang='lat' dir='ltr'>pri-</span> 
     </span>
     <span class='ocr_line' id='line_1_18' title="bbox 655 2032 2961 2118; baseline 0 -25"><span class='ocrx_word' id='word_1_127' title='bbox 655 2035 899 2095; x_wconf 88' lang='lat' dir='ltr'>matum</span> <span class='ocrx_word' id='word_1_128' title='bbox 963 2035 1029 2095; x_wconf 91' lang='lat' dir='ltr'>et</span> <span class='ocrx_word' id='word_1_129' title='bbox 1090 2033 1482 2097; x_wconf 89' lang='lat' dir='ltr'>eminentiae</span> <span class='ocrx_word' id='word_1_130' title='bbox 1541 2034 1945 2118; x_wconf 84' lang='lat' dir='ltr'>privilegium</span> <span class='ocrx_word' id='word_1_131' title='bbox 2006 2035 2267 2117; x_wconf 88' lang='lat' dir='ltr'>accepit.</span> <span class='ocrx_word' id='word_1_132' title='bbox 2375 2033 2496 2110; x_wconf 82' lang='lat' dir='ltr'>Qui</span> <span class='ocrx_word' id='word_1_133' title='bbox 2559 2033 2707 2097; x_wconf 86' lang='lat' dir='ltr'>novi</span> <span class='ocrx_word' id='word_1_134' title='bbox 2766 2032 2961 2115; x_wconf 90' lang='lat' dir='ltr'>hujus</span> 
     </span>
     <span class='ocr_line' id='line_1_19' title="bbox 654 2127 2962 2211; baseline 0 -20"><span class='ocrx_word' id='word_1_135' title='bbox 654 2127 914 2211; x_wconf 86' lang='lat' dir='ltr'>Imperii</span> <span class='ocrx_word' id='word_1_136' title='bbox 974 2127 1251 2192; x_wconf 89' lang='lat' dir='ltr'>Romani</span> <span class='ocrx_word' id='word_1_137' title='bbox 1309 2128 1767 2208; x_wconf 85' lang='lat' dir='ltr'>characterem,</span> <span class='ocrx_word' id='word_1_138' title='bbox 1829 2131 2020 2195; x_wconf 92' lang='lat' dir='ltr'>finem</span> <span class='ocrx_word' id='word_1_139' title='bbox 2083 2151 2156 2193; x_wconf 90' lang='lat' dir='ltr'>ac</span> <span class='ocrx_word' id='word_1_140' title='bbox 2216 2129 2708 2194; x_wconf 87' lang='lat' dir='ltr'>fundamentum</span> <span class='ocrx_word' id='word_1_141' title='bbox 2766 2148 2962 2211; x_wconf 90' lang='lat' dir='ltr'>super</span> 
     </span>
     <span class='ocr_line' id='line_1_20' title="bbox 656 2224 2959 2310; baseline -0 -22"><span class='ocrx_word' id='word_1_142' title='bbox 656 2224 831 2309; x_wconf 87' lang='lat' dir='ltr'>quod</span> <span class='ocrx_word' id='word_1_143' title='bbox 875 2230 1013 2289; x_wconf 89' lang='lat' dir='ltr'>erat</span> <span class='ocrx_word' id='word_1_144' title='bbox 1059 2226 1458 2289; x_wconf 89' lang='lat' dir='ltr'>aedificatum</span> <span class='ocrx_word' id='word_1_145' title='bbox 1514 2227 1943 2309; x_wconf 89' lang='lat' dir='ltr'>perpenderit,</span> <span class='ocrx_word' id='word_1_146' title='bbox 2016 2232 2348 2310; x_wconf 80' lang='lat' dir='ltr'>agnoscet,</span> <span class='ocrx_word' id='word_1_147' title='bbox 2407 2228 2744 2310; x_wconf 89' lang='lat' dir='ltr'>imperium</span> <span class='ocrx_word' id='word_1_148' title='bbox 2801 2224 2959 2288; x_wconf 90' lang='lat' dir='ltr'>illud</span> 
     </span>
     <span class='ocr_line' id='line_1_21' title="bbox 655 2321 2959 2408; baseline 0 -24"><span class='ocrx_word' id='word_1_149' title='bbox 655 2343 895 2385; x_wconf 84' lang='lat' dir='ltr'>novum</span> <span class='ocrx_word' id='word_1_150' title='bbox 960 2321 1279 2406; x_wconf 88' lang='lat' dir='ltr'>dignitate</span> <span class='ocrx_word' id='word_1_151' title='bbox 1340 2344 1413 2386; x_wconf 88' lang='lat' dir='ltr'>ac</span> <span class='ocrx_word' id='word_1_152' title='bbox 1472 2322 1854 2387; x_wconf 83' lang='lat' dir='ltr'>excellentia</span> <span class='ocrx_word' id='word_1_153' title='bbox 1918 2344 2250 2406; x_wconf 81' lang='lat' dir='ltr'>superasse</span> <span class='ocrx_word' id='word_1_154' title='bbox 2314 2325 2675 2408; x_wconf 87' lang='lat' dir='ltr'>antiquum.</span> <span class='ocrx_word' id='word_1_155' title='bbox 2789 2321 2959 2384; x_wconf 86' lang='lat' dir='ltr'>Nam</span> 
     </span>
     <span class='ocr_line' id='line_1_22' title="bbox 656 2417 2961 2504; baseline -0 -23"><span class='ocrx_word' id='word_1_156' title='bbox 656 2417 920 2482; x_wconf 89' lang='lat' dir='ltr'>Carolus</span> <span class='ocrx_word' id='word_1_157' title='bbox 982 2418 1259 2502; x_wconf 88' lang='lat' dir='ltr'>Magnus</span> <span class='ocrx_word' id='word_1_158' title='bbox 1319 2420 1735 2502; x_wconf 89' lang='lat' dir='ltr'>semetipsum</span> <span class='ocrx_word' id='word_1_159' title='bbox 1792 2442 1926 2483; x_wconf 91' lang='lat' dir='ltr'>non</span> <span class='ocrx_word' id='word_1_160' title='bbox 1984 2420 2146 2484; x_wconf 89' lang='lat' dir='ltr'>dixit</span> <span class='ocrx_word' id='word_1_161' title='bbox 2205 2419 2685 2504; x_wconf 80' lang='lat' dir='ltr'>imperatorem,</span> <span class='ocrx_word' id='word_1_162' title='bbox 2749 2440 2961 2501; x_wconf 89' lang='lat' dir='ltr'>neque</span> 
     </span>
     <span class='ocr_line' id='line_1_23' title="bbox 654 2514 2960 2601; baseline 0 -23"><span class='ocrx_word' id='word_1_163' title='bbox 654 2538 693 2579; x_wconf 91' lang='lat' dir='ltr'>a</span> <span class='ocrx_word' id='word_1_164' title='bbox 759 2522 992 2579; x_wconf 87' lang='lat' dir='ltr'>senatu</span> <span class='ocrx_word' id='word_1_165' title='bbox 1065 2516 1456 2599; x_wconf 89' lang='lat' dir='ltr'>populoque,</span> <span class='ocrx_word' id='word_1_166' title='bbox 1534 2540 1746 2601; x_wconf 91' lang='lat' dir='ltr'>neque</span> <span class='ocrx_word' id='word_1_167' title='bbox 1815 2519 1898 2581; x_wconf 89' lang='lat' dir='ltr'>ab</span> <span class='ocrx_word' id='word_1_168' title='bbox 1965 2519 2251 2582; x_wconf 89' lang='lat' dir='ltr'>exercitu</span> <span class='ocrx_word' id='word_1_169' title='bbox 2318 2519 2557 2582; x_wconf 89' lang='lat' dir='ltr'>electus</span> <span class='ocrx_word' id='word_1_170' title='bbox 2626 2519 2780 2597; x_wconf 89' lang='lat' dir='ltr'>fuit,</span> <span class='ocrx_word' id='word_1_171' title='bbox 2850 2514 2960 2579; x_wconf 90' lang='lat' dir='ltr'>sed</span> 
     </span>
     <span class='ocr_line' id='line_1_24' title="bbox 397 2612 2961 2801; baseline 0 -125"><span class='ocrx_word' id='word_1_172' title='bbox 397 2612 482 2801; x_wconf 40' lang='lat'>4&amp;</span> <span class='ocrx_word' id='word_1_173' title='bbox 655 2614 737 2676; x_wconf 91' lang='lat' dir='ltr'>ab</span> <span class='ocrx_word' id='word_1_174' title='bbox 776 2614 913 2695; x_wconf 90' lang='lat' dir='ltr'>ipso</span> <span class='ocrx_word' id='word_1_175' title='bbox 948 2612 1185 2677; x_wconf 87' lang='lat' dir='ltr'>Christi</span> <span class='ocrx_word' id='word_1_176' title='bbox 1226 2613 1490 2677; x_wconf 90' lang='lat' dir='ltr'>Domini</span> <span class='ocrx_word' id='word_1_177' title='bbox 1531 2616 1763 2679; x_wconf 85' lang='lat' dir='ltr'>vicario</span> <span class='ocrx_word' id='word_1_178' title='bbox 1810 2615 2132 2680; x_wconf 85' lang='lat' dir='ltr'>Ecclesiae</span> <span class='ocrx_word' id='word_1_179' title='bbox 2179 2616 2407 2698; x_wconf 88' lang='lat' dir='ltr'>capite,</span> <span class='ocrx_word' id='word_1_180' title='bbox 2456 2614 2749 2678; x_wconf 83' lang='lat' dir='ltr'>Romano</span> <span class='ocrx_word' id='word_1_181' title='bbox 2801 2636 2961 2695; x_wconf 90' lang='lat' dir='ltr'>pon-</span> 
     </span>
     <span class='ocr_line' id='line_1_25' title="bbox 652 2710 2962 2795; baseline 0 -22"><span class='ocrx_word' id='word_1_182' title='bbox 652 2710 824 2775; x_wconf 87' lang='lat' dir='ltr'>tifice</span> <span class='ocrx_word' id='word_1_183' title='bbox 890 2710 1286 2792; x_wconf 89' lang='lat' dir='ltr'>imperialem</span> <span class='ocrx_word' id='word_1_184' title='bbox 1363 2731 1662 2775; x_wconf 89' lang='lat' dir='ltr'>coronam</span> <span class='ocrx_word' id='word_1_185' title='bbox 1730 2733 1804 2776; x_wconf 87' lang='lat' dir='ltr'>ac</span> <span class='ocrx_word' id='word_1_186' title='bbox 1876 2713 2279 2795; x_wconf 84' lang='lat' dir='ltr'>majestatem</span> <span class='ocrx_word' id='word_1_187' title='bbox 2346 2712 2607 2794; x_wconf 89' lang='lat' dir='ltr'>accepit.</span> <span class='ocrx_word' id='word_1_188' title='bbox 2732 2710 2962 2776; x_wconf 85' lang='lat' dir='ltr'>Officia</span> 
     </span>
     <span class='ocr_line' id='line_1_26' title="bbox 653 2806 2962 2892; baseline -0.001 -21"><span class='ocrx_word' id='word_1_189' title='bbox 653 2806 804 2871; x_wconf 91' lang='lat' dir='ltr'>huic</span> <span class='ocrx_word' id='word_1_190' title='bbox 850 2806 1175 2890; x_wconf 88' lang='lat' dir='ltr'>majestati</span> <span class='ocrx_word' id='word_1_191' title='bbox 1221 2807 1537 2890; x_wconf 87' lang='lat' dir='ltr'>imperiali</span> <span class='ocrx_word' id='word_1_192' title='bbox 1566 2829 1837 2883; x_wconf 85' lang='lat' dir='ltr'>annexa,</span> <span class='ocrx_word' id='word_1_193' title='bbox 1884 2811 1959 2871; x_wconf 91' lang='lat' dir='ltr'>ut</span> <span class='ocrx_word' id='word_1_194' title='bbox 2004 2809 2302 2885; x_wconf 88' lang='lat' dir='ltr'>diximus,</span> <span class='ocrx_word' id='word_1_195' title='bbox 2351 2812 2539 2872; x_wconf 91' lang='lat' dir='ltr'>erant</span> <span class='ocrx_word' id='word_1_196' title='bbox 2585 2807 2962 2892; x_wconf 89' lang='lat' dir='ltr'>dignissima</span> 
     </span>
    </p>

    <p class='ocr_par' dir='ltr' id='par_1_4' title="bbox 654 2903 1220 2967">
     <span class='ocr_line' id='line_1_27' title="bbox 654 2903 1220 2967; baseline -0.002 0"><span class='ocrx_word' id='word_1_197' title='bbox 654 2906 722 2967; x_wconf 89' lang='lat' dir='ltr'>et</span> <span class='ocrx_word' id='word_1_198' title='bbox 762 2903 1220 2967; x_wconf 77' lang='lat' dir='ltr'>nobilissima.“</span> 
     </span>
    </p>
   </div>
   <div class='ocr_carea' id='block_1_4' title="bbox 322 3042 2961 3899">
    <p class='ocr_par' dir='ltr' id='par_1_5' title="bbox 322 3042 2961 3899">
     <span class='ocr_line' id='line_1_28' title="bbox 322 3042 2961 3151; baseline -0.001 -44"><span class='ocrx_word' id='word_1_199' title='bbox 322 3048 639 3151; x_wconf 32' lang='lat' dir='ltr'>Uria-societas</span> <span class='ocrx_word' id='word_1_200' title='bbox 837 3045 934 3107; x_wconf 86' lang='lat'>14.</span> <span class='ocrx_word' id='word_1_201' title='bbox 1008 3043 1183 3122; x_wconf 91' lang='lat' dir='ltr'>„Leo</span> <span class='ocrx_word' id='word_1_202' title='bbox 1251 3065 1418 3127; x_wconf 90' lang='lat' dir='ltr'>papa</span> <span class='ocrx_word' id='word_1_203' title='bbox 1471 3065 1620 3107; x_wconf 85' lang='lat' dir='ltr'>vero</span> <span class='ocrx_word' id='word_1_204' title='bbox 1684 3045 2042 3128; x_wconf 89' lang='lat' dir='ltr'>justissima</span> <span class='ocrx_word' id='word_1_205' title='bbox 2102 3046 2178 3109; x_wconf 90' lang='lat' dir='ltr'>de</span> <span class='ocrx_word' id='word_1_206' title='bbox 2243 3066 2433 3110; x_wconf 88' lang='lat' dir='ltr'>causa</span> <span class='ocrx_word' id='word_1_207' title='bbox 2492 3066 2565 3108; x_wconf 91' lang='lat' dir='ltr'>ac</span> <span class='ocrx_word' id='word_1_208' title='bbox 2623 3042 2961 3126; x_wconf 88' lang='lat' dir='ltr'>sapientis-</span> 
     </span>
     <span class='ocr_line' id='line_1_29' title="bbox 349 3113 2961 3222; baseline -0.002 -17"><span class='ocrx_word' id='word_1_209' title='bbox 349 3122 373 3151; x_wconf 51' lang='grc' dir='ltr'><strong>Ο</strong></span> <span class='ocrx_word' id='word_1_210' title='bbox 406 3113 599 3153; x_wconf 53' lang='lat' dir='ltr'><strong>&#39;nsum&#39;</strong></span> <span class='ocrx_word' id='word_1_211' title='bbox 658 3141 821 3205; x_wconf 87' lang='lat' dir='ltr'>sima</span> <span class='ocrx_word' id='word_1_212' title='bbox 865 3142 1113 3205; x_wconf 89' lang='lat' dir='ltr'>ratione</span> <span class='ocrx_word' id='word_1_213' title='bbox 1160 3140 1509 3222; x_wconf 90' lang='lat' dir='ltr'>Imperium</span> <span class='ocrx_word' id='word_1_214' title='bbox 1554 3139 1918 3205; x_wconf 86' lang='lat' dir='ltr'>Romanum</span> <span class='ocrx_word' id='word_1_215' title='bbox 1964 3142 2036 3205; x_wconf 90' lang='lat' dir='ltr'>in</span> <span class='ocrx_word' id='word_1_216' title='bbox 2083 3141 2429 3206; x_wconf 90' lang='lat' dir='ltr'>Occidente</span> <span class='ocrx_word' id='word_1_217' title='bbox 2474 3131 2789 3216; x_wconf 85' lang='lat' dir='ltr'>restituit,</span> <span class='ocrx_word' id='word_1_218' title='bbox 2847 3159 2961 3201; x_wconf 92' lang='lat' dir='ltr'>seu</span> 
     </span>
     <span class='ocr_line' id='line_1_30' title="bbox 653 3237 2960 3321; baseline -0.002 -20"><span class='ocrx_word' id='word_1_219' title='bbox 653 3238 941 3301; x_wconf 89' lang='lat' dir='ltr'>instituit</span> <span class='ocrx_word' id='word_1_220' title='bbox 1003 3243 1077 3301; x_wconf 92' lang='lat' dir='ltr'>ut</span> <span class='ocrx_word' id='word_1_221' title='bbox 1146 3238 1335 3301; x_wconf 90' lang='lat' dir='ltr'>multi</span> <span class='ocrx_word' id='word_1_222' title='bbox 1406 3237 1648 3302; x_wconf 89' lang='lat' dir='ltr'>dicunt.</span> <span class='ocrx_word' id='word_1_223' title='bbox 1764 3237 2022 3300; x_wconf 90' lang='lat' dir='ltr'>Etenim</span> <span class='ocrx_word' id='word_1_224' title='bbox 2094 3239 2222 3302; x_wconf 91' lang='lat' dir='ltr'>illis</span> <span class='ocrx_word' id='word_1_225' title='bbox 2286 3237 2683 3321; x_wconf 87' lang='lat' dir='ltr'>temporibus</span> <span class='ocrx_word' id='word_1_226' title='bbox 2756 3256 2960 3319; x_wconf 80' lang='lat' dir='ltr'>regeS,</span> 
     </span>
     <span class='ocr_line' id='line_1_31' title="bbox 653 3321 2959 3418; baseline -0.002 -20"><span class='ocrx_word' id='word_1_227' title='bbox 653 3321 974 3417; x_wconf 74' lang='lat' dir='ltr'>principes</span> <span class='ocrx_word' id='word_1_228' title='bbox 1033 3355 1105 3397; x_wconf 91' lang='lat' dir='ltr'>ac</span> <span class='ocrx_word' id='word_1_229' title='bbox 1164 3334 1382 3417; x_wconf 88' lang='lat' dir='ltr'>populi</span> <span class='ocrx_word' id='word_1_230' title='bbox 1448 3334 1517 3398; x_wconf 92' lang='lat' dir='ltr'>in</span> <span class='ocrx_word' id='word_1_231' title='bbox 1567 3332 1907 3398; x_wconf 90' lang='lat' dir='ltr'>Occidente</span> <span class='ocrx_word' id='word_1_232' title='bbox 1962 3335 2318 3418; x_wconf 87' lang='lat' dir='ltr'>generatim</span> <span class='ocrx_word' id='word_1_233' title='bbox 2380 3356 2576 3397; x_wconf 90' lang='lat' dir='ltr'>unam</span> <span class='ocrx_word' id='word_1_234' title='bbox 2644 3331 2959 3397; x_wconf 88' lang='lat' dir='ltr'>eamdem-</span> 
     </span>
     <span class='ocr_line' id='line_1_32' title="bbox 552 3431 2957 3514; baseline -0 -22"><span class='ocrx_word' id='word_1_235' title='bbox 552 3433 561 3440; x_wconf 65' lang='grc'><strong>“</strong></span> <span class='ocrx_word' id='word_1_236' title='bbox 656 3452 782 3514; x_wconf 88' lang='lat' dir='ltr'>que</span> <span class='ocrx_word' id='word_1_237' title='bbox 830 3431 1206 3513; x_wconf 86' lang='lat' dir='ltr'>religionem</span> <span class='ocrx_word' id='word_1_238' title='bbox 1265 3431 1678 3495; x_wconf 89' lang='lat' dir='ltr'>christianam</span> <span class='ocrx_word' id='word_1_239' title='bbox 1728 3431 2225 3513; x_wconf 82' lang='lat' dir='ltr'>profitebantur3</span> <span class='ocrx_word' id='word_1_240' title='bbox 2280 3453 2503 3495; x_wconf 89' lang='lat' dir='ltr'>omnes</span> <span class='ocrx_word' id='word_1_241' title='bbox 2551 3431 2742 3494; x_wconf 90' lang='lat' dir='ltr'>unius</span> <span class='ocrx_word' id='word_1_242' title='bbox 2789 3431 2957 3513; x_wconf 88' lang='lat' dir='ltr'>ejus-</span> 
     </span>
     <span class='ocr_line' id='line_1_33' title="bbox 656 3526 2957 3611; baseline -0 -21"><span class='ocrx_word' id='word_1_243' title='bbox 656 3527 926 3611; x_wconf 88' lang='lat' dir='ltr'>demque</span> <span class='ocrx_word' id='word_1_244' title='bbox 961 3527 1279 3591; x_wconf 88' lang='lat' dir='ltr'>Ecclesiae</span> <span class='ocrx_word' id='word_1_245' title='bbox 1328 3534 1517 3592; x_wconf 89' lang='lat' dir='ltr'>erant</span> <span class='ocrx_word' id='word_1_246' title='bbox 1543 3528 1866 3604; x_wconf 85' lang='lat' dir='ltr'>membra,</span> <span class='ocrx_word' id='word_1_247' title='bbox 1916 3536 1983 3591; x_wconf 93' lang='lat' dir='ltr'>et</span> <span class='ocrx_word' id='word_1_248' title='bbox 2028 3550 2221 3591; x_wconf 90' lang='lat' dir='ltr'>unam</span> <span class='ocrx_word' id='word_1_249' title='bbox 2271 3528 2456 3611; x_wconf 86' lang='lat' dir='ltr'>quasi</span> <span class='ocrx_word' id='word_1_250' title='bbox 2500 3526 2957 3611; x_wconf 89' lang='lat' dir='ltr'>rempublicam</span> 
     </span>
     <span class='ocr_line' id='line_1_34' title="bbox 653 3623 2958 3708; baseline -0.001 -20"><span class='ocrx_word' id='word_1_251' title='bbox 653 3646 767 3688; x_wconf 88' lang='lat' dir='ltr'>seu</span> <span class='ocrx_word' id='word_1_252' title='bbox 835 3624 1204 3688; x_wconf 89' lang='lat' dir='ltr'>societatem</span> <span class='ocrx_word' id='word_1_253' title='bbox 1275 3623 1694 3688; x_wconf 89' lang='lat' dir='ltr'>christianam</span> <span class='ocrx_word' id='word_1_254' title='bbox 1761 3625 2259 3689; x_wconf 86' lang='lat' dir='ltr'>constituebant.</span> <span class='ocrx_word' id='word_1_255' title='bbox 2374 3624 2718 3708; x_wconf 87' lang='lat' dir='ltr'>Permagni</span> <span class='ocrx_word' id='word_1_256' title='bbox 2786 3628 2958 3687; x_wconf 89' lang='lat' dir='ltr'>certe</span> 
     </span>
     <span class='ocr_line' id='line_1_35' title="bbox 656 3720 2958 3805; baseline -0.001 -20"><span class='ocrx_word' id='word_1_257' title='bbox 656 3720 976 3785; x_wconf 88' lang='lat' dir='ltr'>Ecclesiae</span> <span class='ocrx_word' id='word_1_258' title='bbox 1023 3742 1095 3784; x_wconf 87' lang='lat' dir='ltr'>ac</span> <span class='ocrx_word' id='word_1_259' title='bbox 1140 3721 1462 3785; x_wconf 88' lang='lat' dir='ltr'>societatis</span> <span class='ocrx_word' id='word_1_260' title='bbox 1508 3743 1619 3784; x_wconf 90' lang='lat' dir='ltr'>seu</span> <span class='ocrx_word' id='word_1_261' title='bbox 1666 3722 2051 3805; x_wconf 89' lang='lat' dir='ltr'>reipublicae</span> <span class='ocrx_word' id='word_1_262' title='bbox 2111 3723 2178 3785; x_wconf 92' lang='lat' dir='ltr'>in</span> <span class='ocrx_word' id='word_1_263' title='bbox 2232 3720 2577 3786; x_wconf 90' lang='lat' dir='ltr'>Occidente</span> <span class='ocrx_word' id='word_1_264' title='bbox 2628 3721 2958 3800; x_wconf 86' lang='lat' dir='ltr'>intererat,</span> 
     </span>
     <span class='ocr_line' id='line_1_36' title="bbox 655 3817 2955 3899; baseline -0.001 -18"><span class='ocrx_word' id='word_1_265' title='bbox 655 3823 730 3881; x_wconf 88' lang='lat' dir='ltr'>ut</span> <span class='ocrx_word' id='word_1_266' title='bbox 777 3821 999 3881; x_wconf 90' lang='lat' dir='ltr'>contra</span> <span class='ocrx_word' id='word_1_267' title='bbox 1058 3817 1343 3881; x_wconf 90' lang='lat' dir='ltr'>hostium</span> <span class='ocrx_word' id='word_1_268' title='bbox 1403 3818 1538 3881; x_wconf 84' lang='lat' dir='ltr'>sive</span> <span class='ocrx_word' id='word_1_269' title='bbox 1598 3819 2085 3883; x_wconf 89' lang='lat' dir='ltr'>domesticorum</span> <span class='ocrx_word' id='word_1_270' title='bbox 2151 3818 2283 3881; x_wconf 84' lang='lat' dir='ltr'>sive</span> <span class='ocrx_word' id='word_1_271' title='bbox 2345 3826 2706 3882; x_wconf 91' lang='lat' dir='ltr'>exterorum</span> <span class='ocrx_word' id='word_1_272' title='bbox 2757 3817 2955 3899; x_wconf 91' lang='lat' dir='ltr'>impe·</span> 
     </span>
    </p>
   </div>
   <div class='ocr_carea' id='block_1_5' title="bbox 655 3915 2957 3999">
    <p class='ocr_par' dir='ltr' id='par_1_6' title="bbox 655 3915 2957 3999">
     <span class='ocr_line' id='line_1_37' title="bbox 655 3915 2957 3999; baseline -0 -21"><span class='ocrx_word' id='word_1_273' title='bbox 655 3919 792 3991; x_wconf 83' lang='lat' dir='ltr'>tuS,</span> <span class='ocrx_word' id='word_1_274' title='bbox 839 3915 1255 3999; x_wconf 77' lang='lat' dir='ltr'>rebellioneS,</span> <span class='ocrx_word' id='word_1_275' title='bbox 1317 3918 1380 3979; x_wconf 89' lang='lat' dir='ltr'>et</span> <span class='ocrx_word' id='word_1_276' title='bbox 1423 3916 1680 3997; x_wconf 89' lang='lat' dir='ltr'>iniquas</span> <span class='ocrx_word' id='word_1_277' title='bbox 1728 3915 2263 3996; x_wconf 89' lang='lat' dir='ltr'>machinationes,</span> <span class='ocrx_word' id='word_1_278' title='bbox 2310 3915 2831 3992; x_wconf 88' lang='lat' dir='ltr'>defenderentur,</span> <span class='ocrx_word' id='word_1_279' title='bbox 2891 3918 2957 3977; x_wconf 92' lang='lat' dir='ltr'>et</span> 
     </span>
    </p>
   </div>
   <div class='ocr_carea' id='block_1_6' title="bbox 657 4083 1080 4090">
    <p class='ocr_par' dir='ltr' id='par_1_7' title="bbox 657 4083 1080 4090">
     <span class='ocr_line' id='line_1_38' title="bbox 657 4083 1080 4090; baseline 0 938"><span class='ocrx_word' id='word_1_280' title='bbox 657 4083 1080 4090; x_wconf 95' lang='lat' dir='ltr'> </span> 
     </span>
    </p>
   </div>
   <div class='ocr_carea' id='block_1_7' title="bbox 834 4176 2029 4244">
    <p class='ocr_par' dir='ltr' id='par_1_8' title="bbox 834 4176 2029 4244">
     <span class='ocr_line' id='line_1_39' title="bbox 834 4176 2029 4244; baseline 0 -14"><span class='ocrx_word' id='word_1_281' title='bbox 834 4177 877 4244; x_wconf 85' lang='lat'>¹)</span> <span class='ocrx_word' id='word_1_282' title='bbox 914 4178 998 4231; x_wconf 91' lang='lat' dir='ltr'>De</span> <span class='ocrx_word' id='word_1_283' title='bbox 1036 4177 1195 4231; x_wconf 89' lang='lat' dir='ltr'>rebus</span> <span class='ocrx_word' id='word_1_284' title='bbox 1232 4177 1447 4242; x_wconf 87' lang='lat' dir='ltr'>Italiae,</span> <span class='ocrx_word' id='word_1_285' title='bbox 1484 4176 1543 4230; x_wconf 91' lang='lat' dir='ltr'>L.</span> <span class='ocrx_word' id='word_1_286' title='bbox 1581 4177 1679 4230; x_wconf 93' lang='lat' dir='ltr'>VI.</span> <span class='ocrx_word' id='word_1_287' title='bbox 1718 4178 1787 4230; x_wconf 87' lang='lat' dir='ltr'>ad</span> <span class='ocrx_word' id='word_1_288' title='bbox 1825 4193 1871 4230; x_wconf 87' lang='lat' dir='ltr'>a.</span> <span class='ocrx_word' id='word_1_289' title='bbox 1910 4179 2029 4230; x_wconf 87' lang='grc'><strong>801.</strong></span> 
     </span>
    </p>
   </div>
  </div>
 </body>
</html>
