3270 5028
619 477 650 524 6
1345 468 1428 522 De
1465 466 1678 521 haeresi
1715 466 2186 520 Iconoclastarum.

617 614 712 676 est
755 609 910 675 mite
954 614 1016 674 et
1059 613 1488 688 mansuetum,
1536 606 1939 686 dissolutum,
1985 626 2188 688 neque
2219 606 2386 688 quod
2430 610 2523 670 est
2566 609 2942 684 austerum,

618 706 1027 772 astrictivum
1071 706 1549 788 relinquamus,
1601 755 1614 768 .
1664 755 1676 768 .
1722 757 1736 769 .
1785 703 2187 769 decernimus
2240 708 2351 769 etc.
2441 704 2723 768 Maxime
2766 725 2920 767 vero

621 827 866 871 canone
924 803 1107 868 XIII.
1176 805 1324 868 dein
1395 804 1472 866 de
1540 824 1868 867 sacrorum*
1933 803 2373 865 ministrorum
2440 800 2754 885 conjugiis
2823 800 2922 863 'vel

317 905 572 978 0⁰5³}if’221118
620 902 936 967 coelibatu
995 902 1190 965 talem
1249 900 1649 983 disciplinam
1721 899 2152 974 constituunt,
2224 920 2388 982 quae
2456 901 2614 962 satis
2675 898 2923 961 diversa

333 969 547 1019 mmm
623 1003 720 1062 est
777 1022 814 1061 a
859 998 1151 1062 Romana
1163 1045 1180 1075 ,
1244 1003 1438 1080 atque
1489 996 1658 1059 hanc
1714 995 2063 1059 acrioribus
2118 995 2327 1059 verbis
2379 999 2684 1079 arguunt.
2776 993 2922 1058 Sta-

621 1100 816 1159 tuunt
888 1095 1213 1159 videlicet:
1293 1090 1617 1172 Quoniam
1694 1091 2033 1156 Romanae
2105 1089 2398 1155 ecclesiae
2476 1111 2603 1173 pro
2682 1109 2923 1154 canone

624 1191 714 1276 (ἓν
758 1193 920 1266 τάξει
965 1189 1259 1272 κανόνος)
1318 1189 1639 1255 traditum
1700 1207 1831 1252 esse
1886 1186 2325 1270 coqnovimus,
2383 1191 2459 1253 ut
2501 1186 2922 1270 promovendi

621 1289 707 1353 ad
761 1286 1177 1352 diaconatum
1240 1287 1338 1352 vel
1383 1285 1936 1369 presbyteratum,
1995 1283 2430 1366 profiteantur
2483 1305 2549 1348 se
2601 1304 2733 1348 non
2788 1303 2921 1347 am-

611 1384 795 1466 plius
851 1383 991 1448 suis
1050 1382 1375 1462 Vuaeoribus
1440 1380 1944 1465 conjunqendos,
2023 1402 2141 1446 nos
2205 1381 2553 1463 antiquum
2616 1401 2922 1446 canonem

624 1479 1026 1562 Apostolicae
1081 1478 1499 1562 perfectionis
1562 1478 1937 1558 ordinisque
2000 1482 2354 1557 servantes,
2419 1477 2756 1543 hominum
2811 1477 2924 1558 qui

622 1581 778 1642 sunt
835 1576 908 1643 in
970 1576 1176 1640 sacris
1238 1575 1527 1658 leqitima
1587 1575 1893 1663 conjuqia
1956 1574 2249 1656 deinceps
2313 1595 2559 1657 quoque
2615 1574 2810 1654 firma
2865 1580 2926 1639 et

623 1673 889 1738 stabilia
934 1693 1064 1738 esse
1110 1672 1432 1750 volumus,
1488 1691 1902 1754 nequaquam
1946 1692 2169 1735 eorum
2215 1692 2357 1736 cum
2406 1671 2723 1737 uxoribus
2778 1692 2924 1736 con-

609 1769 1021 1853 junctionem
1083 1769 1522 1848 dissolventes,
1583 1768 1683 1833 vel
1735 1788 1837 1832 eos
1900 1772 2133 1833 mutua
2180 1773 2458 1851 tempore
2521 1769 2927 1835 conveniente

626 1865 1083 1932 consuetudine
1117 1865 1474 1949 privantes.
1569 1863 1996 1944 Quamobrem
2041 1864 2100 1928 si
2146 1864 2293 1946 quis
2340 1865 2579 1949 diqnus
2622 1865 2926 1931 inventus

620 1962 857 2046 fuerit,
905 1961 1034 2044 qui·
1063 1961 1573 2045 hypodiaconus,
1622 1961 1721 2024 vel
1766 1960 2103 2040 diaconus,
2157 1961 2256 2025 vel
2290 1961 2631 2044 presbyter
2675 1962 2925 2027 ordine-

627 2064 765 2138 tur,
812 2058 870 2123 is
916 2059 1001 2124 ad
1047 2059 1241 2123 talem
1281 2058 1564 2141 qradum
1610 2057 1861 2123 assumi
1906 2078 2316 2139 nequaquam
2352 2059 2811 2140 prohibeatur,
2871 2060 2928 2124 si

625 2177 768 2221 cum
816 2155 1102 2239 leqitima
1165 2176 1365 2221 uxore
1411 2154 1741 2220 cohabitet.
1837 2153 1962 2219 Sed
2017 2174 2221 2236 neque
2278 2155 2713 2220 ordinationis
2770 2160 2927 2220 tem-

614 2273 776 2336 pore
845 2253 923 2317 ab
993 2273 1060 2317 eo
1119 2252 1517 2340 postuletur,
1592 2256 1670 2315 ut
1726 2251 2121 2334 profiteatur
2193 2272 2257 2315 se
2324 2272 2366 2316 a
2426 2251 2714 2334 leqitima
2784 2274 2928 2316 cum

623 2370 826 2414 uxore
869 2348 1327 2414 consuetudine
1374 2348 1856 2428 abstenturum,
1904 2368 1984 2413 ne
2030 2368 2109 2411 ex
2156 2368 2223 2412 eo
2269 2368 2310 2412 a
2357 2347 2497 2413 Deo
2544 2348 2928 2414 constitutas

625 2450 685 2510 et
747 2467 869 2511 sua
917 2445 1293 2528 praesentia
1361 2444 1720 2509 benedictas
1778 2445 2049 2527 nuptias
2107 2445 2366 2529 injuria
2430 2444 2689 2529 afficere
2750 2465 2928 2529 coya-

624 2564 798 2621 mur,
875 2542 1244 2626 evanqelica‘
1308 2562 1453 2606 voce
1521 2542 1950 2608 eoeclamante:
2023 2542 2249 2622 „Quae
2315 2543 2500 2608 Deus
2568 2543 2927 2627 conjunxit,

626 2639 809 2705 homo
852 2661 983 2705 non
1029 2643 1357 2722 separet“,·
1413 2643 1474 2703 et
1520 2638 1824 2720 Apostolo
1862 2639 2117 2703 docente
2171 2639 2614 2718 „honorabiles
2661 2639 2930 2722 nuptias

625 2741 684 2800 et
731 2741 944 2814 torum
989 2736 1563 2814 immaculatum“,·
1608 2740 1701 2799 et:
1745 2734 2122 2818 „Alligatus
2168 2756 2234 2799 es
2277 2736 2523 2800 uxori?
2571 2757 2652 2801 ne
2697 2756 2932 2818 quaere

625 2832 1066 2897 solutionem.“
1111 2870 1193 2877 -—
1247 2833 1411 2897 Dein
1457 2838 1779 2907 statuunt,
1830 2838 1903 2897 ut
1949 2841 2242 2917 tempore
2282 2835 2626 2897 ministerii
2670 2838 2926 2897 tantum

625 2931 1032 2994 continentia
1062 2935 1369 3002 servetur,
1420 2935 1484 2992 et
1516 2930 1932 2993 concludunt:
1980 2926 2057 2992 Si
2093 2927 2240 3010 quis
2278 2949 2426 3012 erqo
2469 2928 2679 3011 fuerit
2708 2948 2928 3006 ausus,

616 3030 883 3109 praeter
951 3025 1327 3109 apostolicos
1397 3045 1673 3090 canones
1736 3024 2080 3103 incitatus,
2161 3024 2443 3108 aliquem
2520 3046 2740 3090 eorum
2817 3023 2930 3105 qui

629 3127 787 3188 sunt
828 3122 901 3187 in
940 3122 1163 3200 sacris,
1199 3121 1753 3204 presbyterorum,
1799 3120 2155 3202 inquimus,
2205 3122 2302 3186 vel
2347 3122 2786 3200 diaconorum,
2834 3120 2931 3184 vel

628 3218 1244 3302 hypodiaconorum,
1320 3217 1770 3301 conjunctione
1832 3239 1978 3283 cum
2044 3218 2332 3301 leqitima
2396 3238 2598 3284 uxore
2664 3222 2725 3281 et
2789 3239 2931 3283 con-

630 3315 970 3400 suetudine
1005 3315 1303 3397 privare,
1362 3315 1742 3396 deponatur.
1834 3314 2157 3380 Similiter
2202 3316 2365 3381 etsi
2412 3315 2558 3397 quis
2593 3314 2933 3397 presbyter

629 3413 726 3477 vel
769 3413 1082 3477 diaconus
1126 3431 1314 3475 suam
1360 3432 1628 3475 uxorem
1675 3411 1948 3493 pietatis
1991 3417 2343 3494 praetextu
2388 3410 2670 3494 ejecerit,
2728 3431 2931 3494 seqre-

625 3503 856 3594 qetur,
916 3513 975 3573 et
1020 3508 1078 3573 si
1113 3511 1504 3589 perseveret,
1562 3507 1940 3590 deponatur.
1986 3547 2075 3556 —
2118 3511 2310 3574 Hisce
2359 3510 2759 3593 disciplinam
2811 3509 2934 3573 Ro-

631 3631 887 3671 manam
953 3609 1312 3690 coarguunt
1376 3610 1446 3668 ut
1505 3603 1847 3688 Scripturis
1908 3608 2129 3682 sacris,
2200 3608 2486 3689 antiquis
2558 3606 2934 3681 canonibuS,

631 3705 855 3788 pietati
904 3700 1336 3785 oppositam.¹)
1417 3701 1585 3763 Dum
1617 3724 1767 3765 vero
1811 3704 2269 3766 abstinentiam
2319 3726 2355 3766 a
2401 3704 2690 3787 legitima
2738 3724 2932 3764 uxore

812 3960 849 4029 ¹)
892 3958 1334 4015 Similisindolis
1383 3964 1470 4012 est
1506 3959 1672 4012 etiam
1720 3975 1837 4011 can.
1876 3960 2072 4025 XXX.‚
2121 3960 2178 4013 in
2216 3975 2319 4026 quo
2359 3967 2533 4026 agunt
2578 3958 2643 4011 de
2682 3959 2933 4011 sacerdo-

632 4040 780 4095 tibus
818 4042 876 4093 in
913 4040 1229 4109 regionibus
1278 4038 1641 4091 barbarorum.
1724 4038 1787 4091 Si
1831 4038 2172 4108 apostolicum
2215 4056 2468 4093 canonem
2514 4038 2575 4091 de
2616 4055 2783 4091 uxore
2828 4054 2937 4091 non

636 4120 895 4188 ejicienda
949 4118 1178 4189 pictatis
1242 4134 1304 4171 ac
1360 4116 1638 4185 religionis
1689 4121 1978 4185 praetextu
2029 4134 2083 4171 se
2144 4118 2455 4188 superqrcdi
2518 4116 2697 4171 debere
2757 4115 2938 4169 eocisti-

636 4204 811 4265 mant,
864 4203 912 4253 et
947 4199 1097 4251 ultra
1135 4214 1196 4249 ea
1233 4213 1365 4263 quae
1403 4195 1692 4249 constituta
1727 4201 1856 4249 sunt
1888 4198 2088 4265 facere,
2126 4201 2178 4251 et
2211 4198 2327 4252 ideo
2366 4196 2632 4252 communi
2668 4213 2786 4250 cum
2822 4195 2939 4251 suis
