3270 5028
900 453 1149 505 Eventus
1186 455 1313 517 post
1351 448 1651 503 Concilium
1691 466 1802 504 oec.
1829 450 1986 504 VIII.
2494 454 2598 503 417

285 602 422 667 tur,
486 593 610 657 nisi
675 592 1048 675 Bulgariam
1114 589 1565 675 relinquant.¹)
1657 591 1756 654 Ex
1784 617 1805 624 ··
1822 591 1922 655 his
1986 592 2190 665 vides,
2256 592 2596 667 Joannem,

286 691 583 772 quamvis
633 712 708 754 eo
754 693 1043 771 tempore
1078 689 1355 753 maxime
1403 688 1797 753 desideraret
1837 689 1918 752 ab
1948 689 2344 772 Imperatore
2392 690 2600 752 orien-

288 787 404 849 tali
454 788 690 851 auxilia
734 790 960 850 contra
1007 784 1392 862 Saracenos,
1440 788 1591 882 jura
1648 790 1864 849 tamen
1916 784 2234 849 Ecclesiae
2279 784 2598 868 intrepide

288 882 664 948 vindicasse.
1477 895 1483 902 '

466 1022 606 1084 110.
683 1020 891 1095 Quum
970 1024 1317 1083 auctumno
1388 1019 1544 1082 anni
1618 1018 1746 1082 878
1819 1019 2148 1102 Eugenius
2221 1027 2288 1083 et
2360 1020 2596 1084 Paulus
2680 1022 2862 1123 ssssgaffi,

287 1116 910 1199 Constantinopolim
960 1116 1317 1191 venissent,
1374 1114 1833 1199 Ignatiumque
1882 1122 2238 1201 mortuum,
2286 1116 2594 1183 Photium
2721 1095 2878 1126 omam.

285 1236 433 1278 vero
497 1212 936 1296 patriarchatu
999 1213 1382 1295 fungentem
1440 1212 1840 1296 invenirent,
1903 1213 2093 1277 initio
2157 1215 2385 1278 incerti
2448 1215 2597 1277 hae·

283 1317 543 1384 serunt,
604 1315 669 1375 et
727 1333 764 1373 a
813 1309 1026 1373 Photii
1083 1310 1530 1373 communione
1586 1309 2065 1373 abstinuerunt.
2158 1308 2280 1375 Sed
2330 1310 2599 1375 Photius

283 1408 436 1491 ipsis
499 1408 882 1491 persuadere
944 1411 1214 1470 conatus
1284 1411 1380 1469 est
1446 1427 1522 1469 ex
1595 1405 1835 1469 litteris
1896 1405 2172 1470 Joannis
2247 1407 2327 1470 ad
2391 1407 2599 1491 Impe-

283 1508 560 1568 ratorem
625 1504 812 1580 datiS,
880 1503 1182 1567 Pontifici
1244 1506 1385 1566 rata
1447 1503 1583 1567 fore
1642 1524 1807 1587 quae
1866 1502 2079 1585 quoad
2139 1506 2597 1568 successionem

285 1599 501 1664 Photii
562 1624 599 1664 a
657 1599 894 1664 Basilio
960 1603 1217 1682 peracta
1266 1603 1483 1674 erant3
1549 1600 1926 1683 legatosque
1986 1601 2281 1683 promisit
2327 1600 2594 1665 Romam

284 1698 699 1780 profecturoS,
740 1698 850 1780 qui
885 1695 1216 1759 Pontificis
1249 1696 1507 1779 plenum
1542 1717 1923 1760 consensum
1953 1695 2344 1761 obtinerent.
2404 1697 2597 1762 Hisce

284 1795 553 1877 aliisque
605 1794 867 1869 artibus,
917 1792 1131 1855 Photii
1180 1813 1435 1875 quoque
1483 1792 1858 1855 muneribus
1907 1796 1973 1856 et
2019 1793 2208 1856 minis
2255 1794 2597 1877 imperiali-

285 1892 438 1968 buS,
499 1890 754 1953 demum
816 1913 889 1955 eo
936 1889 1190 1953 deducti
1252 1898 1407 1953 sunt
1463 1890 1691 1973 legati,
1751 1893 1827 1953 ut
1888 1889 2144 1972 publice
2206 1890 2378 1953 illius
2429 1913 2600 1954 com-

286 1987 661 2050 munionem
722 1987 1037 2061 colerent,
1100 1986 1228 2048 imo
1287 1987 1480 2049 etiam
1543 1985 1974 2063 declararent,
2035 2008 2102 2049 se
2162 1986 2384 2050 missos
2443 2007 2598 2064 esse,

286 2087 360 2147 ut
405 2083 737 2167 Ignatium
798 2083 1085 2146 censuris
1146 2082 1526 2166 plecterent,
1591 2083 1895 2147 Photium
1955 2104 2105 2146 vero
2167 2083 2596 2165 patriarcham

285 2180 769 2263 proclamarent.
834 2180 1014 2255 Quod
1066 2180 1119 2242 si
1166 2180 1432 2243 alterum
1484 2180 1566 2243 ob
1612 2180 1947 2264 negotium
1978 2178 2401 2260 Bulgarorum
2447 2201 2595 2242 vere

286 2297 567 2339 asserere
636 2280 968 2359 poterant,
1035 2278 1307 2339 alterum
1378 2297 1534 2339 sane
1600 2277 1776 2339 fictio
1847 2279 2013 2351 erat,
2084 2297 2273 2359 quam
2336 2275 2598 2339 nonnisi

284 2372 631 2455 sophistica
686 2374 1149 2455 consequentia
1203 2373 1370 2436 forte
1418 2394 1497 2435 ex
1553 2373 1790 2436 litteris
1835 2371 2106 2436 Joannis
2158 2371 2237 2434 ad
2283 2370 2592 2436 Basilium

285 2469 583 2553 colligere
630 2469 979 2552 potuerint.
1073 2468 1428 2534 Monachus
1475 2469 1731 2554 quidam
1782 2469 2105 2551 Andreas,
2164 2469 2273 2552 qui
2324 2490 2392 2533 se
2440 2468 2597 2552 ipsis

284 2571 359 2629 ut
419 2567 700 2649 legatum
763 2566 1166 2648 patriarchae
1229 2567 1822 2650 Hierosolymarum
1883 2566 2206 2644 exhibuit,
2274 2567 2406 2630 suis
2468 2587 2595 2629 ser-

284 2662 580 2726 monibus
627 2664 821 2726 etiam
858 2664 1133 2726 multum
1182 2665 1477 2741 contulit,
1523 2669 1596 2727 ut
1627 2662 1967 2746 scrupulos
1989 2664 2221 2747 legatis
2270 2664 2598 2740 eximeret,

283 2763 349 2822 et
409 2758 489 2821 ad
552 2762 766 2841 partes
831 2758 1048 2823 Photii
1110 2780 1215 2822 eos
1269 2759 1633 2827 adduceret.
1698 2795 1777 2802 —-
1842 2760 2145 2835 Quamvis
2201 2781 2350 2823 vero
2408 2759 2596 2824 multi

281 2853 501 2918 Photii
576 2855 921 2918 adversarii
992 2855 1112 2920 hac
1187 2858 1546 2940 legatorum
1621 2879 1765 2920 cum
1842 2856 2077 2920 Photio
2154 2857 2598 2920 communione

284 2973 631 3034 eorumque
691 2950 875 3014 dictis
939 2957 1498 3035 permoverentur,
1565 2957 1641 3016 ut
1712 2954 1903 3016 etiam
1972 2954 2092 3036 ipsi
2149 2955 2282 3037 jam
2345 2974 2480 3017 sese
2540 2952 2598 3015 ei

284 3047 557 3130 amplius
605 3070 737 3111 non
783 3052 1200 3130 opponerent,
1250 3049 1518 3112 fuerunt
1562 3053 1781 3113 tamen
1816 3050 2196 3132 complures,
2244 3050 2353 3132 qui
2397 3048 2599 3131 suspi-

283 3146 410 3207 cati
457 3148 630 3221 sunt,
680 3144 970 3207 fraudem
1008 3146 1289 3223 subesse,
1336 3145 1732 3229 legatosque,
1777 3147 1873 3209 uti
1919 3149 2111 3209 antea
2143 3145 2483 3209 Zacharias
2531 3151 2600 3207 et

287 3240 676 3316 Rodoaldus,
726 3239 1060 3305 Pontificis
1108 3241 1430 3305 mandatis
1478 3264 1611 3306 non
1659 3246 1852 3305 stare.
1945 3241 2115 3305 Hinc
2161 3241 2475 3317 Photius,
2520 3244 2597 3304 ut

285 3338 551 3402 omnino
606 3338 891 3403 firmaret
953 3339 1384 3422 episcopatum
1429 3360 1645 3416 suum,
1710 3340 2031 3423 legatione
2083 3338 2349 3402 Romam
2401 3337 2596 3401 missa

283 3434 557 3498 Joannis
603 3435 1154 3499 confirmationem
1200 3436 1492 3499 obtinere
1544 3435 1720 3498 nisus
1769 3432 1942 3515 est.²)

464 3585 608 3648 111.
661 3584 1005 3668 Legationi
1054 3583 1270 3648 Photii
1317 3589 1611 3667 praeerat
1668 3581 2046 3647 Theodorus
2079 3580 2758 3662 SantabarenuS,Ph0tfi
2806 3604 2927 3655 lega-

284 3681 380 3743 vir
445 3682 552 3745 ille
621 3681 1119 3759 versutissimUS,
1198 3682 1307 3764 qui
1376 3679 1593 3744 Photii
1662 3703 1919 3744 causam
1983 3678 2225 3743 Romae
2297 3680 2594 3743 omnibus
2734 3666 2812 3708 ἥθ’

286 3779 517 3860 quibus
588 3779 802 3862 potuit
871 3778 1116 3843 artibus
1181 3779 1517 3861 promovit.
1632 3776 1976 3841 Venerunt
2044 3776 2240 3860 legati
2306 3777 2402 3840 illi
2470 3777 2594 3841 Ro-

283 3899 453 3938 mam
522 3896 739 3938 mense
805 3873 978 3959 Majo
1048 3876 1205 3938 anni
1277 3875 1435 3951 879,
1507 3897 1580 3939 ac
1645 3874 1947 3939 Pontifex
2011 3872 2370 3938 deliberans
2443 3873 2596 3956 quid

463 4101 505 4168 ι)
543 4086 779 4169 Ep.'79;
816 4101 1002 4155 nabbe
1039 4101 1137 4153 Ix.
1180 4104 1265 4154 65.

464 4180 507 4248 2)
544 4181 607 4233 V.
649 4180 1077 4249 Hergenrother‚
1116 4180 1368 4247 Photius,
1405 4180 1469 4233 T.
1507 4180 1583 4234 II.
1625 4197 1673 4247 p.
1715 4182 1818 4233 308
1858 4196 1971 4248 sqq.

389 4276 650 4327 Jungmann,
683 4275 1036 4316 Dissertationes.
1093 4275 1214 4316 Tom.
1244 4275 1331 4315 ΙΙΙ.
2211 4269 2279 4318 27
