3270 5028
673 450 739 502 78
1399 451 1481 505 De
1517 452 1732 506 haeresi
1768 452 2245 507 Iconoclastarum.

628 596 632 600 '
669 591 827 652 sunt
867 586 1188 671 imaqines
1244 588 1598 672 habendae,
1657 591 1826 658 sicut
1870 611 1912 657 a
1957 593 2039 658 B.
2093 592 2408 676 Greyom‘o
2461 593 2624 658 satis
2673 591 2981 659 catholice

257 784 273 795 ”
373 775 626 838 Praesulum

375 860 603 902 sententia.

659 683 1126 767 perspicueque
1170 685 1415 752 dictum
1459 688 1851 755 declaratur.
1862 690 1909 769 1)

844 792 948 857 91.
1023 792 1223 858 Plura
1303 792 1571 859 Patrum
1635 796 2005 861 testimonia
2076 795 2475 880 collegerunt
2542 804 2681 860 tum
2748 803 2976 861 contra

669 908 777 952 eos
822 889 932 971 qui
977 890 1295 976 imagines
1339 890 1723 956 Sanctorum
1779 890 2282 976 confringendas
2333 896 2400 956 et
2443 892 2790 958 abolendas
2837 915 2979 957 esse

664 983 979 1065 dicerent,
1046 992 1188 1053 tum
1251 993 1476 1053 contra
1540 1010 1650 1053 eos
1714 990 1822 1073 qui
1882 989 2024 1053 illas
2087 988 2432 1053 adorarent
2492 994 2603 1053 aut
2664 990 2975 1073 supersti-

665 1083 830 1147 tiose
894 1084 1198 1148 colerent.
1315 1084 1519 1161 Quam
1583 1085 2026 1150 collectionem
2083 1107 2226 1150 cum
2289 1086 2559 1169 epistola
2620 1087 2700 1149 ad
2766 1086 2974 1150 Ludo·

665 1179 871 1243 vicum
916 1177 1375 1260 Imperatorem
1435 1181 1825 1246 direxerunt.
1919 1181 2329 1246 Addiderunt
2380 1188 2710 1266 praeterea
2761 1204 2973 1248 exem-

664 1277 806 1358 plar
869 1276 1176 1359 epistolae
1239 1301 1278 1342 a
1343 1277 1668 1343 Ludovico
1727 1278 1808 1343 ad
1873 1278 2250 1344 Pontificem
2313 1278 2765 1363 scribendae‚²)
2827 1302 2971 1344 cum

665 1372 956 1456 exemplo
1011 1374 1276 1438 alterius
1333 1376 1668 1458 epistolae,
1727 1397 1922 1458 quam
1979 1398 2017 1439 a
2071 1376 2384 1441 Pontifice
2442 1375 2521 1439 ad
2580 1375 2970 1443 Graecorum

664 1470 1124 1553 Imperatorem
1182 1471 1374 1535 scribi
1433 1472 1811 1556 cupiebant,
1873 1473 1942 1536 in
1999 1494 2128 1556 qua
2184 1470 2353 1536 hanc
2405 1473 2845 1537 restituendae
2899 1474 2969 1537 in

665 1568 945 1632 ecclesiis
1013 1565 1297 1632 Orientis
1364 1569 1536 1651 pacis
1599 1570 1768 1632 viam
1836 1572 2331 1675 proposuerunt,
2402 1572 2478 1632 ut
2548 1568 2663 1649 qui
2725 1568 2975 1649 volunt,

652 1683 779 1745 pro
832 1661 955 1743 pia
1016 1662 1329 1728 memoria
1392 1662 1487 1728 vel
1540 1683 1705 1729 sana
1760 1662 2059 1729 doctrina
2113 1663 2186 1728 i‘n
2239 1663 2393 1728 locis
2454 1664 2974 1774 competentibus,

662 1758 900 1866 absque
946 1758 1077 1823 ullo
1120 1758 1351 1824 illicito
1398 1759 1604 1840 cultu,
1657 1759 1870 1841 pictas
1914 1760 2012 1825 vel
2060 1759 2246 1840 fictas
2306 1759 2586 1826 habeant
2627 1761 2974 1845 imayines,

663 1855 778 1937 qui
822 1858 1040 1920 autem
1078 1856 1336 1936 nolunt,
1399 1855 1640 1938 absque
1683 1855 1816 1921 ullo
1860 1856 2090 1921 illicito
2134 1861 2527 1939 contemptu,
2586 1857 2809 1922 taliter
2854 1857 2969 1922 ha-

664 1952 875 2017 bentes
948 1952 1047 2016 vel
1120 1951 1379 2018 habitas
1450 1951 1771 2035 imaqi‘nes
1837 1952 2213 2018 nullatenus
2280 1952 2670 2037 spernant.³)
2734 1991 2822 2001 —-
2888 1955 2970 2020 In

662 2051 854 2114 variis
901 2050 1088 2134 hujus
1133 2053 1487 2114 conventus
1536 2050 1699 2133 (non
1747 2051 1873 2114 fuit
1924 2051 2233 2134 synodus)
2281 2051 2460 2128 actiS‚
2518 2051 2853 2116 Praesules
2904 2059 2972 2116 et

660 2147 779 2210 viri
827 2146 1060 2210 eruditi
1106 2147 1306 2210 nimia
1337 2147 1613 2230 quadam
1662 2146 1762 2210 sui
1810 2146 2055 2225 fiducia,
2083 2168 2184 2211 res
2214 2150 2522 2230 tractant,
2565 2153 2632 2213 et
2676 2150 2976 2232 quamvis

662 2242 1016 2326 magnificis
1060 2242 1270 2306 verbis
1316 2243 1769 2307 auctoritatem
1813 2241 1997 2310 Sedis
2042 2244 2451 2326 Apostolicae
2497 2245 2974 2323 commendent,

659 2340 895 2422 passim
955 2340 1167 2402 minus
1220 2345 1589 2403 reverenter
1651 2340 2036 2422 loquuntur,
2098 2341 2248 2404 dum
2305 2363 2362 2404 v.
2411 2361 2471 2425 g.
2527 2341 2778 2425 dicunt,
2839 2342 2971 2406 Ha-

660 2435 955 2499 drianum
1001 2435 1323 2519 scripsisse
1362 2453 1527 2516 quae
1570 2433 1794 2514 voluit,
1840 2433 2019 2499 haud
2062 2455 2211 2499 vero
2256 2455 2419 2518 quae
2465 2434 2752 2522 decuit.⁴)

839 2679 883 2746 ¹)
920 2679 986 2733 V.
1025 2679 1206 2733 Mansi
1251 2678 1384 2733 Coll.
1430 2678 1592 2733 Conc.
1642 2680 1704 2733 Τ.
1753 2678 1900 2732 XIV.
1941 2682 2237 2735 421—460.
2284 2711 2351 2717 —
2401 2681 2716 2750 Opportune
2761 2680 2852 2733 hic
2901 2696 2972 2735 ea

656 2767 848 2813 notare
889 2758 1134 2827 juvabit,
1189 2774 1326 2825 quae
1370 2759 1436 2813 de
1486 2759 1626 2812 actis
1678 2765 1977 2814 conventus
2026 2759 2348 2815 Parisiensis
2408 2761 2598 2815 scribit
2635 2760 2846 2825 Pagius
2895 2762 2966 2814 ad

656 2855 703 2891 a.
752 2840 856 2891 825
910 2855 962 2891 n.
1011 2840 1061 2891 2.
1117 2837 1304 2905 „Anno
1349 2839 1484 2890 1606
1533 2838 1738 2905 prodiit
1785 2837 2131 2893 Francofurti
2182 2838 2399 2894 libellus
2451 2857 2570 2894 cum
2619 2841 2722 2893 hoc
2772 2838 2968 2893 titulo:

653 2917 904 2987 Synodus
954 2915 1286 2970 Parisiensis
1345 2916 1407 2970 de
1458 2915 1789 2985 imayinibus
1840 2935 1985 2973 anno
2032 2917 2243 2971 Christi
2294 2918 2632 2973 DGGC'XXI
2637 2918 2705 2985 V,
2765 2937 2832 2974 ea:
2885 2936 2967 2978 ve-

655 2996 951 3065 tustissimo
995 2995 1175 3050 Codice
1221 2996 1487 3065 descripta
1537 2999 1589 3050 et
1630 3014 1776 3051 nune
1821 2998 2069 3067 primum
2115 2996 2178 3051 in
2226 2997 2392 3052 lucem
2439 2998 2597 3053 edita.
2688 2999 2795 3054 Sed
2843 3015 2965 3053 cum

653 3081 865 3131 careret
913 3075 1150 3130 auctoris
1203 3075 1444 3142 nomine,
1495 3076 1585 3142 qui
1630 3076 1844 3130 invenit
1899 3082 1955 3131 et
2001 3078 2263 3131 edendam
2312 3078 2552 3141 curavit,
2607 3077 2698 3132 vel
2744 3094 2810 3132 ex
2858 3094 2966 3144 qua

652 3156 822 3211 fuerit
858 3160 1085 3222 accepta
1119 3153 1468 3221 bibliotheca,
1507 3161 1564 3208 et
1599 3155 1892 3209 manifesto
1929 3159 2163 3223 pateret,
2203 3171 2337 3223 opus
2378 3156 2515 3209 illud
2550 3156 2607 3209 in
2645 3155 2824 3210 odium
2856 3157 2967 3210 Ro-

654 3251 847 3290 manae
874 3234 1157 3288 Ecclesiae
1193 3233 1537 3302 divulgatum
1566 3249 1703 3300 esse,
1741 3234 2103 3289 Bellarminus
2139 3234 2328 3288 statim
2365 3234 2609 3289 libellum
2643 3235 2797 3289 illum
2838 3251 2968 3289 con-

653 3315 860 3368 futavit
898 3320 1155 3380 tanquam
1191 3313 1332 3367 falso
1372 3312 1646 3381 Synodum
1681 3313 2048 3368 Parisiensem
2093 3313 2431 3380 inscriptum.
2504 3314 2702 3367 Petrus
2747 3313 2966 3380 quidem

653 3394 956 3449 Delalande
1019 3392 1392 3447 thesaurarius
1449 3392 1711 3447 ecclesiae
1767 3391 1817 3445 S.
1873 3391 2187 3446 Frambaldi
2239 3392 2665 3447 Silvanectensis
2720 3393 2964 3448 eamdem

654 3471 929 3539 Synodum
974 3477 1169 3540 postea
1215 3471 1521 3539 publicavit
1566 3487 1633 3525 ex
1683 3470 1879 3526 Codice
1928 3471 2301 3526 Bibliothecae
2351 3472 2613 3526 Thuanae
2659 3488 2801 3527 num.
2838 3474 2963 3535 270,

655 3552 749 3605 sed
791 3566 892 3604 nec
928 3551 1176 3605 Labbeus
1222 3550 1280 3603 in
1316 3549 1654 3605 Collectione
1692 3550 2053 3604 Conciliorum
2099 3550 2462 3619 generalium,
2508 3566 2610 3605 nec
2648 3550 2968 3604 Sirmondus

653 3628 709 3683 in
748 3628 1007 3684 Conciliis
1037 3631 1336 3685 Gallicanis
1371 3630 1524 3682 illam
1552 3631 1824 3697 Synodum
1863 3629 2116 3693 retulere,
2156 3630 2297 3695 quod
2323 3630 2600 3683 Gallorum
2638 3628 2787 3682 illius
2825 3636 2961 3683 tem-

652 3707 800 3774 poris
837 3709 903 3762 ab
933 3709 1232 3778 imaginum
1261 3709 1580 3765 adoratione
1606 3706 2012 3763 abhorrentium
2040 3708 2308 3762 haeresim
2334 3707 2629 3763 redoleat.“
2670 3739 2736 3744 —-
2775 3710 2962 3777 Agno-

654 3795 855 3842 verunt
890 3793 1073 3843 tamen
1110 3789 1470 3856 posteriores,
1517 3793 1647 3842 acta
1691 3787 1886 3855 synodi
1923 3801 2043 3841 esse
2082 3786 2345 3854 genuina3
2391 3787 2518 3853 quid
2555 3802 2685 3841 vero
2730 3788 2796 3842 de
2835 3787 2962 3842 Gal-

653 3866 828 3920 lorum
865 3867 1117 3934 opinione
1156 3870 1478 3923 censendum
1521 3867 1612 3933 sit,
1651 3882 1718 3921 ex
1758 3865 1922 3919 dictis
1962 3864 2259 3933 colligitur.

832 3944 875 4012 2)
914 3945 1094 3999 Mansi
1129 3946 1167 3999 1.
1207 3963 1251 3999 c.
1288 3963 1339 4013 p.
1375 3949 1495 4000 461.
1813 3943 1855 4011 ³)
1891 3943 2070 3997 Mansi
2106 3943 2143 3996 1.
2185 3961 2228 3997 c.
2267 3961 2317 4011 p.
2355 3946 2476 3997 463.

828 4022 875 4090 ⁴)
918 4023 1164 4090 Dixeris,
1212 4025 1501 4080 Praesules
1540 4024 1856 4078 Gallicanos
1903 4022 2054 4076 illius
2092 4021 2322 4088 aetatiS,
2368 4039 2529 4089 quum
2576 4039 2673 4090 per
2708 4022 2964 4090 Pipinum

654 4108 711 4157 et
763 4102 1014 4157 Carolum
1054 4104 1126 4156 M.
1187 4105 1257 4157 ad
1303 4109 1513 4157 tantam
1570 4104 1805 4173 gloriam
1863 4102 1998 4155 illud
2047 4116 2274 4169 regnum
2328 4101 2700 4169 pervenisset,
2757 4101 2964 4169 aliquid

653 4182 873 4236 humani
910 4197 1103 4250 passos
1144 4198 1290 4248 esse,
1341 4188 1607 4248 quatenus
1647 4181 2046 4249 aliquantisper
2089 4180 2267 4234 animo
2318 4180 2639 4236 efferrentur
2676 4186 2733 4234 et
2770 4178 2965 4233 existi·
