3270 5028
646 423 749 474 180
1188 423 1272 477 De
1308 423 1547 491 Imperio
1587 426 1645 475 et
1680 423 1746 476 de
1783 422 2035 476 Ecclesia
2072 439 2211 478 saec.
2251 441 2409 479 nono.

650 558 1030 625 Germanoa
1122 562 1338 628 Etiam
1384 564 1601 647 plures
1648 570 1942 629 auctores
1989 567 2243 650 antiqui
2290 567 2481 631 simili
2529 567 2782 630 ratione
2827 552 2954 631 ista

641 658 719 722 de
780 680 848 722 re
907 659 1299 743 loquuntur,
1361 661 1455 724 uti
1522 659 1873 725 Annalista
1944 660 2512 727 Laureshamensis
2575 663 2620 726 l.
2682 684 2735 729 c.
2799 662 2952 726 dum

642 756 824 831 dicit,
886 776 1161 820 cessasse
1219 778 1294 820 eo
1339 760 1625 840 tempore
1687 779 1725 820 a
1777 760 1963 838 parte
2009 757 2390 823 Graecorum
2454 780 2692 823 nomen
2735 758 2950 842 Impe-

640 853 894 917 ratoriS.
989 852 1074 917 Et
1120 857 1345 917 auctor
1392 852 1584 917 Vitae
1631 852 1693 919 S.
1744 852 2125 918 Willehardi
2172 876 2224 919 c.
2273 856 2343 919 2:
2399 853 2476 919 Si
2520 853 2806 936 quidem,
2854 856 2949 919 in-

642 950 784 1033 quit
799 998 815 1031 ,
868 947 1233 1031 imperialis
1278 952 1561 1030 potestas
1616 948 1704 1013 ad
1758 946 2173 1014 Francorum
2229 949 2627 1016 translatum
2686 954 2781 1014 est
2836 949 2949 1015 do-

641 1043 995 1128 minium.¹)
1096 1045 1198 1109 Ita
1259 1047 1455 1110 etiam
1513 1069 1650 1110 rem
1707 1046 2077 1129 concipiunt
2133 1048 2429 1112 nonnulli
2492 1051 2785 1113 auctores
2846 1049 2947 1113 in·

638 1143 885 1226 signeS,
957 1143 1053 1206 uti
1115 1141 1435 1207 Baronius
1495 1148 1561 1207 et
1622 1142 2051 1208 Bellarminus
2109 1145 2222 1228 qui
2278 1145 2536 1228 scripsit
2598 1144 2674 1208 de
2730 1148 2947 1210 trans-

638 1237 880 1304 latione
922 1237 1202 1320 Imperii
1242 1238 1536 1303 Romani
1581 1259 1622 1304 a
1676 1238 1946 1304 Graecis
2002 1240 2089 1304 ad
2125 1239 2437 1305 Francos.
2530 1241 2946 1307 Recentiores

639 1341 930 1401 auctores
973 1337 1262 1420 plerique
1308 1342 1527 1401 tamen
1574 1341 1867 1420 censent,
1924 1337 2096 1401 haud
2143 1338 2637 1403 translationem
2683 1337 2945 1422 Imperii

637 1434 1029 1520 generatim,
1097 1434 1196 1498 vel
1262 1434 1456 1497 etiam
1523 1433 1780 1544 Imperii
1841 1434 2279 1512 occidentaliS,
2339 1435 2459 1499 dici
2520 1457 2703 1518 posse
2766 1436 2946 1500 illam

638 1530 851 1595 Caroli
899 1528 985 1594 M.
1052 1530 1532 1594 coronationem
1593 1532 1665 1594 in
1729 1530 2222 1617 Imperatorem,
2289 1532 2398 1595 sed
2463 1529 2944 1596 renovationem

639 1627 899 1709 Imperii
946 1627 1388 1713 occidentalis,
1445 1626 1615 1710 quod
1663 1649 1716 1690 a.
1762 1627 1890 1690 476
1947 1629 2334 1693 exstinctum
2383 1632 2552 1705 erat,
2610 1629 2710 1693 vel
2754 1612 2943 1691 insti-

637 1721 953 1788 tutionem
997 1724 1163 1787 sacri
1206 1722 1482 1787 Romani
1528 1723 1807 1806 Imperii.
1815 1719 1869 1805 ²)

818 1839 918 1902 16.
983 1836 1435 1920 Opportunum
1497 1839 1622 1901 erit
1685 1837 1903 1922 aliqua
1969 1859 2046 1900 ex
2102 1836 2492 1902 Bellarmino
2548 1837 2802 1917 afferre,
2865 1842 2942 1902 ut

514 1913 569 1941 ια’
634 1936 905 2008 clareat,
980 1934 1297 2017 quomodo
1364 1933 1765 1998 doctissimus
1833 1934 1940 1997 ille
2009 1935 2133 2011 vir,
2211 1956 2398 2018 quem
2472 1935 2734 1997 nomine
2801 1935 2941 2017 plu·

634 2035 942 2098 rimorum
1020 2032 1317 2107 citamuS,
1408 2032 1904 2095 translationem
1988 2031 2165 2094 illam
2247 2031 2613 2113 conceperit
2697 2036 2762 2096 et
2836 2053 2940 2095 ex-

633 2131 849 2215 plicet.
960 2127 1136 2203 Quae
1203 2126 1359 2190 dicit
1427 2129 1620 2191 etiam
1690 2129 2073 2204 inservient,
2141 2131 2217 2191 ut
2282 2127 2461 2192 brevi
2528 2128 2940 2213 recolligatur

634 2225 902 2292 historia
946 2223 1204 2306 Imperii
1252 2223 1547 2287 Romani.
1654 2221 1910 2287 Statum
1967 2246 2194 2289 causae
2249 2245 2603 2307 exponens:
2671 2224 2940 2309 „Igitur,

633 2322 878 2406 inquit,
937 2320 1300 2384 Romanum
1354 2319 1721 2403 Imperium'
1763 2322 2021 2384 tametsi
2084 2325 2236 2385 ante
2296 2320 2714 2386 Constantini
2771 2325 2938 2384 tem-

632 2442 817 2504 pora,
882 2416 1068 2480 modo
1129 2417 1211 2479 ab
1273 2439 1432 2495 uno,
1499 2417 1685 2480 modo
1747 2440 1785 2480 a
1845 2417 2133 2500 pluribus
2190 2417 2506 2500 Augustis
2568 2418 2704 2501 pari
2762 2420 2940 2501 pote·

631 2521 801 2581 state
860 2518 1226 2598 regeretur3
1302 2537 1503 2578 unum
1564 2520 1785 2579 tamen
1858 2519 2053 2600 atque
2122 2516 2463 2580 indivisum
2534 2513 2937 2579 censebatur.

632 2613 881 2678 Deinde
944 2634 1095 2675 vero
1155 2616 1498 2695 postquam
1551 2633 1826 2696 magnus
1893 2611 2363 2677 Constantinus
2428 2610 2690 2676 CPolim
2755 2610 2938 2695 quasi

630 2712 901 2776 alteram
959 2707 1230 2772 Romam
1296 2708 1684 2784 aedificavit,
1756 2713 1819 2773 et
1884 2731 2024 2773 cum
2091 2730 2167 2772 ea
2229 2710 2503 2773 alterum
2570 2707 2936 2784 Consulem,

631 2809 904 2873 alterum
951 2801 1294 2883 Senatum,
1354 2809 1420 2869 et
1475 2806 1693 2868 omnia
1739 2805 2069 2870 Romanae
2117 2804 2312 2869 Urbis
2374 2805 2712 2889 privilegia
2766 2825 2937 2868 com-

631 2903 1010 2980 municavit,
1085 2901 1356 2965 divisum
1417 2906 1520 2966 est
1583 2901 1926 2984 Imperium
1993 2902 2064 2965 in
2126 2907 2337 2984 partes
2401 2902 2591 2977 duas,
2664 2922 2937 2984 quarum

631 3004 834 3067 altera
890 3000 1227 3083 imperium
1284 2997 1595 3074 Orientis,
1660 2999 1863 3062 altera
1919 2995 2284 3061 Occidentis
2342 2997 2652 3080 appellari
2709 3000 2935 3078 coepta
2978 2986 2988 2996 ⁶

631 3105 745 3164 est.
850 3096 937 3160 Et
1009 3094 1541 3179 quemadmodum
1618 3098 1771 3158 ante
1835 3093 2337 3158 Constantinum
2413 3094 2767 3177 principem
2840 3093 2937 3155 in·

629 3195 901 3259 divisum
990 3191 1340 3274 Imperium
1427 3189 1773 3273 aliquando
1858 3191 2074 3273 plures
2155 3190 2437 3274 Augusti
2526 3189 2937 3255 administra-

626 3292 819 3364 bant,
883 3288 1136 3371 saepius
1182 3286 1348 3350 unus
1403 3308 1477 3351 ac
1521 3287 1692 3351 solus
1738 3286 2034 3370 regebat,
2097 3288 2191 3351 ita
2246 3290 2390 3370 post
2431 3286 2935 3351 Constantinum
3019 3275 3025 3280 ’

628 3385 972 3469 Imperium
1048 3385 1187 3467 jam
1271 3383 1542 3447 divisum
1626 3384 2006 3467 plerumque
2096 3383 2222 3447 duo
2310 3381 2614 3447 Caesares
2705 3387 2933 3448 tenue-

627 3486 811 3559 runt,
887 3502 1031 3544 raro
1101 3502 1269 3544 unus
1337 3500 1411 3543 ac
1477 3481 1651 3544 solus
1719 3480 2010 3565 princeps
2077 3479 2479 3565 gubernavit.
2605 3478 2936 3563 Siquidem

631 3577 1064 3643 Constantino
1134 3578 1265 3640 vita
1335 3576 1560 3641 functo
1637 3600 1693 3643 a.
1765 3576 1845 3642 D.
1911 3580 2035 3642 341
2111 3576 2506 3641 occidentale
2584 3575 2935 3659 Imperium

632 3674 1063 3740 Constantino
1116 3673 1373 3738 Juniori
1438 3678 1504 3737 et
1565 3674 1939 3753 Constanti,
2000 3674 2350 3757 Imperium
2413 3671 2701 3739 Orientis
2765 3672 2935 3737 Con-

630 3772 876 3835 stantio
952 3770 1170 3852 cessit3
1236 3775 1378 3853 post
1449 3770 1864 3835 Constantini
1942 3774 2156 3834 autem
2235 3774 2301 3833 et
2377 3769 2748 3834 Constantis
2825 3790 2933 3834 ex-

809 3996 955 4062 ¹).V
993 3996 1182 4061 Pertz,
1220 3996 1371 4050 Tom.
1413 3997 1486 4049 ΙΙ.
1524 4012 1575 4062 p.
1614 3998 1735 4049 301.

811 4074 855 4145 ²)
905 4076 996 4129 Ita
1046 4090 1091 4129 e.
1141 4091 1197 4144 g.
1245 4074 1506 4142 Phillips,
1559 4074 1973 4140 Kirchenrecht,
2024 4073 2088 4127 B.
2136 4073 2242 4128 III.
2287 4074 2450 4128 Abth.
2501 4074 2544 4127 Ι.
2594 4073 2642 4142 ξ.
2695 4075 2811 4127 119.
2864 4103 2933 4112 -

632 4154 912 4221 WouterS,
948 4155 985 4208 1.
1025 4170 1069 4207 c.
