3270 5028
947 423 1310 477 Pontificatus
1344 424 1633 477 Paschalis
1671 424 1715 476 Ι.
1753 424 1819 478 R.
1857 423 1918 476 P.
2481 426 2583 477 201

276 563 423 642 bat,
483 564 714 643 altera,
794 565 1022 629 civium
1116 565 1527 644 inferiorum,
1605 563 2005 630 Francorum
2075 565 2584 629 dominationem

276 664 602 726 coarctare
657 661 974 725 studebat.
1047 658 1289 725 *Prima
1344 661 1541 727 factio
1586 662 1976 746 principatui
2024 662 2198 726 civili
2245 660 2588 727 Pontificis

274 757 694 823 difficultates
766 758 1002 842 passim
1073 758 1361 836 creabat,
1402 830 1405 837 ‚
1442 764 1639 842 atque
1700 780 1881 823 suam
1945 757 2160 841 potius
2221 758 2581 841 potentiam

275 854 664 938 amplificare
710 855 1042 919 nitebatur
1083 877 1201 939 ope
1246 855 1685 939 Imperatoris

400 986 407 990 -
458 951 561 1014 38.
612 951 961 1035 Postquam
1017 950 1367 1017 Lotharius
1431 951 1756 1033 discessit,
1822 951 2054 1015 turbae
2110 951 2178 1014 in
2236 949 2412 1014 Urbe
2471 971 2585 1014 ex·
2661 943 2918 1050 ώζζοξξζ

276 1049 517 1113 citatae
584 1052 768 1124 sunt,
847 1070 1047 1131 eaque
1118 1049 1450 1113 occasione
1517 1048 1874 1113 interfecti
1910 1045 2285 1112 Theodorus
2349 1046 2584 1110 Primi-

275 1145 483 1208 cerius
530 1150 597 1207 et
642 1142 776 1208 Leo
822 1146 958 1229 ejus
1004 1167 1201 1230 gener
1245 1144 1741 1219 Nomenclator‚
1797 1144 1904 1228 qui
1953 1165 2029 1207 ex
2069 1143 2351 1208 factione
2398 1148 2588 1208 erant

278 1241 657 1324 Imperatori
714 1240 983 1307 addicta.
1074 1240 1262 1305 Unde
1313 1240 1672 1305 Ludovicus
1722 1240 2082 1323 Imperator
2139 1262 2411 1305 examen
2460 1240 2586 1305 ista

274 1336 355 1400 de
401 1359 471 1401 re
516 1336 858 1401 instituere
908 1339 1130 1415 voluit,
1191 1338 1300 1402 sed
1347 1359 1384 1400 a
1429 1337 1699 1401 consilio
1746 1336 2013 1413 destitit,
2063 1359 2263 1420 quum
2309 1336 2588 1402 Pascha-

277 1434 356 1498 lis
402 1456 538 1498 sese
600 1438 983 1518 opponeret,
1042 1440 1108 1499 et
1146 1434 1567 1518 jurejurando
1613 1434 1996 1510 affirmaret,
2052 1455 2120 1498 se
2165 1434 2255 1497 rei
2302 1434 2586 1498 nescium

275 1531 504 1608 fuisse,
584 1531 819 1596 occisos
887 1534 1135 1609 tamen,
1209 1536 1284 1595 ut
1352 1532 1714 1614 majestatis
1786 1532 2001 1595 laesae
2035 1590 2040 1593 ,
2071 1552 2240 1608 reos,
2317 1536 2588 1595 mortem

275 1628 608 1692 meruisse.
698 1627 837 1692 Ista
882 1627 961 1691 de
1006 1650 1074 1691 re
1122 1627 1562 1713 Eginhardus:
1612 1625 2021 1691 Nunciatum
2072 1630 2166 1691 est
2212 1625 2589 1711 (Ludovico)

287 1722 702 1788 Theodoram
758 1728 1021 1789 sanctae
1067 1723 1409 1789 Romanae
1467 1722 1762 1788 ecclesiae
1806 1722 2272 1788 Primicerium
2319 1726 2380 1787 et
2426 1723 2587 1788 Leo-

276 1840 427 1884 nem
482 1819 1042 1885 Nomenctatorem
1101 1828 1414 1903 yeneram
1483 1820 1652 1904 ejas,
1716 1819 1790 1885 in
1835 1820 2252 1903 patriarchio
2312 1821 2589 1885 Latera-

240 1916 468 1981 ‘nensi
514 1917 735 1999 primo
805 1921 1198 1998 excaecatos,
1272 1921 1333 1981 et
1386 1916 1614 1982 deinde
1669 1915 1877 1998 faisse
1933 1916 2297 1997 decollatos,
2362 1921 2424 1981 et
2476 1916 2591 1981 hoc

276 2012 372 2078 eis
419 2012 491 2078 ob
538 2013 654 2078 hoc
701 2012 1072 2096 contiyisse,
1132 2014 1300 2095 qaod
1337 2034 1403 2077 se
1447 2013 1522 2079 in
1569 2012 1869 2078 omnibus
1909 2013 2189 2094 fideliter
2234 2033 2390 2096 erqa
2425 2032 2588 2095 par·

280 2114 373 2175 tes
420 2110 731 2176 Lotharii
770 2110 1043 2194 juvenis
1085 2108 1519 2194 Imperatoris
1570 2114 1859 2194 'ayerent
1949 2110 2174 2176 Erant
2229 2114 2290 2174 et
2332 2109 2446 2192 qai
2491 2109 2587 2174 di-

150 2204 156 2210 ’
277 2211 518 2286 cerent,
576 2206 672 2271 vel
714 2207 918 2290 jassa
970 2207 1068 2271 vel
1114 2206 1381 2272 consilio
1427 2206 1770 2273 Paschalis
1814 2206 2156 2286 Pontificis
2200 2228 2337 2272 rem
2379 2205 2589 2289 faisse

264 2302 791 2389 perpetratam.¹)
883 2306 980 2369 Ad
1040 2327 1173 2370 rem
1219 2306 1737 2389 investigandam
1785 2305 1961 2370 misit
2005 2304 2369 2371 Ludovicus
2416 2305 2590 2369 Ada-

278 2402 551 2485 lungum
611 2401 935 2466 Abbatem
1007 2402 1385 2467 monasterii
1456 2405 1663 2467 sancti
1731 2401 1994 2468 Vedasti
2062 2407 2128 2467 et
2199 2401 2584 2467 Hunfridem

198 2529 201 2532 ¹
281 2498 596 2565 Comitem
643 2499 1048 2575 curiensem,
1114 2519 1328 2563 coram
1391 2497 1628 2580 quibus
1688 2497 2029 2565 Paschalis
2093 2497 2435 2582 Pontifex,
2498 2501 2590 2565 ait

282 2595 725 2682 Eginhardus,
793 2599 855 2660 et
918 2616 985 2660 se
1040 2595 1119 2660 ab
1177 2595 1378 2679 hajiis
1431 2595 1597 2678 facti
1653 2596 2098 2661 communione
2154 2617 2297 2662 cnm
2352 2616 2590 2680 maqno

281 2691 724 2774 episcoporum
780 2713 1052 2758 numero
1085 2685 1534 2776 jurejurando
1573 2692 1982 2775 purificavit,
2042 2696 2103 2756 et
2148 2692 2593 2775 interfectores

270 2789 762 2872 praedictorum
821 2788 1186 2869 hominum,
1244 2788 1403 2871 quia
1462 2789 1538 2854 de
1580 2789 1848 2872 familia
1893 2789 2106 2855 sancti
2150 2789 2338 2855 Petri
2382 2793 2590 2876 erant,

283 2907 684 2970 summopere
743 2886 1117 2970 defendens,
1178 2890 1469 2952 mortuos
1525 2886 1701 2952 velut
1754 2886 2121 2970 majestatis
2176 2907 2319 2952 reos
2368 2881 2588 2952 conde-

282 2983 538 3048 mnavit
598 2984 883 3066 jureque
951 3003 1165 3049 caesos
1221 2982 1706 3066 pronuntiavit.
1799 2982 2169 3066 Imperator
2230 2983 2307 3048 de
2375 3002 2590 3048 sacra-

283 3084 497 3145 mento
544 3079 886 3161 Pontificis
942 3084 1004 3144 et
1059 3079 1472 3166 excusatione
1529 3100 1792 3145 reorum
1837 3078 2073 3144 certior
2114 3079 2363 3162 factus,
2419 3077 2593 3144 nihil

282 3176 411 3241 sibi
467 3177 648 3243 ultra
705 3176 779 3241 in
841 3175 956 3240 hoc
1008 3176 1262 3259 neyotio
1311 3175 1685 3260 faciendum
1748 3179 1967 3256 ratas,
2040 3228 2053 3241 .
2112 3228 2124 3240 .
2186 3226 2200 3239 .
2267 3176 2591 3242 Joannem

283 3272 644 3355 episcopum
713 3275 774 3336 et
834 3270 1037 3337 socios
1105 3272 1245 3355 ejus
1312 3273 1661 3348 (Paschalis
1721 3274 1995 3358 legatos)
2064 3273 2151 3338 ad
2213 3271 2593 3353 Pontificem

282 3369 435 3435 dato
481 3367 885 3435 convenienti
927 3389 1231 3451 responso
1275 3367 1544 3433 remisit.

464 3469 572 3534 39.
629 3465 868 3549 Leqati
934 3464 1227 3531 Romani
1303 3464 1670 3546 Pontificio,
1750 3467 1958 3552 pergit
2026 3465 2442 3551 Eginhardus
2520 3465 2590 3529 in
2629 3460 2852 3562 Passsffisss
2876 3520 2910 3561 ¹·

283 3564 681 3647 Annalibus,
761 3561 1048 3628 eamdem
1117 3561 1339 3627 valida
1407 3561 1798 3643 infirmitate
1863 3559 2196 3628 detentam*
2252 3582 2327 3628 ac
2394 3559 2593 3627 morti

274 3659 663 3743 proximum
719 3658 1141 3740 invenerunt,
1200 3658 1315 3741 qai
1359 3658 1557 3724 etiam
1593 3658 1833 3740 paucis
1867 3680 1990 3771 pof
2063 3658 2411 3724 adventum
2454 3657 2592 3722 illo-

285 3778 438 3822 ram
506 3755 751 3821 exactis
816 3754 1040 3821 diebus
1105 3755 1246 3821 vita
1309 3754 1573 3820 decessit
1653 3754 1783 3841 (die
1851 3760 1881 3820 1
1938 3805 1952 3821 .
2077 3757 2352 3822 ebruarii
2418 3755 2593 3834 824).

285 3854 365 3919 ln
417 3857 597 3940 cujus
654 3856 863 3919 locum
924 3876 1120 3938 quum
1180 3854 1305 3918 duo
1363 3876 1476 3938 per
1520 3854 2005 3919 contentionem
2052 3854 2271 3938 populi
2316 3853 2593 3917 fuissent

285 3952 505 4031 electi,
551 3948 896 4044 Echenius
940 3956 1160 4015 tamen
1205 3951 1719 4033 archipresbyter
1760 3950 1938 4015 tituli
1986 3957 2247 4015 sanctae
2294 3947 2591 4026 Sabinae,

433 4162 472 4229 ¹)
509 4162 706 4215 Annal.
745 4162 814 4214 ad
850 4176 898 4215 a.
936 4163 1056 4213 823.
1094 4190 1162 4197 —
1200 4159 1308 4214 Cfr.
1348 4159 1490 4227 Pagi
1529 4161 1599 4213 ad
1633 4176 1682 4213 a.
1721 4162 1839 4225 823,
1882 4178 1933 4214 n.
1972 4163 2021 4213 2.
2059 4163 2108 4213 3.
