3270 5028
612 456 715 508 174
1072 454 1190 507 XV.
1228 455 1311 508 De
1347 454 1583 522 Imperio
1622 457 1681 507 et
1717 454 1787 506 de
1824 452 2076 507 Ecclesia
2116 467 2255 507 saec.
2293 468 2453 506 nono,

611 594 783 659 versi
851 593 1199 659 christiani
1257 593 1491 677 populi
1556 594 1633 659 i‘n
1698 593 1845 676 ‘ipsa
1908 593 2276 659 Nativitate
2341 592 2618 659 Domini
2686 592 2921 657 Nostri

612 691 772 757 Jesu
855 690 1103 757 Christi
1163 691 1379 774 ipsum
1447 712 1592 779 nom
1601 711 1676 754 en
1743 690 2172 773 Imperatoris
2240 711 2382 756 cum
2447 689 2922 756 consecratione

611 787 832 853 domni
861 787 1103 852 Leonis
1137 808 1353 870 papae
1397 786 1751 872 suscepit.²)
1802 823 1884 831 —
1933 788 2148 854 Etiam
2197 810 2276 852 ex
2324 789 2608 873 epistolis
2655 787 2920 852 Alcuini

612 886 880 970 aliisque
950 886 1199 949 indiciis
1268 885 1427 949 varii
1497 892 1788 949 auctores
1860 886 2199 970 colligunt,
2273 886 2340 949 in
2414 886 2646 949 animis
2722 884 2915 948 homi·

610 1005 767 1046 num
833 982 1031 1046 fuisse
1101 1004 1242 1045 eam
1313 983 1886 1066 exspectationem,
1955 982 2093 1046 fore
2165 988 2239 1046 ut
2307 982 2572 1046 Carolus
2640 981 2917 1065 Impera-

610 1079 769 1142 toris
830 1099 1064 1142 nomen
1129 1100 1203 1142 ac
1263 1078 1645 1163 dignitatem
1710 1079 2078 1162 susciperet.
2167 1078 2307 1143 Imo
2359 1078 2782 1155 -advertuntf
2809 1079 2918 1142 Al·
2978 1082 2994 1099 ”

611 1175 872 1240 cuinum
939 1175 1215 1239 codicem
1282 1197 1496 1239 sacrae
1562 1174 1931 1257 Scripturae
2002 1175 2282 1258 perbelle
2347 1198 2544 1239 manu
2610 1177 2919 1258 scriptum

614 1276 681 1335 et
763 1273 1018 1355 egregie
1103 1276 1486 1335 exornatum
1573 1273 2073 1354 praeparavisse,
2156 1271 2512 1356 Oaroloque
2596 1272 2676 1337 ad
2761 1271 2917 1337 illud
2977 1343 2991 1354 ,

609 1368 849 1431 festum
912 1366 1166 1431 Natalis
1238 1366 1501 1432 Domini
1576 1368 1744 1431 dono
1816 1368 2063 1432 misisse
2133 1369 2253 1446 „ad
2325 1369 2724 1452 splendorem
2794 1367 2917 1432 ‘lm-

600 1461 882 1545 perialis
941 1466 1273 1547 potentiae
1335 1461 1719 1546 vestrae.“2)
1837 1463 2024 1528 Unde
2084 1465 2492 1529 inferendum
2549 1488 2682 1529 esse
2742 1466 2918 1529 vide-

281 1795 386 1847 Qua
419 1795 602 1838 ratione.

502 3211 515 3224 κ
542 3181 550 3236 l

502 3229 533 3256 (ι

488 3243 556 3318 Ἴ

612 1572 751 1637 tur,
808 1563 945 1644 jam
1009 1566 1203 1625 antea
1262 1562 1688 1626 constitutum
1750 1561 1979 1643 fuisse,
2039 1568 2115 1627 ut
2174 1561 2439 1627 Carolus
2506 1563 2575 1625 in
2633 1561 2917 1646 Impera-

612 1661 818 1748 torem
865 1664 1298 1733 coronaretur.

792 1784 852 1845 9.
917 1785 1232 1846 Attamen
1294 1803 1425 1845 non
1498 1782 1832 1859 convenit,
1904 1788 1977 1845 ut
2043 1781 2341 1846 Carolum
2407 1781 2757 1865 hypocrisis
2821 1782 2921 1845 vel

615 1878 1060 1961 Eginhardum
1121 1879 1435 1951 mendacii
1491 1899 1866 1962 arguamus,
1922 1878 2072 1942 dum
2131 1883 2454 1955 asserunt,
2515 1878 2921 1966 inopinatum

613 1974 677 2038 id
738 1974 935 2038 fuisse
974 1974 1230 2050 CaroIO,
1296 1997 1495 2058 quum
1560 1974 1662 2038 die
1724 1973 1977 2038 Natalis
2036 1975 2298 2040 Domini
2343 1975 2699 2058 Imperator
2757 1972 2921 2037 sfflu·

614 2075 793 2136 tatus
861 2076 976 2136 est.
1070 2071 1328 2135 Etenim
1377 2071 1559 2134 valde
1618 2070 1948 2154 probabile
2010 2076 2133 2148 est,
2200 2076 2412 2135 actum
2472 2070 2730 2155 quidem
2783 2073 2920 2156 jam

616 2171 813 2232 antea
869 2189 1004 2232 esse
1059 2166 1138 2230 de
1195 2167 1516 2250 dignitate
1571 2168 1888 2250 imperiali
1946 2190 1983 2230 a
2038 2166 2266 2232 Carolo
2323 2169 2749 2252 suscipienda,
2811 2168 2922 2232 sed

613 2264 950 2348 negotium
998 2264 1079 2327 ab
1126 2286 1198 2328 eo
1247 2265 1536 2328 nondum
1583 2264 1664 2328 ad
1709 2265 1904 2340 finem
1946 2265 2319 2347 perductum
2364 2265 2593 2344 fuisse,
2661 2267 2921 2350 quando

616 2359 750 2424 Leo
792 2360 915 2426 IH.
977 2362 1364 2425 auctoritate
1417 2383 1533 2425 sua
1590 2361 1923 2444 pontificia
1970 2362 2106 2425 sine
2153 2383 2332 2426 mora
2385 2363 2690 2426 ulteriore
2737 2364 2919 2425 illum

614 2458 685 2522 in
731 2456 1196 2542 Imperatorem
1252 2459 1582 2549 coronavit
1629 2462 1693 2523 et
1748 2459 2182 2543 proclamavit.
2275 2458 2468 2523 Forte
2528 2481 2670 2524 cum
2715 2458 2922 2542 Impe—

615 2556 848 2619 ratrice
892 2555 1081 2619 Irene
1129 2576 1319 2638 agere
1366 2556 1573 2619 voluit
1617 2555 1910 2634 CaroluS,
1968 2560 2041 2619 ut
2084 2556 2222 2638 ipsa
2266 2558 2715 2621 consentiente
2762 2558 2921 2620 titu-

616 2652 751 2714 lum
810 2653 991 2716 illum
1055 2656 1436 2728 assumeret3
1509 2674 1652 2716 eum
1718 2653 1893 2717 brevi
1961 2656 2104 2735 post
2165 2653 2239 2716 de
2302 2654 2713 2718 matrimonio
2777 2674 2919 2717 cum

613 2747 798 2812 Irene
865 2748 1303 2814 contrahenda
1371 2751 1688 2834 cogitasse
1756 2754 1822 2813 et
1890 2751 2123 2834 egisse,
2194 2749 2616 2833 Theophanes
2685 2751 2920 2834 aliique

606 2845 952 2927 scriptores
1003 2844 1230 2911 Graeci
1275 2848 1587 2911 referunt.

789 2967 892 3031 10.
962 2965 1131 3031 Sunt
1202 2969 1311 3051 qui
1384 2968 1790 3044 existimant,
1870 2972 2036 3034 hanc
2103 2970 2387 3053 apprime
2455 2970 2652 3034 fuisse
2720 2970 2916 3033 ratio·

610 3082 794 3144 nem,
867 3084 980 3126 cur
1055 3067 1267 3128 totum
1334 3064 1491 3128 illud
1558 3067 1894 3148 negotium
1964 3064 2191 3131 Carolo
2259 3067 2686 3151 displicuerit,
2752 3065 2919 3151 quod

609 3158 906 3223 videlicet
979 3158 1288 3239 Pontifex
1357 3164 1569 3243 partes
1640 3162 2012 3244 praecipuas
2094 3185 2169 3226 ea
2241 3163 2310 3227 in
2381 3186 2449 3228 re
2530 3162 2916 3228 dexteritate

606 3255 885 3338 quadam
930 3256 1050 3320 sibi
1097 3258 1533 3322 vindicaverit.
1627 3256 1959 3337 Carolum,
2018 3260 2129 3343 qui
2178 3262 2280 3325 vel
2334 3262 2508 3344 ipsas
2565 3284 2667 3326 res
2723 3261 2918 3326 eccle·

604 3352 896 3416 siasticas
959 3353 1232 3437 dirigere
1292 3354 1642 3434 studuerit,
1703 3355 1975 3419 voluisse
2034 3356 2227 3420 etiam
2288 3359 2679 3441 imperialem
2740 3363 2916 3442 pote-

605 3452 842 3512 statem
908 3454 973 3513 et
1033 3450 1418 3533 dignitatem
1477 3451 1733 3533 proprio
1797 3456 1975 3516 motu
2036 3453 2155 3516 sibi
2204 3454 2525 3518 vindicare
2551 3439 2655 3519 ‘et
2719 3477 2912 3519 manu

608 3565 724 3607 sua
769 3566 1068 3610 coronam
1128 3547 1249 3610 sibi
1305 3548 1651 3629 imponere.
1744 3550 2119 3632 Aegerrime
2172 3551 2381 3633 ipsum
2435 3552 2686 3628 tulisse,
2745 3552 2911 3637 quod

604 3639 741 3706 Leo
800 3640 918 3705 ΙΙΙ.
983 3642 1366 3726 dignitatem
1425 3644 1602 3707 illam
1670 3645 1789 3727 ipsi
1854 3645 2143 3710 conferre
2212 3646 2564 3725 videretur,
2631 3671 2705 3713 ac
2767 3672 2914 3732 pro·

606 3742 827 3819 pterea
896 3741 1108 3802 totum
1174 3741 1504 3823 negotium
1575 3763 1720 3804 eum
1788 3745 2156 3806 aversatum
2225 3741 2442 3828 esse.³)
2555 3743 2679 3809 Sed
2748 3746 2915 3810 hanc

788 3944 829 4013 1)
866 3947 1056 4013 Pera,
1105 3949 1177 4002 M.
1219 3948 1280 4003 G.
1319 3948 1363 4002 Ι.
1401 3952 1485 4003 38.
1525 3979 1594 3987 -
1630 3950 1771 4004 Fere
1811 3952 1997 4005 eadem
2036 3952 2304 4008 habentur
2347 3954 2404 4008 in
2442 3953 2708 4009 Chronico
2746 3954 2913 4009 Mois·

612 4023 864 4092 siacensi,
901 4026 974 4079 M.
1013 4027 1078 4081 G.
1116 4028 1159 4081 Ι.
1199 4030 1319 4081 305.

788 4101 830 4171 ²)
868 4105 1044 4173 Epist.
1086 4106 1306 4160 Alcuini
1340 4110 1470 4174 2053
1509 4125 1594 4175 ap.
1631 4107 1777 4162 Jaffe
1814 4109 1953 4163 Bibl.
1992 4125 2095 4164 rer.
2134 4110 2312 4164 Germ.
2342 4111 2527 4181 V1.·p.
2566 4115 2685 4167 697.

789 4181 831 4250 ⁸)
869 4184 935 4237 V.
972 4185 1215 4240 Martens
1252 4186 1289 4239 1.
1331 4203 1374 4239 0.
1412 4202 1463 4253 p.
1502 4190 1606 4240 21⁶2
1649 4204 1763 4255 sqq.
