3270 5028
694 498 798 551 390
1358 493 1537 546 XVII.
1574 494 1658 546 Dc
1698 491 1991 545 schismate
2028 490 2314 544 PhotianO.

694 636 973 701 latinum
1003 637 1112 719 qui
1161 638 1393 717 exstat,
1440 635 1812 718 nullamque
1845 632 2266 698 mutationem
2300 630 2704 696 essentialem
2744 629 3046 712 factam,

696 733 1019 817 colligitur
1064 732 1234 811 inde,
1282 731 1451 816 quod
1494 730 1878 796 Anastasius
1926 729 2224 808 advertit,
2271 730 2341 793 in
2384 719 2572 792 textu
2613 747 2852 811 graeco
2901 724 3045 788 ha-

695 832 831 894 beri
863 823 1250 893 variationes
1282 828 1591 912 quasdam
1639 828 1933 892 minimas
1979 828 2057 892 ob
2089 826 2372 892 indolem
2415 825 2677 909 linguae
2722 843 3041 907 graecae.

698 924 830 1000 Hic
869 924 944 990 in
1006 923 1212 989 codice
1257 923 1627 990 authentico
1675 943 1936 1006 yraeco,
1999 923 2247 1007 scribit,
2300 924 2451 1003 post
2507 918 2789 984 latinum
2840 916 3041 982 libel-

698 1022 832 1087 lam
873 1020 1128 1104 positas
1172 1026 1266 1085 est
1295 1019 1464 1085 idem
1506 1019 1645 1103 ipse
1691 1018 1942 1085 libellus
1982 1038 2210 1101 qraece
2247 1014 2732 1099 interpretatae,
2781 1035 3035 1097 quam-

698 1119 796 1185 vis
856 1140 984 1202 pro
1048 1116 1431 1203 iqnorantia
1490 1116 1852 1183 latinarum
1924 1115 2297 1180 litterarum
2351 1113 2501 1196 jam
2561 1133 2736 1177 nune
2805 1110 3037 1176 latine

698 1216 869 1282 hunc
912 1215 1189 1281 scribere
1240 1212 1475 1280 Graeci
1510 1212 1849 1297 paulatim
1895 1211 2219 1278 omittant.
2311 1209 2440 1274 Sed
2488 1208 2852 1274 notandam
2901 1212 3032 1285 est,

697 1313 854 1395 quia
900 1312 960 1377 si
1004 1311 1204 1395 hujus
1250 1310 1447 1376 libelli
1479 1309 1706 1391 aliqua
1751 1309 1826 1374 in
1866 1328 2106 1392 yraeca
2137 1304 2673 1389 interpretatione
2700 1303 3036 1370 videntur

697 1408 923 1475 haberi
968 1409 1162 1474 aliter
1207 1428 1403 1490 quam
1448 1407 1522 1472 in
1566 1406 1778 1472 latina
1826 1404 2127 1485 editione,
2187 1424 2320 1471 non
2379 1402 2707 1467 voluntate
2747 1402 2862 1466 sed
2900 1422 3030 1467 ne-

698 1505 989 1571 cessitate
1039 1506 1289 1587 fastam
1341 1509 1449 1569 est.
1540 1504 1879 1586 Interpres
1940 1502 2110 1567 enim
2170 1500 2243 1566 in
2310 1498 2691 1581 quibasdam
2749 1498 3031 1580 quidem

685 1601 1123 1685 proprietates
1178 1621 1448 1683 yraecae
1503 1599 1807 1665 dictionis
1863 1599 2083 1664 minas
2138 1616 2551 1677 consequens,
2615 1595 2688 1661 in
2745 1595 3029 1678 quibas·

696 1700 845 1765 dam
905 1720 1053 1763 vero
1115 1697 1469 1763 latinitatis
1536 1696 1791 1779 eloquia
1852 1695 2094 1778 liquide
2154 1692 2445 1760 nesciens
2455 1742 2472 1773 ,
2539 1714 2787 1776 param
2853 1693 3034 1775 quid

694 1816 775 1861 ex
818 1795 1032 1861 eodem
1079 1794 1284 1861 libello
1329 1799 1612 1859 mutasse
1657 1792 2134 1877 dignoscitur&
2226 1790 2457 1875 Neque
2506 1792 2706 1876 legati
2750 1790 2818 1854 id
2865 1814 3028 1874 per-

698 1893 1056 1973 misissent,
1111 1903 1186 1957 ut
1232 1915 1307 1957 ea
1361 1893 1430 1955 in
1485 1897 1673 1957 textu
1729 1910 1958 1977 graeco
2019 1891 2506 1965 omitterentur,
2557 1910 2720 1971 quae
2764 1890 3028 1972 praeci-

695 2011 821 2074 pue
871 1991 1216 2073 primatum
1259 1987 1538 2052 Romani
1582 1988 1921 2053 Pontificis
1966 1987 2442 2071 exprimebant,
2499 2006 2617 2048 nec
2663 1988 2798 2049 tam
2843 1985 3027 2050 diffi-

698 2087 847 2151 ciles
875 2108 941 2157 se
989 2087 1433 2170 praebuissent
1479 2086 1806 2168 praesules
1836 2086 2049 2168 graeci
2086 2084 2161 2149 ad
2195 2083 2483 2148 libellum
2514 2082 2709 2146 istum
2741 2082 3025 2165 signan-

700 2184 870 2265 dum,
913 2183 1041 2247 nisi
1080 2181 1413 2247 Romanae
1462 2182 1765 2245 ecclesiae
1811 2182 2158 2247 auctoritas
2201 2199 2436 2263 magno
2481 2178 2701 2262 vigore
2740 2178 2832 2242 ibi
2881 2179 3025 2244 vin·

696 2280 908 2343 dicata
951 2278 1203 2343 fuisset.
1295 2278 1510 2362 Aegre
1555 2276 1848 2341 videlicet
1907 2280 2166 2341 tantum
2223 2275 2435 2359 plures
2493 2277 2820 2360 episcopos
2865 2275 3021 2340 sub-

698 2375 1046 2458 scripsisse,
1094 2397 1171 2438 ex
1219 2374 1487 2438 historia
1536 2372 1784 2457 Synodi
1829 2374 2173 2457 colligitur,
2221 2378 2414 2457 atque
2459 2376 2615 2438 haec
2660 2371 3018 2436 difficultas

695 2494 828 2536 una
872 2493 949 2536 ex
996 2471 1200 2536 causis
1247 2471 1392 2550 fuit,
1439 2492 1550 2535 cur
1583 2469 1938 2535 Concilium
1988 2471 2369 2554 praesertim
2415 2472 2603 2538 initio
2649 2489 2781 2533 non
2826 2468 3020 2534 valde

698 2590 1108 2634 numerosum
1156 2573 1343 2634 esset.
1436 2566 1668 2632 Altera
1719 2568 1886 2632 ratio
1945 2569 2101 2644 fuit,
2161 2569 2331 2651 quod
2388 2573 2663 2634 tantum
2696 2566 3015 2649 paulatim

700 2687 776 2730 ex
823 2664 1074 2729 sedibus
1120 2665 1492 2749 longinquis
1541 2665 1698 2729 varii
1745 2663 2143 2742 advenerint,
2199 2666 2309 2748 qui
2355 2671 2690 2750 postquam
2735 2661 3016 2728 subscri-

700 2765 966 2844 pserant
1028 2762 1559 2826 admittebantur.
1669 2760 1889 2825 Tertia
1957 2783 2108 2826 vero
2171 2769 2365 2846 atque
2428 2762 2588 2826 haec
2647 2761 3016 2843 praecipua,

701 2858 869 2942 quod
926 2857 1199 2921 Photius
1268 2857 1575 2922 decennio
1640 2857 2001 2939 tyrannidis
2064 2879 2215 2922 suae
2281 2880 2315 2921 e
2375 2858 2631 2923 sedibus
2686 2856 3017 2941 praesules

699 2955 919 3019 fideles
965 2954 1430 3029 deturbaverit,
1490 2957 1554 3017 et
1600 2954 1736 3018 fere
1792 2955 2031 3037 ubique
2091 2955 2431 3038 discipulos
2481 2960 2546 3018 et
2585 2954 2820 3018 amicos
2863 2974 3016 3017 suos

698 3051 1110 3116 constituerit
1156 3051 1497 3134 episcopos.
1591 3050 1895 3114 Photiani
1943 3054 2161 3114 autem
2216 3051 2310 3114 illi
2367 3051 2446 3114 ad
2496 3049 2822 3134 Synodum
2873 3070 3015 3112 non

701 3147 1228 3213 admittebantur.

372 3258 696 3331 Ιιιρῳζυηιῦοιν
876 3244 978 3307 84.
1029 3242 1383 3308 Concilium
1430 3244 1758 3325 inceptum
1805 3247 1901 3306 est
1948 3242 2049 3307 die
2092 3242 2164 3307 5⁰
2211 3242 2504 3309 Octobris
2550 3244 2707 3308 anni
2753 3243 2881 3306 869
2930 3243 3014 3306 ad

390 3268 885 3427 ⁰¹1¹{ffffiffliaedes
932 3338 993 3404 S
1041 3337 1346 3422 Sophiae,
1405 3337 1700 3404 videlicet
1750 3338 1821 3402 in
1881 3339 2377 3405 catechumeniis
2437 3340 2630 3425 hujus
2686 3339 3013 3402 ecclesiae.

700 3437 906 3500 Erant
950 3441 1164 3500 autem
1209 3435 1319 3498 illa
1366 3435 1855 3499 catechumenia
1908 3441 2130 3519 portus
2177 3436 2477 3500 ecclesiae
2526 3434 2879 3518 superiores
2930 3434 3011 3497 ad
3092 3433 3099 3437 “

701 3533 1025 3596 dexteram
1082 3533 1329 3614 partem
1379 3532 1537 3609 sita,
1595 3531 1665 3594 in
1726 3530 1960 3614 quibus
2007 3532 2448 3597 catechumeni
2495 3530 3007 3596 instruebantur.

700 3629 1164 3693 Praesidebant
1206 3628 1407 3711 legati
1453 3626 1733 3692 Romani
1778 3627 2138 3706 PontificiS,
2190 3635 2338 3712 post
2385 3629 2528 3693 illos
2569 3626 3010 3711 sequebantur

698 3722 995 3810 Ignatius
1041 3723 1370 3802 CPtanuS‚
1428 3729 1493 3788 et
1538 3724 1735 3808 legati
1783 3724 2026 3788 sedium
2083 3725 2603 3808 patriarchalium
2651 3723 3007 3789 Antioche·

700 3844 823 3887 nae
871 3828 937 3885 et
968 3821 1615 3903 Hierosolymitanae.
1692 3820 1884 3886 Sedes
1921 3821 2325 3888 Antiochena
2369 3822 2661 3899 vacabat,
2706 3819 2815 3886 sed
2865 3844 3005 3888 eam

699 3918 1224 4002 repraesentabat
1256 3916 1531 3982 Thomas
1579 3919 1986 4000 metropolita
2025 3918 2199 4002 Tyri.
2268 3919 2442 3985 Elias
2489 3920 2821 4003 presbyter
2868 3925 3006 3985 erat

883 4142 924 4208 ¹)
962 4142 1117 4196 Cone.
1159 4106 1342 4203 Consti}
1379 4144 1473 4196 IV.
1513 4144 1635 4195 Act.
1675 4143 1717 4196 I.
1756 4142 2039 4195 Anastasii
2075 4148 2208 4196 nota
2246 4143 2312 4195 ad
2350 4143 2593 4197 libellum
2631 4143 2784 4210 fidei3
2824 4144 3003 4199 Labbe

703 4222 857 4275 VIII.
899 4225 1017 4275 991.
1093 4222 1201 4275 Cfr.
1239 4222 1670 4291 Hergenrother,
1707 4221 1939 4275 Photius
1978 4221 2050 4275 II.
2087 4238 2140 4289 p.
2180 4223 2246 4274 78
2282 4227 2414 4275 nota
2454 4225 2533 4275 16.
