3270 5028
660 461 764 511 378
1334 458 1512 513 XVII.
1551 458 1632 511 De
1674 457 1966 511 schismate
2005 457 2292 512 Photian0.

664 599 926 665 CPtano
973 604 1320 683 repertum,
1370 600 1623 663 obtulit.
1695 598 1789 662 Ea
1822 600 2152 663 occasione
2198 622 2397 684 quum
2434 600 2690 663 fraudes
2738 599 3005 681 impiae

590 780 595 785 .
659 697 878 778 Photii
946 696 1463 770 adverterentur,
1496 696 1782 777 ·legatus
1840 696 2033 759 dixit:
2099 694 2300 760 Credo
2359 695 2432 759 in
2493 694 2608 759 hoc
2667 694 3009 777 opusculo

660 791 955 858 diabolus
1002 790 1282 870 habitat,
1349 791 1507 871 quia
1554 812 1682 873 per
1745 812 1813 855 os
1867 791 2190 874 complicis
2247 792 2355 856 sui
2401 790 2625 856 Photii
2677 812 2755 856 ea
2810 800 3069 873 quae·

654 910 775 971 per
818 909 883 953 se
927 888 1136 953 dicere
1181 887 1424 969 nequit,
1473 892 1741 952 eructat.
1815 888 1989 953 Nam
2035 893 2096 953 et
2140 887 2674 981 subscriptionem
2720 887 2993 953 Basilii

660 985 870 1050 nostri
900 985 1331 1066 Imperatoris
1365 988 1519 1067 post
1554 984 2086 1065 subscriptionem
2121 984 2480 1064 Michaelis,
2528 1006 2713 1066 quem
2763 985 2987 1050 ebrio-

658 1082 989 1147 sissimum
1034 1080 1431 1146 subscribere
1473 1086 1670 1147 noctu
1715 1081 1953 1161 suasit,
2005 1081 2359 1164 falsissime
2403 1081 2713 1160 continet,
2774 1102 2988 1164 quam

660 1180 800 1262 ejus
825 1200 958 1244 non
989 1199 1121 1243 esse
1163 1177 1491 1243 restitutio
1524 1178 1783 1261 Iynatii
1825 1178 2199 1257 declaravit,
2240 1184 2301 1243 et
2329 1179 2691 1262 satisfactio
2720 1184 2993 1257 nostra,

659 1275 718 1341 si
762 1275 939 1341 vobis
978 1275 1345 1358 placuerit.
1385 1275 1831 1357 jurejurando
1884 1275 2192 1355 firmavit.
2282 1276 2504 1358 Neque
2549 1276 2721 1342 enim
2766 1276 2998 1341 unius

659 1393 908 1455 semper
952 1372 1250 1437 catholici
1296 1372 1545 1436 Basilii
1599 1393 1832 1450 nomen
1887 1394 2018 1437 non
2064 1373 2287 1454 potuit
2339 1373 2510 1455 falso
2556 1373 2695 1438 suis
2737 1373 2989 1456 ferali-

661 1471 779 1537 bus
824 1470 1195 1535 commentis
1238 1468 1550 1549 inserere,
1613 1470 1728 1552 qui
1773 1474 2022 1535 mutato
2071 1468 2437 1535 charactere
2478 1470 2697 1552 potuit
2741 1470 2991 1534 multo-

659 1590 809 1634 rum
856 1567 1298 1654 episcoporum
1334 1566 1606 1632 nomina
1652 1587 1796 1631 cum
1835 1566 2071 1649 paucis
2103 1566 2515 1649 complicibus
2545 1566 2684 1632 suis
2729 1566 2989 1630 descri-

662 1666 819 1731 bere.
898 1663 1187 1744 Quorum
1221 1662 1511 1727 videlicet
1556 1662 1996 1746 episcoporum
2030 1663 2428 1728 universitas
2474 1668 2605 1728 tam
2654 1662 2994 1728 immunis

660 1767 753 1827 est
798 1761 997 1843 hujus
1022 1759 1537 1841 subscriptionis,
1586 1781 1783 1841 quam
1829 1760 2073 1825 tenoris
2108 1760 2364 1843 iynara.
2444 1759 2777 1842 Siquidem
2824 1760 2987 1825 nul-

662 1860 763 1923 lus
813 1857 1247 1935 CPtanorum,
1297 1857 1555 1938 quando
1598 1856 1766 1921 illud
1819 1856 2317 1921 conciliabulum
2365 1857 2690 1921 collectum
2735 1855 2991 1939 fuisset

659 1954 847 2037 (quia
904 1975 1130 2019 revera
1187 1975 1301 2019 nec
1358 1954 1525 2036 fuit)
1590 1955 1884 2037 aynovit,
1955 1954 2063 2018 sed
2121 1954 2279 2035 quia
2347 1952 2988 2035 Constantinopolim

661 2049 1245 2133 comprovinciales,
1294 2050 1496 2115 veluti
1528 2050 1775 2133 reyiam
1823 2050 2166 2129 civitatem,
2208 2072 2336 2132 pro
2377 2050 2651 2115 diversis
2695 2050 2992 2131 neyotiis

659 2149 877 2213 instar
921 2147 1117 2213 istius
1172 2146 1358 2211 urbis
1418 2147 1803 2226 ascendunt,
1850 2147 2420 2230 pervicacissimus
2465 2146 2743 2212 Photius
2800 2167 2985 2211 men-

659 2245 919 2310 dacium
984 2265 1178 2309 suum
1244 2243 1543 2308 veritatis
1610 2243 2101 2321 medicamento,
2173 2244 2342 2309 sicut
2404 2244 2463 2308 ei
2533 2264 2574 2309 a
2632 2243 2987 2325 primaevo

656 2341 883 2423 fuerat
924 2340 1334 2419 institutum,
1394 2340 1629 2405 linivit.
1723 2341 1904 2406 Dum
1958 2341 2032 2406 in
2082 2342 2288 2407 locum
2345 2340 2773 2423 quorumdam
2819 2359 2979 2404 san-

662 2436 1100 2503 ctissimorum
1132 2437 1573 2519 episcoporum
1615 2437 1789 2517 cives¹
1827 2438 2082 2520 quidem
2115 2438 2486 2521 aliquorum
2534 2436 2814 2516 illorum,
2863 2435 2981 2500 secl

661 2535 1064 2618 transfuyas,
1112 2539 1188 2600 ut
1226 2535 1411 2617 fama
1457 2535 1796 2619 vulqatum
1828 2541 1938 2615 est,
1987 2535 2367 2602 muneribus
2395 2535 2772 2613 obcaecatos,
2818 2533 2981 2597 sub-

661 2632 937 2697 scribere
977 2631 1150 2715 fecit.
1241 2631 1405 2696 Inde
1450 2637 1560 2712 est,
1617 2633 1786 2714 quod
1830 2633 2380 2715 subscriptionum
2427 2631 2622 2696 istius
2666 2631 2978 2695 videntur

568 2756 579 2767 .
662 2728 905 2793 diversi
951 2728 1370 2808 charactereS,
1420 2734 1480 2793 et
1526 2729 1792 2810 quidam
1827 2751 2048 2794 eorum
2095 2727 2379 2795 acutiori
2414 2749 2656 2811 penna,
2702 2727 2974 2810 quidam

341 3320 413 3360 Ad
439 3321 631 3364 Ludovi-

342 3396 438 3424 eum
466 3385 530 3425 ΙΙ.
558 3397 623 3426 re-

419 3445 564 3486 currit.

655 2846 912 2909 qrossa,
971 2825 1274 2891 nonnulli
1332 2847 1479 2889 vero
1533 2825 1926 2908 decrepitum
1983 2826 2366 2891 simulantes
2415 2824 2736 2908 grossiori
2781 2844 2974 2888 mem-

662 2922 936 2988 branam
981 2921 1432 3004 inquinantes,
1491 2921 1895 3001 describunt,
1942 2926 2018 2986 ut
2062 2921 2353 2986 videlicet
2394 2921 2634 3003 fraude
2663 2940 2975 3002 praesen·-

662 3020 848 3099 tium,
894 3018 1304 3103 simplicitati
1335 3018 1700 3083 absentium
1732 3018 2076 3098 illudatur,
2122 3023 2183 3083 et
2225 3018 2394 3084 illud
2441 3018 2658 3082 credat
2699 3016 2976 3101 facilius

661 3116 1060 3182 universitas
1104 3115 1542 3195 verissimum,
1602 3115 1771 3196 quod
1815 3115 2240 3180 dissimilibus
2295 3106 2532 3179 litteris
2574 3113 2800 3196 fecerit
2840 3113 2976 3195 fal-

662 3214 827 3278 sitas
871 3233 1001 3277 esse
1043 3213 1389 3277 diversum.
1399 3212 1447 3292 1)

845 3311 946 3374 72.
1005 3310 1353 3393 Postquam
1403 3310 1673 3375 Photius
1728 3313 1994 3394 ejusque
2051 3311 2325 3374 asseclae
2380 3311 2449 3373 in
2508 3310 2619 3373 illo
2674 3296 2975 3372 concilia-

661 3409 814 3472 bulo
870 3406 1299 3470 damnationis
1358 3411 1422 3471 et
1477 3406 1894 3490 depositionis
1955 3407 2349 3470 sententiam
2405 3407 2598 3489 impie
2658 3406 2723 3469 in
2780 3403 2975 3468 Nico·

659 3506 833 3568 laum
880 3503 1261 3567 Pontificem
1307 3504 1621 3581 tulerunt,
1673 3503 1878 3567 audax
1925 3504 2034 3567 ine
2081 3498 2723 3586 pseudo-patriarcha,
2769 3523 2971 3585 quum

660 3600 916 3665 dissidia
959 3600 1153 3662 fuisse
1203 3600 1396 3664 sciret
1440 3601 1612 3664 inter
1661 3601 2057 3665 Ludovicum
2104 3600 2186 3665 Π.
2239 3600 2696 3684 Imperatorem
2743 3610 2809 3662 et
2855 3596 2973 3660 Ni·

660 3698 929 3773 colaum,
978 3697 1258 3779 speravit
1305 3720 1379 3761 eo
1427 3719 1493 3762 se
1526 3698 1971 3773 deventurum,
2020 3707 2095 3761 ut
2143 3698 2222 3762 ad
2267 3697 2658 3761 sententiam
2706 3696 2787 3759 ab
2832 3697 2976 3778 ipso

657 3794 857 3856 latam
923 3793 1358 3875 exequendam
1416 3794 1755 3858 adduceret
1814 3793 2299 3876 Imperatorem.
2399 3792 2579 3856 Misit
2633 3791 2833 3876 igitur
2891 3791 2971 3852 ad

661 3889 1054 3954 Ludovicum
1102 3894 1167 3953 et
1213 3889 1695 3974 Engelbergam
1741 3890 2246 3973 imperatricem,
2291 3890 2625 3953 mulierem
2667 3888 2972 3971 pecunia-

841 4115 881 4180 ¹)
929 4114 1053 4169 Vita
1089 4114 1377 4168 Hadriani
1405 4114 1491 4169 H.
1532 4114 1590 4167 in
1615 4114 1776 4167 Libro
1811 4114 2104 4181 pontificali
2147 4131 2190 4167 c.
2218 4114 2476 4167 XXVIII.
2507 4130 2619 4182 sqq.
2659 4143 2727 4150 —
2764 4113 2980 4166 Auctor

668 4193 822 4247 Vitae
861 4193 1149 4248 Hadriani
1186 4196 1417 4249 habetur
1456 4193 1777 4260 Gulielmus,
1816 4192 2034 4260 quidam
2070 4194 2135 4247 R.
2172 4193 2235 4246 E.
2274 4191 2749 4246 BibliothecariuS.
