3270 5028
360 853 571 897 Actiones

381 927 539 961 vanae.

641 465 748 515 426
1281 425 1284 426 ⁷
1317 462 1495 515 XVII.
1537 462 1619 515 De
1660 460 1954 515 schismate
1990 462 2278 520 Photiano.

642 608 957 687 tanquam
1004 602 1466 667 Saracenorum
1527 603 1703 667 missi
1751 603 2029 667 traducti
2076 607 2255 677 sunt3
2317 604 2579 668 summis
2627 624 2796 668 vero
2852 602 3009 663 lau·

643 700 827 781 dibus
876 700 1098 777 evecti,
1149 700 1259 783 qui
1308 700 1493 764 modo
1539 699 1760 764 Photii
1806 706 2022 782 partes
2071 702 2403 764 tenebant.

823 848 969 913 121.
1053 847 1323 912 Actione
1387 847 1585 913 tertia
1654 852 1715 911 et
1783 852 2023 929 quarta
2092 849 2396 913 recitatae
2464 854 2619 913 sunt
2699 849 3018 913 litterae

641 944 912 1010 Joannis
959 946 1171 1027 Papae
1226 946 1304 1009 ad
1361 947 1690 1011 ecclesiam
1741 946 2068 1010 CPtanam
2131 952 2197 1010 et
2252 947 2576 1029 episcopos
2630 946 2759 1028 ipsi
2822 945 3013 1008 sub-

630 1043 869 1125 jecto-s,
938 1067 975 1107 a
1042 1042 1281 1108 Photio
1349 1044 1591 1126 pariter
1668 1049 2026 1125 corruptae,
2101 1042 2198 1105 uti
2271 1046 2337 1106 et
2399 1042 3015 1107 commonitorium

638 1140 869 1223 legatis
948 1162 986 1203 a
1056 1138 1219 1203 Sede
1288 1140 1663 1223 Apostolica
1722 1139 1960 1203 datum.
2077 1137 2377 1222 Capitula
2444 1139 2589 1204 dein
2666 1140 3012 1223 quinque

637 1237 819 1319 quasi
878 1260 915 1301 a
971 1237 1206 1319 legatis
1266 1236 1593 1319 proposita
1658 1238 1939 1320 perlecta
1995 1240 2177 1311 sunt3
2239 1237 2513 1319 primum
2568 1237 2645 1299 de
2698 1237 3011 1320 provin-

639 1332 735 1396 cia
775 1332 1149 1418 Bulgariae3
1208 1331 1554 1396 secundum
1616 1333 1694 1396 de
1742 1333 1900 1395 laico
1949 1332 2243 1416 deinceps
2289 1333 2359 1396 in
2407 1333 2773 1417 episcopum
2827 1354 3005 1396 non

640 1423 997 1511 evehend03
1065 1430 1328 1493 tertium
1376 1428 1454 1491 de
1510 1429 1893 1493 assumendo
1950 1428 2314 1511 patriarcha
2369 1451 2443 1494 ex
2502 1430 2699 1513 ipsius
2753 1429 3000 1493 eccle-

639 1528 771 1592 siae
834 1528 1029 1600 clero;
1101 1530 1401 1608 quartum
1463 1525 1537 1588 de
1602 1525 1987 1608 abrogandis
2046 1526 2306 1607 synodis
2362 1529 2586 1590 contra
2642 1525 2997 1589 Photium

639 1622 1003 1697 celebratis;
1063 1622 1358 1705 quintum
1422 1620 1497 1684 de
1543 1621 1621 1685 iis
1678 1622 1790 1705 qui
1833 1643 1977 1685 cum
2012 1622 2256 1686 ⁴Photio
2308 1623 2775 1686 communicare
2823 1644 2994 1685 non

639 1721 883 1785 vellent
944 1718 1599 1782 excommunicatione
1664 1718 2042 1800 plectendis.
2133 1717 2502 1783 Posteriora
2559 1718 2680 1782 duo
2743 1719 2998 1801 capita

643 1816 949 1882 Photium
1012 1814 1371 1898 spectantia
1433 1836 1684 1878 summo
1754 1816 2062 1898 applausu
2134 1819 2390 1898 recepta
2458 1825 2629 1880 sunt.
2741 1816 2989 1890 Quum

635 1935 788 1977 vero
854 1911 1141 1976 Joannes
1195 1909 1378 1975 VIII.
1458 1915 1718 1976 tantum
1787 1912 2296 1995 dispensationes
2363 1911 2669 1995 quasdam
2742 1912 2983 1995 quoad

636 2009 977 2085 Photium,
1045 2009 1221 2071 salva
1290 2010 1679 2072 auctoritate
1752 2013 1818 2071 et
1882 2009 2292 2091 legitimitate
2354 2006 2598 2092 Synodi
2659 2029 2980 2072 oecume-

637 2107 820 2171 nicae
886 2111 1147 2168 octavae
1210 2103 1518 2180 dedisset,
1591 2106 1662 2168 in
1727 2106 1979 2189 scriptis
2039 2107 2282 2188 graecis
2351 2107 2478 2170 ista
2544 2107 2636 2169 ita
2698 2109 2975 2169 mutata

637 2207 820 2280 sunt,
878 2206 950 2264 ut
1006 2205 1471 2283 proponeretur
1530 2202 1894 2265 omnimoda
1942 2202 2274 2286 abrogatio
2332 2203 2504 2266 illius
2551 2200 2818 2284 Synodi.
2869 2238 2971 2246 —

546 2376 548 2378 ¹
639 2300 737 2363 De
783 2298 1057 2362 secundo
1106 2304 1173 2361 et
1230 2298 1426 2361 tertio
1474 2298 1685 2380 capite
1729 2299 1980 2381 aliquae
2033 2299 2501 2362 controversiae
2549 2300 2720 2362 inter
2776 2321 2967 2381 prae·

638 2397 806 2460 sules
868 2394 1128 2457 habitae
1188 2398 1369 2473 sunt,
1439 2416 1558 2458 nec
1622 2395 1968 2458 voluerunt
2035 2396 2155 2477 ipsi
2219 2396 2607 2468 consentire,
2675 2401 2750 2458 ut
2807 2395 2961 2458 laici

630 2496 767 2577 jam
833 2512 963 2555 non
1023 2494 1555 2574 promoverentur
1619 2491 1701 2555 ad
1767 2492 2216 2576 episcopatum.
2277 2529 2364 2537 —
2430 2491 2649 2568 Quoad
2712 2490 2957 2576 Bulga-

638 2591 798 2653 riam
868 2611 1017 2651 vero
1083 2587 1356 2652 Photius
1422 2591 1687 2673 ejusque
1754 2594 2135 2666 sectatoreS,
2205 2612 2272 2654 se
2337 2589 2494 2653 nihil
2560 2589 2680 2653 hac
2744 2589 2812 2652 in
2884 2611 2956 2652 re

638 2686 1066 2750 determinare
1122 2707 1335 2767 posse,
1392 2685 1893 2768 responderunt,
1959 2686 2069 2749 sed
2129 2708 2266 2750 eam
2326 2684 2705 2770 Imperatori
2759 2686 2955 2749 relin-

639 2783 988 2867 quendam,
1053 2804 1124 2845 ac
1192 2782 1604 2865 sperandum,
1671 2783 1806 2846 fore
1882 2786 1955 2846 ut
2018 2784 2152 2867 ejus
2219 2783 2666 2848 benevolentia
2737 2784 2956 2846 omnia

637 2880 804 2944 bene
861 2879 1375 2961 disponerentur.
1469 2878 1817 2962 Procopius
1873 2884 2087 2942 autem
2137 2879 2584 2944 Caesareensis
2630 2884 2695 2942 et
2741 2879 2951 2943 Theo-

639 2975 851 3060 philus
915 2974 1271 3039 Iconiensis
1336 2976 1781 3059 metropolitae
1847 2977 2302 3051 observarunt,
2368 2998 2434 3040 se
2495 2998 2749 3059 sperare
2815 2976 2954 3039 fore

637 3072 1069 3136 misericordia
1115 3072 1363 3150 divina,
1411 3074 1649 3155 pietate
1694 3071 2197 3156 Imperatorum,
2245 3077 2308 3137 et
2353 3073 2751 3137 orationibus
2799 3094 2949 3136 san-

637 3169 906 3233 ctissimi
953 3168 1213 3232 Domini
1277 3169 1495 3233 Photii
1554 3169 1617 3231 id
1681 3169 2081 3245 obtineatur,
2144 3174 2216 3234 ut
2270 3168 2552 3233 Basilius
2613 3191 2815 3252 usque
2872 3167 2954 3230 ad

639 3267 799 3330 fines
847 3266 1145 3348 antiquos
1194 3265 1499 3330 extendat
1546 3265 1891 3348 Imperium
1949 3271 2216 3349 totoque
2275 3267 2567 3349 potiatur
2625 3265 2777 3329 orbe
2821 3268 2947 3329 ter·

638 3383 872 3425 rarum.
986 3360 1280 3426 Eventus
1344 3363 1560 3426 felices
1621 3362 1758 3444 ipso
1823 3362 2181 3445 imperante
2244 3364 2309 3427 id
2364 3365 2502 3447 jam
2565 3361 2952 3446 praesagire.

638 3457 821 3521 Tunc
866 3479 1014 3522 vero
1059 3457 1516 3541 Imperatorem
1562 3480 1681 3540 pro
1726 3458 2127 3541 beneplacito
2173 3481 2288 3523 suo
2337 3460 2705 3524 dioeceseon
2753 3458 2949 3522 eccle-

637 3554 1035 3618 siasticarum
1103 3557 1412 3618 terminos
1478 3555 2081 3631 determinaturum,
2152 3560 2217 3619 et
2284 3557 2576 3640 episcopo
2636 3555 2949 3630 Romano,

638 3674 751 3735 pro
798 3674 873 3714 ea
920 3675 1047 3736 qua
1091 3652 1317 3717 floreat
1364 3654 1432 3716 in
1464 3654 1672 3735 ipsum
1719 3651 1959 3735 pietate
2006 3674 2077 3716 ac
2108 3654 2491 3730 reverentia,
2541 3653 2731 3771 etiam
2780 3653 2952 3715 ultra

636 3749 958 3831 postulata
1005 3771 1446 3814 concessurum
1498 3769 1650 3812 esse.

819 3891 959 3952 122.
1016 3886 1097 3953 In
1146 3886 1418 3952 Actione
1473 3885 1706 3970 quinta
1762 3887 1863 3951 die
1918 3886 2031 3950 26⁰
2077 3886 2372 3951 Januarii
2430 3889 2591 3951 anni·
2648 3885 2776 3950 880
2831 3885 2958 3949 ha-'

636 3986 792 4062 bita,
840 3990 1103 4070 petente
1148 3984 1415 4063 Photi0,
1474 3984 1830 4050 Concilium
1879 3985 2357 4048 oecumenicum
2414 3984 2752 4067 septimum
2802 3983 2948 4061 (sub

637 4083 900 4147 Tarasio
965 4087 1193 4165 patruo
1256 4082 1474 4146 Photii
1535 4081 1852 4162 habitum)
1906 4081 2352 4146 confirmatum
2418 4084 2549 4155 est,
2622 4084 2686 4144 et
2743 4083 2948 4144 statu-

636 4185 809 4256 tum,
879 4183 955 4243 ut
1020 4179 1100 4242 ab
1171 4178 1466 4242 omnibus
1528 4178 1874 4242 haberetur
1938 4181 2013 4241 ut
2075 4179 2576 4255 oecumenicum,
2640 4198 2713 4242 eo
2778 4176 2947 4260 quod

3139 609 3155 682 ‘x
