3270 5028
666 423 775 473 348
1344 420 1521 475 XVII.
1558 422 1643 474 De
1682 397 1976 474 schismate
2013 418 2304 473 Photian0.

666 582 820 626 vero
890 561 1257 627 muneribus
1325 561 1640 643 tentati,¹)
1703 562 1922 625 'animo
1982 565 2236 626 mutato
2297 561 2724 626 ministerium
2803 581 3022 624 suum

667 658 855 722 foeda
899 657 1261 741 proditione
1317 658 1831 724 dehonestarunt
1891 663 1957 723 et
2005 658 2239 741 Photio
2292 658 2716 742 patrocinium
2796 676 3024 721 omne

668 754 934 837 polliciti
982 760 1157 820 sunt.

334 873 647 977 Plffssufffiffi·
846 877 947 942 36.
1008 875 1275 941 Photius
1328 877 1530 961 igitur
1583 878 1666 941 ab
1712 877 2108 959 Imperatore
2155 876 2719 961 Constantinopoli
2769 874 3022 940 conci-

667 973 856 1060 152121..
888 974 1268 1057 congregari
1334 975 1582 1038 curavit
1649 995 1869 1038 mense
1928 972 2104 1057 Majo
2172 974 2326 1037 anni
2375 972 2499 1036 861
2574 975 2645 1038 in
2709 972 3021 1037 ecclesia

665 1076 1034 1133 sanctorum
1080 1069 1555 1153 Apostolorum.
1635 1069 2099 1134 Convenerunt
2147 1070 2423 1133 trecenti
2468 1070 2682 1135 decem
2723 1075 2801 1134 et
2853 1072 3024 1133 octo

666 1166 961 1249 episcopi,
1009 1165 1182 1252 unde
1229 1161 1502 1231 Photius
1532 1189 1663 1231 non
1699 1165 1960 1230 erubuit
2004 1166 2563 1250 pseudosynodum
2607 1166 2782 1231 hanc
2820 1166 3017 1230 Con-

666 1262 811 1327 cilio
868 1284 1234 1346 comparare
1281 1261 1587 1327 Nicaeno.
1679 1262 1980 1339 Quamvis
2025 1261 2239 1326 Photii
2299 1269 2367 1327 et
2412 1261 2660 1327 Bardae
2707 1262 3021 1341 nutibus

666 1360 883 1423 omnia
924 1358 1386 1442 dirigerentur,
1443 1360 1672 1423 umbra
1718 1358 2029 1442 quaedam
2088 1359 2558 1442 praesidentiae
2605 1359 2846 1423 relicta
2902 1361 3022 1421 est

664 1456 893 1541 legatis
943 1455 1292 1538 Pontificis,
1335 1460 1408 1519 ut
1453 1455 1575 1538 ipsi
1612 1456 1862 1539 judices
1902 1455 2146 1539 Ignatii
2194 1477 2333 1520 esse
2380 1445 2775 1520 viderentur.
2875 1454 3015 1522 Le·

664 1552 800 1637 gati
866 1556 1085 1616 autem
1148 1552 1219 1615 in
1281 1552 1358 1615 iis
1422 1574 1586 1635 quae
1640 1552 1936 1616 fecerunt
1997 1552 2333 1617 manifeste
2390 1541 2778 1637 transgressi
2833 1555 3016 1617 sunt

666 1649 1120 1713 auctoritatem
1165 1656 1230 1711 et
1270 1648 1576 1713 mandata
1621 1671 1660 1712 a
1707 1646 1974 1713 Nicolao
2018 1649 2170 1732 ipsis
2216 1648 2596 1714 concredita.
2680 1646 3014 1733 Ignatius

665 1748 940 1829 primum
988 1746 1335 1828 appellavit
1394 1746 1473 1809 ad
1520 1745 1882 1828 Romanum
1929 1745 2340 1823 Pontificem,
2411 1749 2486 1809 ut
2541 1745 2621 1809 ab
2682 1767 2756 1809 eo
2812 1743 3007 1829 judi-

667 1847 951 1919 caretur,
1017 1842 1127 1906 sed
1190 1844 1329 1927 ejus
1389 1842 1735 1926 appellatio
1792 1864 1928 1906 non
1991 1845 2089 1905 est
2136 1840 2490 1924 admissa.²)
2555 1878 2636 1887 —
2695 1840 3009 1906 Nomine

663 1938 1025 2023 legatorum
1082 1961 1271 2021 porro
1314 1939 1388 2003 ad
1438 1939 1773 2004 concilium
1825 1939 2088 2017 citatus,
2155 1943 2221 2002 et
2275 1939 2634 2021 compulsus
2681 1942 2753 2002 ut
2801 1959 3005 2002 acce-

668 2036 876 2112 deret,
925 2057 1179 2100 causam
1225 2058 1403 2100 suam
1451 2056 1689 2120 magna
1734 2056 1874 2100 cum
1918 2038 2290 2100 constantia
2337 2034 2722 2110 vindicavit,
2771 2034 3002 2099 intre-

666 2132 811 2215 pide
860 2132 1164 2197 Photium
1226 2138 1292 2196 et
1338 2132 1732 2197 adversarios
1796 2154 1942 2196 suos
2001 2132 2358 2197 facinorum
2419 2153 2680 2196 suorum
2739 2132 3003 2214 arguit,

668 2234 735 2294 et
780 2231 1010 2295 merito
1056 2230 1306 2314 legatos
1341 2234 1652 2313 tanquam
1692 2228 1942 2313 judices
1972 2229 2308 2307 recusavit,
2357 2250 2430 2292 eo
2468 2228 2637 2312 quod
2666 2227 2996 2293 Photium
3033 2265 3044 2275 ·

666 2349 799 2391 non
841 2327 1214 2408 rejicerent,
1268 2326 1378 2390 sed
1428 2330 1498 2388 ut
1553 2325 1985 2408 patriarcham
2038 2325 2353 2390 haberent
2399 2330 2464 2389 et
2520 2326 2589 2389 in
2637 2325 2990 2390 concilium

665 2422 1090 2488 admisissent.
1178 2421 1285 2486 Ita
1330 2422 1612 2507 agebant
1659 2422 1899 2486 directe
1956 2425 2181 2487 contra
2224 2444 2501 2512 canones
2548 2420 2998 2496 Sardicenses,

667 2521 894 2604 quibus
959 2521 1333 2597 vetabatur,
1393 2542 1476 2584 ne
1532 2520 1683 2583 dum
1746 2541 1940 2584 causa
1995 2518 2238 2584 Romae
2297 2519 2621 2603 pendebat
2685 2519 2996 2603 episcopo

666 2628 961 2681 accusato
1008 2619 1171 2681 alius
1215 2617 1735 2681 substitueretur.
1829 2615 2062 2699 Legati
2119 2616 2240 2681 sibi
2297 2617 2531 2681 conscii
2591 2617 2759 2700 quod
2800 2637 2994 2697 man·

665 2713 817 2778 data
862 2712 1199 2779 Pontificis
1236 2714 1371 2796 jam
1420 2713 1807 2796 transgressi
1854 2717 2100 2789 essent,
2158 2715 2393 2798 ignavo
2449 2713 2664 2776 animo
2708 2734 2989 2795 respon-

666 2810 932 2890 derunt,
990 2811 1311 2875 voluntati
1368 2809 1782 2891 Imperatoris
1841 2831 1908 2873 se
1965 2810 2253 2893 obsequi.
2316 2845 2402 2854 —
2460 2808 2726 2873 Frustra
2779 2808 2987 2872 etiam

668 2907 1080 2990 Imperatoris
1128 2907 1407 2970 ministri
1440 2905 1726 2989 variique
1757 2905 2081 2989 praesules
2131 2906 2210 2971 ab
2239 2905 2498 2990 Ignatio
2545 2905 2989 2988 postularunt,

668 3009 743 3067 ut
793 3003 959 3067 sedis
1005 3002 1408 3068 abdicatione
1454 3023 1674 3085 pacem
1719 3002 2121 3077 restitueret3
2169 3002 2492 3067 constanti
2543 3001 2757 3065 animo
2803 2998 2984 3063 enim

667 3101 799 3184 ipse
860 3100 1142 3183 injustae
1194 3099 1492 3183 petitioni
1541 3098 1760 3163 cedere
1814 3100 2155 3163 recusavit.
2246 3099 2450 3174 Quum
2498 3098 2620 3162 viri
2678 3106 2982 3161 constan-

667 3197 826 3260 tiam
856 3196 1167 3274 viderent,
1216 3197 1327 3279 qui
1372 3196 1441 3259 in
1475 3195 1898 3260 conciliabulo
1943 3200 2384 3259 convenerant
2430 3194 2776 3259 haeserunt
2821 3190 2982 3277 quid

667 3292 1027 3356 faciendum
1076 3297 1258 3369 esset,
1308 3315 1381 3358 ac
1426 3290 1742 3356 discordes
1788 3291 1945 3355 facti
1989 3291 2316 3379 Ignatium
2362 3291 2762 3355 dimiserunt.

347 3435 508 3486 Ignatii
531 3447 635 3505 ‘oon—
846 3414 950 3477 37.
1011 3412 1137 3477 Per
1197 3415 1444 3496 aliquot
1503 3414 1638 3477 dies
1697 3413 1846 3477 dein
1909 3414 2148 3477 iterum
2204 3413 2380 3476 vario
2440 3412 2628 3477 modo
2683 3416 2981 3477 tentatus

408 3498 583 3538 ’ΜΨ
670 3517 793 3589 est,
841 3516 916 3574 ut
963 3510 1289 3575 abdicaret
1336 3511 1719 3595 dignitatem
1766 3532 1975 3588 suam,
2033 3509 2144 3574 sed
2189 3509 2446 3574 frustra.
2538 3508 2767 3574 Denuo
2814 3510 2977 3574 cita-

850 3683 891 3748 1>
945 3683 1153 3749 Δώροις
1196 3684 1292 3748 μὲν
1336 3682 1479 3749 παρὰ
1535 3684 1769 3746 Φωτιόυ,
1834 3683 2064 3740 ἀπειλαῖς
2114 3681 2172 3735 δὲ
2217 3682 2361 3749 παρὰ
2402 3689 2492 3734 τοῦ
2537 3682 2795 3750 βασιλέως
2844 3682 2973 3735 ὑπο·

668 3762 973 3824 κλαπέντες,
1027 3762 1107 3815 ait
1163 3760 1442 3829 Stylianus
1497 3763 1782 3830 episcopus
1836 3761 2326 3816 Neocaesareensis
2381 3777 2463 3828 ep.
2523 3764 2593 3827 1⁸,
2650 3776 2734 3829 ap.
2789 3760 2974 3814 Labbe

846 3918 888 3986 ²)
933 3921 1095 3989 „Cum
1123 3936 1252 3974 vero
1289 3920 1439 3973 nobis
1465 3920 1780 3973 mandatum
1809 3919 1934 3985 fuit,
1972 3925 2034 3973 ut
2072 3934 2251 3972 coram
2287 3918 2547 3972 tribunali
2574 3919 2672 3973 illo
2709 3935 2808 3973 nos
2847 3934 2969 3972 con·
3028 3952 3049 3985 ς

668 4000 1039 4064 stitueremuS‚
1077 3998 1447 4064 clamavimuS,
1485 3999 1826 4066 appellantes
1854 3997 2207 4053 sanctitatem
2229 4003 2487 4063 vestram,
2526 4003 2588 4051 ut
2625 3999 2693 4052 ab
2733 4013 2796 4051 ea
2825 3996 2966 4066 judi-

667 4095 925 4134 caremur.
1000 4077 1105 4131 Sed
1141 4076 1322 4130 nullus
1358 4083 1505 4140 erat,
1551 4077 1639 4144 qui
1679 4094 1778 4132 nos
1827 4075 2090 4132 audiret.“
2167 4076 2411 4130 Libellus
2449 4076 2659 4146 Ignatii
2705 4077 2775 4130 ad
2810 4076 2968 4130 Nico-

665 4160 811 4212 laum
849 4175 1060 4227 papam,
1099 4156 1242 4223 apud
1278 4156 1572 4210 Baronium
1611 4157 1680 4210 ad
1718 4174 1765 4212 a.
1804 4159 1922 4222 861,
1962 4174 2011 4209 n.
2049 4158 2118 4207 94
2157 4172 2269 4223 sqq.
