3270 5028
850 415 932 469 De
973 415 1352 470 Decretalibus
1393 417 1975 472 Pseudo-IsidorianiS.
2188 433 2191 434 ’
2470 424 2574 474 283

265 551 619 618 Ostendere
672 555 936 642 nititur,
990 554 1326 621 Nicolaum
1381 562 1728 641 antequam
1787 561 2074 625 novisset
2114 560 2570 626 Collectiouem

264 648 527 727 Isidori,
589 651 928 735 antiquam
975 656 1373 738 proposuisse
1424 654 1858 738 disciplinam,
1922 656 2031 721 sed
2077 658 2227 722 inde
2274 658 2355 721 ab
2402 680 2573 722 anno

263 746 391 810 865
442 747 699 830 quando
744 770 857 832 per
904 749 1298 816 Rothadium
1342 749 1997 817 Pseudo-Decretales
2042 755 2374 839 cognovit,
2426 776 2570 818 eum

260 842 532 907 istarum
593 846 849 928 regulas
909 846 1287 925 inculcasse,
1359 870 1628 933 eamque
1693 849 2090 933 disciplinam
2157 851 2239 915 ab
2303 851 2573 934 antiqua

260 939 446 1003 valde
497 939 813 1005 diversam
870 942 1019 1007 dein
1073 944 1522 1028 praevaluisse.
1615 944 1850 1010 Melius
1897 953 2110 1011 autem
2170 948 2397 1013 fuisset
2456 970 2572 1031 pro

260 1033 984 1212 Ε661661ῗ61)691611(1016
1046 1045 1112 1105 et
1174 1040 1447 1117 honore,
1509 1042 1560 1105 si
1634 1042 1907 1126 antiqua
1968 1043 2303 1128 disciplina
2366 1066 2573 1128 perse-

260 1152 513 1196 verasse
549 1182 564 1198 .

442 1282 543 1347 72.
630 1281 753 1347 Sed
827 1285 1135 1370 ejusmodi
1210 1287 1553 1352 sententiis
1629 1287 2155 1378 subscribendum
2230 1311 2362 1355 non
2434 1279 2570 1353 esse
2591 1288 2748 1390 ἓρζῖἓῗ
2768 1289 2903 1391 130⁶}-

259 1377 721 1445 existimamus
853 1381 1175 1465 Imprimis
1250 1383 1708 1453 advertendum
1787 1387 1918 1459 est,
2011 1406 2416 1468 nequaquam
2493 1407 2568 1448 ex
2675 1362 2903 1473 §linassfffl'

260 1466 543 1530 admissa
618 1465 1014 1534 Collectione
1087 1470 1445 1534 Isidoriana
1532 1493 1766 1535 novam
1841 1471 2127 1554 aliquam
2204 1473 2570 1555 provenisse

260 1560 661 1646 disciplinam
707 1567 1079 1631 canonicam
1138 1566 1220 1630 ab
1266 1568 1539 1651 antiqua
1582 1567 1877 1631 funditus
1924 1569 2258 1632 diversam.
2352 1568 2568 1644 Quoad

260 1657 608 1723 essentiam
654 1663 714 1724 et
757 1660 1195 1736 substantiam
1240 1663 1397 1727 haec
1451 1662 1794 1747 disciplina
1837 1665 2160 1728 recentior
2205 1665 2421 1728 eadem
2472 1675 2569 1728 est

258 1762 454 1839 atque
502 1758 799 1842 antiqua3
862 1758 1370 1824 modificationes
1429 1758 1875 1825 tantummodo
1937 1760 2280 1844 quaedam,
2340 1783 2413 1825 ac
2459 1761 2573 1824 dif-

258 1852 602 1931 ferentiae,
660 1859 727 1919 et
774 1857 1036 1939 regulae
1083 1856 1286 1941 magis
1335 1856 1684 1940 praecisae,
1733 1856 1813 1920 ob
1860 1862 2218 1941 temporum
2268 1857 2573 1942 adjuncta

259 1949 444 2013 valde
491 1957 906 2034 opportunae,
957 1975 1031 2017 ea
1073 1957 1286 2017 aetate
1331 1954 1769 2032 invaluerunt.
1841 1952 1980 2018 Ista
2023 1975 2171 2019 vero
2218 1976 2347 2019 non
2396 1967 2575 2037 prae-

259 2045 386 2109 cise
446 2046 836 2111 auctoritate
902 2052 962 2112 et
1027 2047 1095 2113 vi
1155 2047 1593 2114 Decretalium
1659 2049 1915 2113 illarum
1977 2050 2345 2116 introducta
2403 2059 2574 2130 sunt,

261 2144 556 2224 quamvis
605 2146 893 2229 vulgatio
940 2146 1350 2211 Collectionis
1400 2145 1935 2211 Pseudo-Isidori
1996 2147 2150 2229 quid
2204 2146 2571 2225 contulerit,

259 2242 333 2301 ut
379 2240 628 2304 facilius
659 2242 1161 2325 modificationes
1196 2242 1505 2326 ejusmodi
1535 2243 2029 2308 invalescerent.
2103 2243 2312 2308 Erant
2355 2247 2567 2307 autem

261 2336 761 2402 modificationes
808 2339 956 2403 illae
1001 2338 1275 2404 evolutio
1335 2339 1647 2423 quaedam
1693 2341 1861 2424 juris
1909 2340 2228 2417 canonici,
2287 2361 2452 2423 quae
2502 2341 2565 2403 in

439 2563 482 2633 ¹)
536 2563 728 2632 „Cette
777 2566 1031 2620 nouvelle
1086 2566 1371 2634 discipline
1421 2566 1561 2621 etait
1610 2569 1812 2629 bonne,
1873 2570 2230 2621 assurement.
2320 2567 2569 2633 Adoptee

259 2658 358 2709 par
406 2642 455 2696 S.
496 2642 716 2698 Nicolas
766 2644 817 2699 16
858 2644 1043 2699 Grand
1090 2661 1157 2699 611
1195 2647 1323 2711 865,
1373 2662 1471 2714 par
1516 2647 1568 2700 16
1618 2646 1881 2700 huitieme
1933 2645 2139 2700 concile
2188 2647 2569 2712 oecumenique

259 2723 391 2786 870,
443 2721 733 2777 confirmee
777 2740 876 2791 par
920 2723 973 2777 16
1012 2723 1229 2778 00116116
1276 2726 1342 2779 de
1380 2725 1582 2780 Trente
1631 2741 1699 2779 en
1737 2728 1899 2791 1564,
1947 2726 2050 2779 elle
2089 2730 2176 2780 est
2213 2725 2403 2792 depuis
2442 2727 2576 2779 neuf

259 2799 452 2854 siecles
498 2801 551 2855 le
598 2802 744 2856 droit
791 2817 1039 2856 commun
1084 2804 1220 2856 dans
1265 2803 1494 2871 l'Eglise
1541 2804 1868 2872 catholique.
1950 2805 2090 2857 Mais
2135 2803 2436 2858 l’ancienne
2487 2805 2567 2858 di·

260 2879 490 2946 scipline
532 2881 671 2935 etait
719 2883 896 2936 bonne
944 2881 1123 2948 aussi,
1167 2881 1396 2950 puisque
1443 2885 1688 2949 pendant
1735 2884 1818 2937 les
1868 2882 1990 2936 huit
2037 2883 2301 2950 premiers
2355 2883 2568 2944 siecles‚

259 2958 493 3027 l’Eglise
550 2962 676 3014 n'en
731 2961 884 3014 avait
939 2976 1116 3014 connu
1171 2961 1399 3016 d’autre.
1502 2961 1830 3016 L’ancienne
1886 2961 2174 3029 discipline
2237 2962 2390 3014 avait
2446 2961 2569 3014 suffi

259 3053 396 3106 pour
440 3039 661 3094 vaincre
715 3039 768 3094 le
821 3038 1207 3108 gnosticisme,
1262 3040 1316 3093 16
1370 3040 1756 3106 montanismo,
1812 3040 1865 3095 16
1919 3040 2330 3107 manicheisme,
2386 3040 2568 3093 l’aria-

258 3116 456 3183 nisme,
492 3119 545 3172 16
580 3118 1003 3186 pelagianisme,
1055 3118 1106 3172 le
1143 3119 1588 3183 nestorianisme,
1635 3119 2133 3189 l’eutychianisme,
2179 3119 2567 3187 l’origenisme,

253 3202 316 3257 et
363 3197 416 3250 le
461 3198 902 3263 monothelisme‚
959 3213 1087 3251 sans
1136 3198 1319 3265 parler
1369 3199 1464 3253 des
1512 3199 1756 3253 heresies
1805 3198 1981 3252 moins
2030 3198 2407 3266 importantes.
2488 3199 2568 3252 La

255 3275 511 3329 nouvelle
556 3276 841 3345 discipline
887 3268 1117 3345 pouvait
1164 3293 1263 3345 par
1299 3281 1630 3345 consequent
1675 3280 1790 3332 etre
1827 3276 1992 3345 utile3
2039 3276 2144 3331 elle
2181 3277 2379 3331 n’etait
2413 3277 2567 3344 point

259 3355 618 3410 necessaire.“
706 3356 975 3423 (Adverte
1033 3356 1565 3425 argumentationem
1610 3356 1877 3409 fallacem·
1916 3370 2062 3421 esse,
2125 3360 2392 3422 quatenus
2445 3373 2567 3423 sup-

257 3433 482 3501 ponitur
520 3435 833 3489 essentialis
870 3436 1133 3502 quaedam
1172 3441 1228 3489 et
1262 3435 1521 3489 radicalis
1559 3434 1792 3490 mutatio
1830 3434 2167 3502 disciplinae,
2206 3441 2264 3489 et
2300 3439 2566 3502 quatenus

256 3512 535 3579 innuitur,
584 3514 653 3568 ad
700 3516 1031 3582 superandas
1074 3515 1330 3570 haereses
1377 3514 1706 3583 praesertim
1752 3513 1925 3582 dirigi
1971 3513 2311 3581 disciplinam
2352 3515 2568 3568 canoni-

260 3609 403 3658 cam,
450 3598 507 3646 et
531 3593 799 3661 >antiquas
838 3594 1093 3648 haereses
1143 3594 1322 3648 victas
1370 3610 1491 3649 esse
1537 3610 1635 3662 per
1681 3593 1964 3661 antiquam
2001 3592 2343 3662 disciplinam
2380 3595 2566 3662 prouti

257 3671 546 3726 differebat
584 3689 616 3726 a
652 3673 984 3738 recentiori.)
1061 3673 1326 3742 „Jamais,
1374 3673 1415 3727 il
1460 3673 1582 3727 faut
1628 3689 1697 3728 en
1747 3674 2032 3743 convenir‚
2081 3687 2150 3726 on
2186 3688 2255 3728 ne
2300 3673 2385 3726 vit
2422 3690 2568 3728 men-

257 3766 431 3818 songe
469 3751 619 3805 aussi
658 3753 984 3819 audacieux,
1031 3752 1183 3806 aussi
1230 3752 1631 3819 considerable,
1684 3748 1834 3806 aussi
1880 3752 2150 3825 solennel,
2200 3752 2346 3806 aussi
2382 3756 2567 3820 perse·

258 3832 470 3884 verant.
543 3830 840 3899 AJ'outons:
882 3839 939 3888 et
974 3832 1217 3900 pendant
1254 3833 1349 3887 des
1388 3831 1611 3897 6166166,
1651 3831 1800 3885 611661
1838 3831 2195 3899 triomphant.
2271 3830 2390 3896 Oui,
2430 3832 2566 3883 l’im-

257 3913 484 3976 posteur
531 3926 564 3963 a
611 3911 817 3966 atteint
853 3928 950 3966 son
986 3912 1106 3965 but!
1155 3912 1196 3964 il
1242 3928 1275 3965 a
1318 3912 1532 3979 change
1577 3911 1632 3963 la
1680 3910 1965 3978 discipline
2014 3925 2215 3964 comme
2261 3909 2303 3962 il
2347 3911 2400 3964 le
2437 3926 2566 3964 vou-

257 3987 377 4054 lait,
412 3989 552 4043 mais
589 3989 632 4044 il
668 3991 758 4044 n’a
794 4006 893 4059 pas
931 3992 1116 4046 arrete
1161 3991 1216 4045 la
1263 3992 1564 4045 decadence
1611 3990 1887 4059 generale.
1971 3989 2111 4044 Dieu
2154 4005 2222 4044 116
2270 3988 2422 4044 benit
2470 4005 2566 4056 pas

257 4068 615 4135 l’imposture.
689 4070 795 4125 Les
843 4070 1057 4125 fausses
1108 4070 1414 4124 decretales
1465 4069 1620 4123 n'ont
1668 4069 1890 4136 produit
1939 4084 2041 4136 que
2090 4070 2160 4121 du
2207 4067 2362 4121 mal.“
2422 4068 2481 4120 L.
2522 4085 2567 4120 6.
