<?xml version="1.0" encoding="UTF-8"?>
<!DOCTYPE html PUBLIC "-//W3C//DTD XHTML 1.0 Transitional//EN"
    "http://www.w3.org/TR/xhtml1/DTD/xhtml1-transitional.dtd">
<html xmlns="http://www.w3.org/1999/xhtml" xml:lang="en" lang="en">
 <head>
  <title>
</title>
<meta http-equiv="Content-Type" content="text/html;charset=utf-8" />
  <meta name='ocr-system' content='tesseract 3.04.00' />
  <meta name='ocr-capabilities' content='ocr_page ocr_carea ocr_par ocr_line ocrx_word'/>
</head>
<body>
  <div class='ocr_page' id='page_1' title='image "./dissertationess04junggoog_0161.png"; bbox 0 0 3270 5028; ppageno 0'>
   <div class='ocr_carea' id='block_1_1' title="bbox 1135 423 2675 479">
    <p class='ocr_par' dir='ltr' id='par_1_1' title="bbox 1135 423 2675 479">
     <span class='ocr_line' id='line_1_1' title="bbox 1135 423 2675 479; baseline 0.001 -2"><span class='ocrx_word' id='word_1_1' title='bbox 1135 425 1219 477; x_wconf 91' lang='lat' dir='ltr'>De</span> <span class='ocrx_word' id='word_1_2' title='bbox 1256 423 1546 478; x_wconf 84' lang='lat' dir='ltr'>authentia</span> <span class='ocrx_word' id='word_1_3' title='bbox 1582 423 1913 477; x_wconf 87' lang='lat' dir='ltr'>donationis.</span> <span class='ocrx_word' id='word_1_4' title='bbox 2575 427 2675 479; x_wconf 86' lang='lat'>155</span> 
     </span>
    </p>
   </div>
   <div class='ocr_carea' id='block_1_2' title="bbox 353 564 2677 3063">
    <p class='ocr_par' dir='ltr' id='par_1_2' title="bbox 353 564 2677 3063">
     <span class='ocr_line' id='line_1_2' title="bbox 357 564 2677 649; baseline -0 -19"><span class='ocrx_word' id='word_1_5' title='bbox 357 565 757 649; x_wconf 89' lang='lat' dir='ltr'>complenda.</span> <span class='ocrx_word' id='word_1_6' title='bbox 879 564 1030 630; x_wconf 87' lang='lat' dir='ltr'>Non</span> <span class='ocrx_word' id='word_1_7' title='bbox 1103 566 1456 630; x_wconf 73' lang='lat' dir='ltr'><strong>ducebatur</strong></span> <span class='ocrx_word' id='word_1_8' title='bbox 1540 565 1796 649; x_wconf 90' lang='lat' dir='ltr'>quidem</span> <span class='ocrx_word' id='word_1_9' title='bbox 1877 565 2142 630; x_wconf 86' lang='lat' dir='ltr'>Carolus</span> <span class='ocrx_word' id='word_1_10' title='bbox 2214 565 2493 649; x_wconf 83' lang='lat' dir='ltr'>Magnus</span> <span class='ocrx_word' id='word_1_11' title='bbox 2566 565 2677 629; x_wconf 87' lang='lat' dir='ltr'>vili</span> 
     </span>
     <span class='ocr_line' id='line_1_3' title="bbox 353 661 2675 746; baseline -0.001 -20"><span class='ocrx_word' id='word_1_12' title='bbox 353 666 423 726; x_wconf 86' lang='lat' dir='ltr'>et</span> <span class='ocrx_word' id='word_1_13' title='bbox 484 662 737 746; x_wconf 86' lang='lat' dir='ltr'>vulgari</span> <span class='ocrx_word' id='word_1_14' title='bbox 804 662 1170 745; x_wconf 88' lang='lat' dir='ltr'>possidendi</span> <span class='ocrx_word' id='word_1_15' title='bbox 1238 662 1567 745; x_wconf 88' lang='lat' dir='ltr'>cupidine,</span> <span class='ocrx_word' id='word_1_16' title='bbox 1646 684 1765 725; x_wconf 89' lang='lat' dir='ltr'>nec</span> <span class='ocrx_word' id='word_1_17' title='bbox 1838 668 2060 726; x_wconf 90' lang='lat' dir='ltr'>tamen</span> <span class='ocrx_word' id='word_1_18' title='bbox 2137 662 2396 726; x_wconf 78' lang='lat' dir='ltr'>carebat</span> <span class='ocrx_word' id='word_1_19' title='bbox 2471 661 2675 725; x_wconf 88' lang='lat' dir='ltr'>ambi-</span> 
     </span>
     <span class='ocr_line' id='line_1_4' title="bbox 359 758 2677 841; baseline 0 -20"><span class='ocrx_word' id='word_1_20' title='bbox 359 759 538 823; x_wconf 91' lang='lat' dir='ltr'>tione</span> <span class='ocrx_word' id='word_1_21' title='bbox 606 759 746 836; x_wconf 88' lang='lat' dir='ltr'>illa,</span> <span class='ocrx_word' id='word_1_22' title='bbox 818 780 984 841; x_wconf 90' lang='lat' dir='ltr'>quae</span> <span class='ocrx_word' id='word_1_23' title='bbox 1057 760 1334 822; x_wconf 83' lang='lat' dir='ltr'>maxime</span> <span class='ocrx_word' id='word_1_24' title='bbox 1402 758 1671 822; x_wconf 88' lang='lat' dir='ltr'>heroum</span> <span class='ocrx_word' id='word_1_25' title='bbox 1743 758 1975 822; x_wconf 87' lang='lat' dir='ltr'>animis</span> <span class='ocrx_word' id='word_1_26' title='bbox 2033 759 2235 822; x_wconf 86' lang='lat' dir='ltr'>veluti</span> <span class='ocrx_word' id='word_1_27' title='bbox 2308 781 2385 822; x_wconf 89' lang='lat' dir='ltr'>ex</span> <span class='ocrx_word' id='word_1_28' title='bbox 2455 758 2677 822; x_wconf 86' lang='lat' dir='ltr'>nativa</span> 
     </span>
     <span class='ocr_line' id='line_1_5' title="bbox 354 853 2676 937; baseline 0.001 -21"><span class='ocrx_word' id='word_1_29' title='bbox 354 854 776 937; x_wconf 81' lang='lat' dir='ltr'>dispositione</span> <span class='ocrx_word' id='word_1_30' title='bbox 829 856 1029 918; x_wconf 88' lang='lat' dir='ltr'>insita</span> <span class='ocrx_word' id='word_1_31' title='bbox 1090 853 1264 934; x_wconf 85' lang='lat' dir='ltr'>est.¹)</span> <span class='ocrx_word' id='word_1_32' title='bbox 1357 854 1564 931; x_wconf 85' lang='lat' dir='ltr'>Quum</span> <span class='ocrx_word' id='word_1_33' title='bbox 1613 876 1763 919; x_wconf 90' lang='lat' dir='ltr'>vero</span> <span class='ocrx_word' id='word_1_34' title='bbox 1826 858 2034 918; x_wconf 88' lang='lat' dir='ltr'>status</span> <span class='ocrx_word' id='word_1_35' title='bbox 2097 878 2308 920; x_wconf 90' lang='lat' dir='ltr'>rerum</span> <span class='ocrx_word' id='word_1_36' title='bbox 2369 856 2439 918; x_wconf 91' lang='lat' dir='ltr'>in</span> <span class='ocrx_word' id='word_1_37' title='bbox 2487 855 2676 919; x_wconf 87' lang='lat' dir='ltr'>Italia</span> 
     </span>
     <span class='ocr_line' id='line_1_6' title="bbox 361 951 2677 1036; baseline 0 -23"><span class='ocrx_word' id='word_1_38' title='bbox 361 955 529 1014; x_wconf 90' lang='lat' dir='ltr'>esset</span> <span class='ocrx_word' id='word_1_39' title='bbox 595 951 779 1015; x_wconf 89' lang='lat' dir='ltr'>valde</span> <span class='ocrx_word' id='word_1_40' title='bbox 845 951 1172 1027; x_wconf 87' lang='lat' dir='ltr'>turbatus,</span> <span class='ocrx_word' id='word_1_41' title='bbox 1250 951 1536 1015; x_wconf 88' lang='lat' dir='ltr'>difficilia</span> <span class='ocrx_word' id='word_1_42' title='bbox 1603 973 1817 1014; x_wconf 87' lang='lat' dir='ltr'>rerum</span> <span class='ocrx_word' id='word_1_43' title='bbox 1890 951 2200 1036; x_wconf 89' lang='lat' dir='ltr'>adjuncta</span> <span class='ocrx_word' id='word_1_44' title='bbox 2268 956 2335 1016; x_wconf 90' lang='lat' dir='ltr'>et</span> <span class='ocrx_word' id='word_1_45' title='bbox 2395 951 2677 1034; x_wconf 88' lang='lat' dir='ltr'>pericula</span> 
     </span>
     <span class='ocr_line' id='line_1_7' title="bbox 362 1047 2676 1131; baseline 0 -22"><span class='ocrx_word' id='word_1_46' title='bbox 362 1047 567 1125; x_wconf 84' lang='lat' dir='ltr'>varia,</span> <span class='ocrx_word' id='word_1_47' title='bbox 630 1047 882 1111; x_wconf 82' lang='lat' dir='ltr'>facilius</span> <span class='ocrx_word' id='word_1_48' title='bbox 942 1047 1065 1112; x_wconf 90' lang='lat' dir='ltr'>sibi</span> <span class='ocrx_word' id='word_1_49' title='bbox 1128 1047 1507 1130; x_wconf 90' lang='lat' dir='ltr'>persuadere</span> <span class='ocrx_word' id='word_1_50' title='bbox 1556 1050 1842 1131; x_wconf 90' lang='lat' dir='ltr'>poterat,</span> <span class='ocrx_word' id='word_1_51' title='bbox 1904 1048 1986 1111; x_wconf 94' lang='lat' dir='ltr'>ob</span> <span class='ocrx_word' id='word_1_52' title='bbox 2047 1048 2288 1112; x_wconf 91' lang='lat' dir='ltr'>bonum</span> <span class='ocrx_word' id='word_1_53' title='bbox 2349 1048 2676 1131; x_wconf 90' lang='lat' dir='ltr'>publicum</span> 
     </span>
     <span class='ocr_line' id='line_1_8' title="bbox 361 1143 2675 1228; baseline -0 -21"><span class='ocrx_word' id='word_1_54' title='bbox 361 1147 429 1207; x_wconf 90' lang='lat' dir='ltr'>et</span> <span class='ocrx_word' id='word_1_55' title='bbox 504 1165 850 1228; x_wconf 87' lang='lat' dir='ltr'>regnorum</span> <span class='ocrx_word' id='word_1_56' title='bbox 924 1144 1298 1207; x_wconf 88' lang='lat' dir='ltr'>firmitatem</span> <span class='ocrx_word' id='word_1_57' title='bbox 1344 1144 1718 1221; x_wconf 86' lang='lat' dir='ltr'>convenire,</span> <span class='ocrx_word' id='word_1_58' title='bbox 1806 1147 1880 1207; x_wconf 92' lang='lat' dir='ltr'>ut</span> <span class='ocrx_word' id='word_1_59' title='bbox 1957 1144 2266 1227; x_wconf 76' lang='lat' dir='ltr'>quaedam</span> <span class='ocrx_word' id='word_1_60' title='bbox 2349 1143 2675 1207; x_wconf 87' lang='lat' dir='ltr'>territoria</span> 
     </span>
     <span class='ocr_line' id='line_1_9' title="bbox 362 1238 2677 1323; baseline 0 -21"><span class='ocrx_word' id='word_1_61' title='bbox 362 1238 670 1304; x_wconf 86' lang='lat' dir='ltr'>Romanis</span> <span class='ocrx_word' id='word_1_62' title='bbox 738 1240 1157 1304; x_wconf 89' lang='lat' dir='ltr'>Pontificibus</span> <span class='ocrx_word' id='word_1_63' title='bbox 1219 1245 1290 1304; x_wconf 89' lang='lat' dir='ltr'>ut</span> <span class='ocrx_word' id='word_1_64' title='bbox 1359 1240 1547 1303; x_wconf 89' lang='lat' dir='ltr'>feuda</span> <span class='ocrx_word' id='word_1_65' title='bbox 1607 1240 1951 1323; x_wconf 88' lang='lat' dir='ltr'>promissa,</span> <span class='ocrx_word' id='word_1_66' title='bbox 2029 1241 2121 1303; x_wconf 91' lang='lat' dir='ltr'>uti</span> <span class='ocrx_word' id='word_1_67' title='bbox 2192 1241 2461 1304; x_wconf 76' lang='lat' dir='ltr'>ducatus</span> <span class='ocrx_word' id='word_1_68' title='bbox 2523 1239 2677 1323; x_wconf 84' lang='lat' dir='ltr'>Spo-</span> 
     </span>
     <span class='ocr_line' id='line_1_10' title="bbox 359 1336 2676 1418; baseline -0 -19"><span class='ocrx_word' id='word_1_69' title='bbox 359 1337 617 1400; x_wconf 87' lang='lat' dir='ltr'>letanus</span> <span class='ocrx_word' id='word_1_70' title='bbox 677 1342 743 1402; x_wconf 90' lang='lat' dir='ltr'>et</span> <span class='ocrx_word' id='word_1_71' title='bbox 798 1336 1325 1418; x_wconf 78' lang='lat' dir='ltr'>BeneventanuS,</span> <span class='ocrx_word' id='word_1_72' title='bbox 1386 1338 1754 1401; x_wconf 81' lang='lat' dir='ltr'>immediate</span> <span class='ocrx_word' id='word_1_73' title='bbox 1812 1359 1927 1400; x_wconf 91' lang='lat' dir='ltr'>suo</span> <span class='ocrx_word' id='word_1_74' title='bbox 1988 1336 2326 1400; x_wconf 88' lang='lat' dir='ltr'>subessent</span> <span class='ocrx_word' id='word_1_75' title='bbox 2382 1358 2676 1418; x_wconf 89' lang='lat' dir='ltr'>supremo</span> 
     </span>
     <span class='ocr_line' id='line_1_11' title="bbox 360 1433 2675 1517; baseline -0 -20"><span class='ocrx_word' id='word_1_76' title='bbox 360 1434 673 1509; x_wconf 87' lang='lat' dir='ltr'>dominio,</span> <span class='ocrx_word' id='word_1_77' title='bbox 752 1434 1038 1517; x_wconf 88' lang='lat' dir='ltr'>adeoque</span> <span class='ocrx_word' id='word_1_78' title='bbox 1113 1455 1391 1517; x_wconf 87' lang='lat' dir='ltr'>aequum</span> <span class='ocrx_word' id='word_1_79' title='bbox 1465 1455 1597 1498; x_wconf 89' lang='lat' dir='ltr'>non</span> <span class='ocrx_word' id='word_1_80' title='bbox 1678 1455 1843 1511; x_wconf 90' lang='lat' dir='ltr'>esse,</span> <span class='ocrx_word' id='word_1_81' title='bbox 1921 1437 1996 1496; x_wconf 91' lang='lat' dir='ltr'>ut</span> <span class='ocrx_word' id='word_1_82' title='bbox 2057 1433 2264 1516; x_wconf 84' lang='lat' dir='ltr'>quoad</span> <span class='ocrx_word' id='word_1_83' title='bbox 2335 1433 2495 1496; x_wconf 89' lang='lat' dir='ltr'>haec</span> <span class='ocrx_word' id='word_1_84' title='bbox 2566 1455 2675 1496; x_wconf 90' lang='lat' dir='ltr'>ex-</span> 
     </span>
     <span class='ocr_line' id='line_1_12' title="bbox 360 1528 2677 1614; baseline 0 -21"><span class='ocrx_word' id='word_1_85' title='bbox 360 1531 649 1614; x_wconf 85' lang='lat' dir='ltr'>igeretur</span> <span class='ocrx_word' id='word_1_86' title='bbox 724 1529 1092 1594; x_wconf 86' lang='lat' dir='ltr'>donationis</span> <span class='ocrx_word' id='word_1_87' title='bbox 1163 1530 1478 1613; x_wconf 90' lang='lat' dir='ltr'>completa</span> <span class='ocrx_word' id='word_1_88' title='bbox 1552 1529 1859 1594; x_wconf 86' lang='lat' dir='ltr'>executio.</span> <span class='ocrx_word' id='word_1_89' title='bbox 1982 1528 2257 1594; x_wconf 87' lang='lat' dir='ltr'>Romani</span> <span class='ocrx_word' id='word_1_90' title='bbox 2337 1529 2677 1594; x_wconf 88' lang='lat' dir='ltr'>Pontifices</span> 
     </span>
     <span class='ocr_line' id='line_1_13' title="bbox 357 1626 2674 1710; baseline 0 -21"><span class='ocrx_word' id='word_1_91' title='bbox 357 1630 577 1690; x_wconf 84' lang='lat' dir='ltr'>autem</span> <span class='ocrx_word' id='word_1_92' title='bbox 641 1647 838 1710; x_wconf 88' lang='lat' dir='ltr'>quum</span> <span class='ocrx_word' id='word_1_93' title='bbox 899 1626 1152 1689; x_wconf 85' lang='lat' dir='ltr'>iteratis</span> <span class='ocrx_word' id='word_1_94' title='bbox 1217 1626 1461 1690; x_wconf 83' lang='lat' dir='ltr'>vicibus</span> <span class='ocrx_word' id='word_1_95' title='bbox 1524 1626 1768 1690; x_wconf 88' lang='lat' dir='ltr'>frustra</span> <span class='ocrx_word' id='word_1_96' title='bbox 1837 1627 2203 1709; x_wconf 87' lang='lat' dir='ltr'>petiissent,</span> <span class='ocrx_word' id='word_1_97' title='bbox 2274 1632 2348 1690; x_wconf 93' lang='lat' dir='ltr'>ut</span> <span class='ocrx_word' id='word_1_98' title='bbox 2407 1627 2674 1709; x_wconf 90' lang='lat' dir='ltr'>promis-</span> 
     </span>
     <span class='ocr_line' id='line_1_14' title="bbox 356 1722 2676 1806; baseline 0.001 -21"><span class='ocrx_word' id='word_1_99' title='bbox 356 1723 453 1786; x_wconf 89' lang='lat' dir='ltr'>sio</span> <span class='ocrx_word' id='word_1_100' title='bbox 498 1723 758 1806; x_wconf 87' lang='lat' dir='ltr'>integra</span> <span class='ocrx_word' id='word_1_101' title='bbox 822 1723 1187 1785; x_wconf 84' lang='lat' dir='ltr'>executioni</span> <span class='ocrx_word' id='word_1_102' title='bbox 1250 1722 1542 1800; x_wconf 84' lang='lat' dir='ltr'>daretur,</span> <span class='ocrx_word' id='word_1_103' title='bbox 1607 1723 1757 1786; x_wconf 89' lang='lat' dir='ltr'>dein</span> <span class='ocrx_word' id='word_1_104' title='bbox 1813 1724 2169 1787; x_wconf 89' lang='lat' dir='ltr'>consultius</span> <span class='ocrx_word' id='word_1_105' title='bbox 2223 1722 2536 1800; x_wconf 83' lang='lat' dir='ltr'>habuere,</span> <span class='ocrx_word' id='word_1_106' title='bbox 2601 1727 2676 1787; x_wconf 92' lang='lat' dir='ltr'>ut</span> 
     </span>
     <span class='ocr_line' id='line_1_15' title="bbox 356 1818 2676 1903; baseline 0 -22"><span class='ocrx_word' id='word_1_107' title='bbox 356 1819 569 1882; x_wconf 89' lang='lat' dir='ltr'>minus</span> <span class='ocrx_word' id='word_1_108' title='bbox 627 1840 765 1882; x_wconf 89' lang='lat' dir='ltr'>rem</span> <span class='ocrx_word' id='word_1_109' title='bbox 822 1822 1132 1901; x_wconf 85' lang='lat' dir='ltr'>urgerent</span> <span class='ocrx_word' id='word_1_110' title='bbox 1193 1822 1259 1881; x_wconf 89' lang='lat' dir='ltr'>et</span> <span class='ocrx_word' id='word_1_111' title='bbox 1318 1818 1726 1903; x_wconf 84' lang='lat' dir='ltr'>indulgentia</span> <span class='ocrx_word' id='word_1_112' title='bbox 1787 1819 2061 1903; x_wconf 87' lang='lat' dir='ltr'>quadam</span> <span class='ocrx_word' id='word_1_113' title='bbox 2118 1823 2478 1884; x_wconf 90' lang='lat' dir='ltr'>uterentur.</span> <span class='ocrx_word' id='word_1_114' title='bbox 2581 1818 2676 1882; x_wconf 87' lang='lat' dir='ltr'>Eo</span> 
     </span>
     <span class='ocr_line' id='line_1_16' title="bbox 358 1914 2674 1998; baseline 0 -20"><span class='ocrx_word' id='word_1_115' title='bbox 358 1916 683 1998; x_wconf 80' lang='lat' dir='ltr'>pertinere</span> <span class='ocrx_word' id='word_1_116' title='bbox 749 1916 1053 1979; x_wconf 85' lang='lat' dir='ltr'>videntur</span> <span class='ocrx_word' id='word_1_117' title='bbox 1121 1915 1316 1978; x_wconf 88' lang='lat' dir='ltr'>verba</span> <span class='ocrx_word' id='word_1_118' title='bbox 1387 1915 1500 1978; x_wconf 87' lang='lat' dir='ltr'>illa</span> <span class='ocrx_word' id='word_1_119' title='bbox 1570 1915 1807 1979; x_wconf 89' lang='lat' dir='ltr'>Leonis</span> <span class='ocrx_word' id='word_1_120' title='bbox 1884 1915 2094 1998; x_wconf 86' lang='lat' dir='ltr'>quoad</span> <span class='ocrx_word' id='word_1_121' title='bbox 2170 1915 2448 1978; x_wconf 89' lang='lat' dir='ltr'>insulam</span> <span class='ocrx_word' id='word_1_122' title='bbox 2521 1914 2674 1978; x_wconf 92' lang='lat' dir='ltr'>Cor-</span> 
     </span>
     <span class='ocr_line' id='line_1_17' title="bbox 356 2009 2675 2094; baseline 0 -20"><span class='ocrx_word' id='word_1_123' title='bbox 356 2012 587 2076; x_wconf 87' lang='lat' dir='ltr'>sicam:</span> <span class='ocrx_word' id='word_1_124' title='bbox 649 2012 785 2094; x_wconf 90' lang='lat' dir='ltr'>,‚De</span> <span class='ocrx_word' id='word_1_125' title='bbox 833 2015 1050 2075; x_wconf 88' lang='lat' dir='ltr'>autem</span> <span class='ocrx_word' id='word_1_126' title='bbox 1101 2012 1314 2075; x_wconf 86' lang='lat' dir='ltr'>insula</span> <span class='ocrx_word' id='word_1_127' title='bbox 1362 2011 1616 2077; x_wconf 85' lang='lat' dir='ltr'>Corsica</span> <span class='ocrx_word' id='word_1_128' title='bbox 1665 2062 1679 2076; x_wconf 92' lang='lat'>.</span> <span class='ocrx_word' id='word_1_129' title='bbox 1731 2062 1746 2077; x_wconf 91' lang='lat'>.</span> <span class='ocrx_word' id='word_1_130' title='bbox 1796 2062 1811 2077; x_wconf 91' lang='lat'>.</span> <span class='ocrx_word' id='word_1_131' title='bbox 1859 2010 1933 2076; x_wconf 77' lang='lat' dir='ltr'>in</span> <span class='ocrx_word' id='word_1_132' title='bbox 1979 2015 2263 2075; x_wconf 77' lang='lat' dir='ltr'>vestrum</span> <span class='ocrx_word' id='word_1_133' title='bbox 2321 2009 2675 2074; x_wconf 77' lang='lat' dir='ltr'>arbitria-m</span> 
     </span>
     <span class='ocr_line' id='line_1_18' title="bbox 356 2106 2674 2193; baseline 0.001 -23"><span class='ocrx_word' id='word_1_134' title='bbox 356 2111 420 2171; x_wconf 81' lang='lat' dir='ltr'>et</span> <span class='ocrx_word' id='word_1_135' title='bbox 481 2106 864 2190; x_wconf 78' lang='lat' dir='ltr'>dispositum</span> <span class='ocrx_word' id='word_1_136' title='bbox 933 2106 1409 2172; x_wconf 57' lang='lat' dir='ltr'>committimus</span> <span class='ocrx_word' id='word_1_137' title='bbox 1531 2110 1751 2193; x_wconf 87' lang='lat' dir='ltr'>Atque</span> <span class='ocrx_word' id='word_1_138' title='bbox 1814 2111 1884 2173; x_wconf 88' lang='lat' dir='ltr'>in</span> <span class='ocrx_word' id='word_1_139' title='bbox 1954 2131 2061 2173; x_wconf 93' lang='lat' dir='ltr'>ore</span> <span class='ocrx_word' id='word_1_140' title='bbox 2128 2109 2457 2191; x_wconf 89' lang='lat' dir='ltr'>posuimus</span> <span class='ocrx_word' id='word_1_141' title='bbox 2518 2106 2674 2172; x_wconf 90' lang='lat' dir='ltr'>Hel-</span> 
     </span>
     <span class='ocr_line' id='line_1_19' title="bbox 361 2205 2675 2289; baseline 0 -22"><span class='ocrx_word' id='word_1_142' title='bbox 361 2205 706 2289; x_wconf 83' lang='lat' dir='ltr'>mengaudi</span> <span class='ocrx_word' id='word_1_143' title='bbox 767 2206 1043 2269; x_wconf 90' lang='lat' dir='ltr'>comitis:</span> <span class='ocrx_word' id='word_1_144' title='bbox 1115 2210 1189 2269; x_wconf 93' lang='lat' dir='ltr'>ut</span> <span class='ocrx_word' id='word_1_145' title='bbox 1244 2213 1460 2269; x_wconf 85' lang='lat' dir='ltr'>vestra</span> <span class='ocrx_word' id='word_1_146' title='bbox 1529 2206 1793 2270; x_wconf 86' lang='lat' dir='ltr'>donatio</span> <span class='ocrx_word' id='word_1_147' title='bbox 1862 2227 2111 2288; x_wconf 87' lang='lat' dir='ltr'>semper</span> <span class='ocrx_word' id='word_1_148' title='bbox 2168 2207 2351 2268; x_wconf 91' lang='lat' dir='ltr'>firma</span> <span class='ocrx_word' id='word_1_149' title='bbox 2414 2210 2477 2268; x_wconf 87' lang='lat' dir='ltr'>et</span> <span class='ocrx_word' id='word_1_150' title='bbox 2545 2208 2675 2267; x_wconf 90' lang='lat' dir='ltr'>sta-</span> 
     </span>
     <span class='ocr_line' id='line_1_20' title="bbox 358 2296 2674 2384; baseline 0 -20"><span class='ocrx_word' id='word_1_151' title='bbox 358 2296 507 2364; x_wconf 81' lang='lat' dir='ltr'>bilis</span> <span class='ocrx_word' id='word_1_152' title='bbox 561 2307 937 2384; x_wconf 86' lang='lat' dir='ltr'>permaneat</span> <span class='ocrx_word' id='word_1_153' title='bbox 1000 2308 1066 2366; x_wconf 91' lang='lat' dir='ltr'>et</span> <span class='ocrx_word' id='word_1_154' title='bbox 1123 2302 1203 2365; x_wconf 89' lang='lat' dir='ltr'>ab</span> <span class='ocrx_word' id='word_1_155' title='bbox 1264 2302 1512 2366; x_wconf 89' lang='lat' dir='ltr'>insidiis</span> <span class='ocrx_word' id='word_1_156' title='bbox 1570 2303 1977 2368; x_wconf 90' lang='lat' dir='ltr'>inimicorum</span> <span class='ocrx_word' id='word_1_157' title='bbox 2032 2306 2180 2365; x_wconf 88' lang='lat' dir='ltr'>tuta</span> <span class='ocrx_word' id='word_1_158' title='bbox 2239 2299 2674 2384; x_wconf 78' lang='lat' dir='ltr'>persistat.“2)</span> 
     </span>
     <span class='ocr_line' id='line_1_21' title="bbox 358 2398 2676 2482; baseline -0.001 -20"><span class='ocrx_word' id='word_1_159' title='bbox 358 2398 699 2462; x_wconf 82' lang='lat' dir='ltr'>Caeterum</span> <span class='ocrx_word' id='word_1_160' title='bbox 774 2402 914 2461; x_wconf 92' lang='lat' dir='ltr'>tum</span> <span class='ocrx_word' id='word_1_161' title='bbox 987 2420 1037 2462; x_wconf 87' lang='lat' dir='ltr'>a.</span> <span class='ocrx_word' id='word_1_162' title='bbox 1114 2400 1234 2462; x_wconf 88' lang='grc'>781</span> <span class='ocrx_word' id='word_1_163' title='bbox 1314 2422 1513 2482; x_wconf 89' lang='lat' dir='ltr'>quum</span> <span class='ocrx_word' id='word_1_164' title='bbox 1584 2399 1852 2463; x_wconf 83' lang='lat' dir='ltr'>Carolus</span> <span class='ocrx_word' id='word_1_165' title='bbox 1927 2400 2160 2461; x_wconf 89' lang='lat' dir='ltr'>iterum</span> <span class='ocrx_word' id='word_1_166' title='bbox 2233 2398 2502 2461; x_wconf 86' lang='lat' dir='ltr'>Romam</span> <span class='ocrx_word' id='word_1_167' title='bbox 2571 2420 2676 2460; x_wconf 91' lang='lat' dir='ltr'>ve-</span> 
     </span>
     <span class='ocr_line' id='line_1_22' title="bbox 362 2495 2675 2580; baseline 0 -21"><span class='ocrx_word' id='word_1_168' title='bbox 362 2496 587 2580; x_wconf 90' lang='lat' dir='ltr'>nisset,</span> <span class='ocrx_word' id='word_1_169' title='bbox 647 2502 786 2560; x_wconf 85' lang='lat' dir='ltr'>tum</span> <span class='ocrx_word' id='word_1_170' title='bbox 847 2496 987 2560; x_wconf 89' lang='lat' dir='ltr'>aliis</span> <span class='ocrx_word' id='word_1_171' title='bbox 1047 2496 1517 2571; x_wconf 83' lang='lat' dir='ltr'>occasionibuS,</span> <span class='ocrx_word' id='word_1_172' title='bbox 1581 2501 1808 2560; x_wconf 90' lang='lat' dir='ltr'>mutuo</span> <span class='ocrx_word' id='word_1_173' title='bbox 1866 2495 2141 2580; x_wconf 89' lang='lat' dir='ltr'>quodam</span> <span class='ocrx_word' id='word_1_174' title='bbox 2197 2517 2508 2559; x_wconf 87' lang='lat' dir='ltr'>consensu</span> <span class='ocrx_word' id='word_1_175' title='bbox 2572 2518 2675 2559; x_wconf 88' lang='lat' dir='ltr'>va-</span> 
     </span>
     <span class='ocr_line' id='line_1_23' title="bbox 360 2592 2674 2676; baseline -0 -20"><span class='ocrx_word' id='word_1_176' title='bbox 360 2596 458 2657; x_wconf 90' lang='lat' dir='ltr'>ria</span> <span class='ocrx_word' id='word_1_177' title='bbox 530 2614 695 2676; x_wconf 88' lang='lat' dir='ltr'>quae</span> <span class='ocrx_word' id='word_1_178' title='bbox 769 2594 947 2657; x_wconf 88' lang='lat' dir='ltr'>illam</span> <span class='ocrx_word' id='word_1_179' title='bbox 1023 2592 1436 2656; x_wconf 77' lang='lat' dir='ltr'>donationem</span> <span class='ocrx_word' id='word_1_180' title='bbox 1514 2599 1577 2657; x_wconf 82' lang='lat' dir='ltr'>et</span> <span class='ocrx_word' id='word_1_181' title='bbox 1654 2593 1963 2676; x_wconf 85' lang='lat' dir='ltr'>quaedam</span> <span class='ocrx_word' id='word_1_182' title='bbox 2039 2593 2368 2656; x_wconf 87' lang='lat' dir='ltr'>territoria</span> <span class='ocrx_word' id='word_1_183' title='bbox 2433 2597 2674 2675; x_wconf 88' lang='lat' dir='ltr'>specta-</span> 
     </span>
     <span class='ocr_line' id='line_1_24' title="bbox 358 2688 2677 2773; baseline -0 -21"><span class='ocrx_word' id='word_1_184' title='bbox 358 2689 550 2765; x_wconf 88' lang='lat' dir='ltr'>bant,</span> <span class='ocrx_word' id='word_1_185' title='bbox 627 2688 932 2773; x_wconf 88' lang='lat' dir='ltr'>disposita</span> <span class='ocrx_word' id='word_1_186' title='bbox 993 2710 1128 2754; x_wconf 87' lang='lat' dir='ltr'>esse</span> <span class='ocrx_word' id='word_1_187' title='bbox 1189 2689 1506 2754; x_wconf 87' lang='lat' dir='ltr'>videntur.</span> <span class='ocrx_word' id='word_1_188' title='bbox 1574 2725 1659 2756; x_wconf 55' lang='grc' dir='ltr'>-τ-</span> <span class='ocrx_word' id='word_1_189' title='bbox 1725 2688 2043 2764; x_wconf 86' lang='lat' dir='ltr'>Quaedam</span> <span class='ocrx_word' id='word_1_190' title='bbox 2108 2690 2234 2752; x_wconf 85' lang='lat' dir='ltr'>alia</span> <span class='ocrx_word' id='word_1_191' title='bbox 2297 2694 2677 2772; x_wconf 86' lang='lat' dir='ltr'>argumenta</span> 
     </span>
     <span class='ocr_line' id='line_1_25' title="bbox 360 2783 2674 2869; baseline -0 -21"><span class='ocrx_word' id='word_1_192' title='bbox 360 2808 526 2868; x_wconf 89' lang='lat' dir='ltr'>quae</span> <span class='ocrx_word' id='word_1_193' title='bbox 600 2790 823 2851; x_wconf 86' lang='lat' dir='ltr'>contra</span> <span class='ocrx_word' id='word_1_194' title='bbox 900 2786 1239 2850; x_wconf 87' lang='lat' dir='ltr'>veritatem</span> <span class='ocrx_word' id='word_1_195' title='bbox 1309 2786 1706 2850; x_wconf 87' lang='lat' dir='ltr'>narrationis</span> <span class='ocrx_word' id='word_1_196' title='bbox 1793 2783 1974 2848; x_wconf 78' lang='lat' dir='ltr'>Vitae</span> <span class='ocrx_word' id='word_1_197' title='bbox 2050 2783 2392 2848; x_wconf 74' lang='lat' dir='ltr'>Hadriani</span> <span class='ocrx_word' id='word_1_198' title='bbox 2467 2785 2674 2869; x_wconf 89' lang='lat' dir='ltr'>quoad</span> 
     </span>
     <span class='ocr_line' id='line_1_26' title="bbox 360 2881 2671 2965; baseline 0 -22"><span class='ocrx_word' id='word_1_199' title='bbox 360 2882 777 2946; x_wconf 88' lang='lat' dir='ltr'>donationem</span> <span class='ocrx_word' id='word_1_200' title='bbox 845 2882 1055 2946; x_wconf 90' lang='lat' dir='ltr'>Caroli</span> <span class='ocrx_word' id='word_1_201' title='bbox 1127 2882 1514 2956; x_wconf 87' lang='lat' dir='ltr'>afferuntur,</span> <span class='ocrx_word' id='word_1_202' title='bbox 1594 2881 1768 2946; x_wconf 85' lang='lat' dir='ltr'>haud</span> <span class='ocrx_word' id='word_1_203' title='bbox 1844 2883 2117 2945; x_wconf 91' lang='lat' dir='ltr'>ulterius</span> <span class='ocrx_word' id='word_1_204' title='bbox 2195 2903 2671 2965; x_wconf 87' lang='lat' dir='ltr'>prosequemur.</span> 
     </span>
     <span class='ocr_line' id='line_1_27' title="bbox 363 2977 2669 3063; baseline 0 -23"><span class='ocrx_word' id='word_1_205' title='bbox 363 2977 461 3040; x_wconf 90' lang='lat' dir='ltr'>Ex</span> <span class='ocrx_word' id='word_1_206' title='bbox 546 2978 731 3043; x_wconf 87' lang='lat' dir='ltr'>dictis</span> <span class='ocrx_word' id='word_1_207' title='bbox 805 2981 942 3063; x_wconf 86' lang='lat' dir='ltr'>jam</span> <span class='ocrx_word' id='word_1_208' title='bbox 1025 2978 1318 3062; x_wconf 83' lang='lat' dir='ltr'>colliges,</span> <span class='ocrx_word' id='word_1_209' title='bbox 1414 3001 1489 3042; x_wconf 88' lang='lat' dir='ltr'>ea</span> <span class='ocrx_word' id='word_1_210' title='bbox 1575 2999 1741 3062; x_wconf 89' lang='lat' dir='ltr'>quae</span> <span class='ocrx_word' id='word_1_211' title='bbox 1828 2981 2241 3060; x_wconf 88' lang='lat' dir='ltr'>opponuntur</span> <span class='ocrx_word' id='word_1_212' title='bbox 2324 2977 2455 3040; x_wconf 87' lang='lat' dir='ltr'>vim</span> <span class='ocrx_word' id='word_1_213' title='bbox 2540 2999 2669 3040; x_wconf 88' lang='lat' dir='ltr'>non</span> 
     </span>
    </p>
   </div>
   <div class='ocr_carea' id='block_1_3' title="bbox 362 3072 680 3158">
    <p class='ocr_par' dir='ltr' id='par_1_3' title="bbox 362 3072 680 3158">
     <span class='ocr_line' id='line_1_28' title="bbox 362 3072 680 3158; baseline 0.006 -22"><span class='ocrx_word' id='word_1_214' title='bbox 362 3072 680 3158; x_wconf 77' lang='lat' dir='ltr'>habere.3)</span> 
     </span>
    </p>
   </div>
   <div class='ocr_carea' id='block_1_4' title="bbox 539 3202 3008 3294">
    <p class='ocr_par' dir='ltr' id='par_1_4' title="bbox 539 3202 3008 3294">
     <span class='ocr_line' id='line_1_29' title="bbox 539 3202 3008 3294; baseline 0.002 -26"><span class='ocrx_word' id='word_1_215' title='bbox 539 3207 643 3269; x_wconf 88' lang='grc'>80.</span> <span class='ocrx_word' id='word_1_216' title='bbox 708 3204 809 3267; x_wconf 89' lang='lat' dir='ltr'>Ad</span> <span class='ocrx_word' id='word_1_217' title='bbox 862 3202 1331 3286; x_wconf 72' lang='lat' dir='ltr'>Fraqmentum</span> <span class='ocrx_word' id='word_1_218' title='bbox 1393 3202 1883 3269; x_wconf 75' lang='lat' dir='ltr'>Fantutianum</span> <span class='ocrx_word' id='word_1_219' title='bbox 1948 3203 2113 3294; x_wconf 87' lang='lat' dir='ltr'>quod</span> <span class='ocrx_word' id='word_1_220' title='bbox 2171 3203 2438 3281; x_wconf 83' lang='lat' dir='ltr'>attinet,</span> <span class='ocrx_word' id='word_1_221' title='bbox 2504 3203 2674 3268; x_wconf 88' lang='lat' dir='ltr'>haud</span> <span class='ocrx_word' id='word_1_222' title='bbox 2700 3233 3008 3283; x_wconf 70' lang='lat' dir='ltr'>Fragmentum</span> 
     </span>
    </p>
   </div>
   <div class='ocr_carea' id='block_1_5' title="bbox 360 3295 2960 3397">
    <p class='ocr_par' dir='ltr' id='par_1_5' title="bbox 360 3295 2960 3397">
     <span class='ocr_line' id='line_1_30' title="bbox 360 3295 2960 3397; baseline -0.002 -32"><span class='ocrx_word' id='word_1_223' title='bbox 360 3301 662 3366; x_wconf 88' lang='lat' dir='ltr'>exhibere</span> <span class='ocrx_word' id='word_1_224' title='bbox 750 3301 1003 3384; x_wconf 87' lang='lat' dir='ltr'>quidem</span> <span class='ocrx_word' id='word_1_225' title='bbox 1082 3301 1333 3366; x_wconf 87' lang='lat' dir='ltr'>videtur</span> <span class='ocrx_word' id='word_1_226' title='bbox 1418 3300 1806 3364; x_wconf 78' lang='lat' dir='ltr'>verbotenus</span> <span class='ocrx_word' id='word_1_227' title='bbox 1891 3301 2093 3381; x_wconf 88' lang='lat' dir='ltr'>ipsam</span> <span class='ocrx_word' id='word_1_228' title='bbox 2179 3301 2668 3364; x_wconf 88' lang='lat' dir='ltr'>conventionem</span> <span class='ocrx_word' id='word_1_229' title='bbox 2735 3295 2960 3397; x_wconf 48' lang='lat' dir='ltr'>i*a¹?ssria-</span> 
     </span>
    </p>
   </div>
   <div class='ocr_carea' id='block_1_6' title="bbox 360 3453 781 3460">
    <p class='ocr_par' dir='ltr' id='par_1_6' title="bbox 360 3453 781 3460">
     <span class='ocr_line' id='line_1_31' title="bbox 360 3453 781 3460; baseline 0 0"><span class='ocrx_word' id='word_1_230' title='bbox 360 3453 781 3460; x_wconf 95' lang='lat' dir='ltr'> </span> 
     </span>
    </p>
   </div>
   <div class='ocr_carea' id='block_1_7' title="bbox 362 3525 2679 4256">
    <p class='ocr_par' dir='ltr' id='par_1_7' title="bbox 543 3525 2235 3597">
     <span class='ocr_line' id='line_1_32' title="bbox 543 3525 2235 3597; baseline -0.001 -16"><span class='ocrx_word' id='word_1_231' title='bbox 543 3528 584 3597; x_wconf 88' lang='lat'>¹)</span> <span class='ocrx_word' id='word_1_232' title='bbox 626 3528 732 3582; x_wconf 78' lang='lat' dir='ltr'>Cfr.</span> <span class='ocrx_word' id='word_1_233' title='bbox 771 3528 964 3592; x_wconf 87' lang='lat' dir='ltr'>Balan,</span> <span class='ocrx_word' id='word_1_234' title='bbox 1003 3527 1184 3581; x_wconf 88' lang='lat' dir='ltr'>Storia</span> <span class='ocrx_word' id='word_1_235' title='bbox 1222 3526 1459 3592; x_wconf 85' lang='lat' dir='ltr'>d&#39;Italia,</span> <span class='ocrx_word' id='word_1_236' title='bbox 1499 3527 1655 3580; x_wconf 92' lang='lat' dir='ltr'>Tom.</span> <span class='ocrx_word' id='word_1_237' title='bbox 1694 3525 1768 3581; x_wconf 92' lang='grc' dir='ltr'>Π.</span> <span class='ocrx_word' id='word_1_238' title='bbox 1806 3526 1868 3581; x_wconf 88' lang='lat' dir='ltr'>L.</span> <span class='ocrx_word' id='word_1_239' title='bbox 1905 3526 2054 3580; x_wconf 88' lang='lat' dir='ltr'>XIV.</span> <span class='ocrx_word' id='word_1_240' title='bbox 2094 3525 2145 3580; x_wconf 82' lang='lat' dir='ltr'>n&#39;.</span> <span class='ocrx_word' id='word_1_241' title='bbox 2187 3529 2235 3580; x_wconf 90' lang='lat'>6.</span> 
     </span>
    </p>

    <p class='ocr_par' dir='ltr' id='par_1_8' title="bbox 362 3605 2679 3977">
     <span class='ocr_line' id='line_1_33' title="bbox 541 3605 2679 3676; baseline -0.001 -16"><span class='ocrx_word' id='word_1_242' title='bbox 541 3606 585 3674; x_wconf 81' lang='lat'>²)</span> <span class='ocrx_word' id='word_1_243' title='bbox 630 3608 827 3662; x_wconf 91' lang='lat' dir='ltr'>Leonis</span> <span class='ocrx_word' id='word_1_244' title='bbox 878 3623 961 3676; x_wconf 93' lang='lat' dir='ltr'>ep.</span> <span class='ocrx_word' id='word_1_245' title='bbox 1013 3609 1059 3660; x_wconf 87' lang='lat'>1.</span> <span class='ocrx_word' id='word_1_246' title='bbox 1113 3607 1242 3661; x_wconf 84' lang='lat' dir='ltr'>Cod.</span> <span class='ocrx_word' id='word_1_247' title='bbox 1294 3606 1468 3659; x_wconf 90' lang='lat' dir='ltr'>Carol.</span> <span class='ocrx_word' id='word_1_248' title='bbox 1520 3623 1570 3672; x_wconf 89' lang='lat' dir='ltr'>p.</span> <span class='ocrx_word' id='word_1_249' title='bbox 1613 3608 1732 3658; x_wconf 88' lang='lat'>309.</span> <span class='ocrx_word' id='word_1_250' title='bbox 1783 3636 1850 3642; x_wconf 90' lang='lat'>-—</span> <span class='ocrx_word' id='word_1_251' title='bbox 1904 3605 1970 3657; x_wconf 94' lang='lat' dir='ltr'>In</span> <span class='ocrx_word' id='word_1_252' title='bbox 2017 3605 2318 3659; x_wconf 88' lang='lat' dir='ltr'>Annalibus</span> <span class='ocrx_word' id='word_1_253' title='bbox 2371 3605 2679 3674; x_wconf 86' lang='lat' dir='ltr'>Eginhardi</span> 
     </span>
     <span class='ocr_line' id='line_1_34' title="bbox 362 3684 2678 3754; baseline -0.001 -14"><span class='ocrx_word' id='word_1_254' title='bbox 362 3687 433 3740; x_wconf 88' lang='lat' dir='ltr'>ad</span> <span class='ocrx_word' id='word_1_255' title='bbox 485 3703 532 3739; x_wconf 88' lang='lat' dir='ltr'>a.</span> <span class='ocrx_word' id='word_1_256' title='bbox 579 3689 683 3739; x_wconf 87' lang='grc'>806</span> <span class='ocrx_word' id='word_1_257' title='bbox 737 3687 968 3754; x_wconf 85' lang='lat' dir='ltr'>legitur:</span> <span class='ocrx_word' id='word_1_258' title='bbox 1027 3687 1263 3754; x_wconf 88' lang='lat' dir='ltr'>„Eodem</span> <span class='ocrx_word' id='word_1_259' title='bbox 1310 3701 1451 3739; x_wconf 86' lang='lat' dir='ltr'>anno</span> <span class='ocrx_word' id='word_1_260' title='bbox 1504 3685 1561 3737; x_wconf 90' lang='lat' dir='ltr'>in</span> <span class='ocrx_word' id='word_1_261' title='bbox 1607 3684 1885 3738; x_wconf 86' lang='lat' dir='ltr'>Corsicam</span> <span class='ocrx_word' id='word_1_262' title='bbox 1931 3685 2163 3737; x_wconf 88' lang='lat' dir='ltr'>insulam</span> <span class='ocrx_word' id='word_1_263' title='bbox 2221 3690 2413 3737; x_wconf 88' lang='lat' dir='ltr'>contra</span> <span class='ocrx_word' id='word_1_264' title='bbox 2461 3685 2678 3737; x_wconf 86' lang='lat' dir='ltr'>Mauros</span> 
     </span>
     <span class='ocr_line' id='line_1_35' title="bbox 364 3763 2678 3833; baseline -0.002 -14"><span class='ocrx_word' id='word_1_265' title='bbox 364 3766 459 3833; x_wconf 90' lang='lat' dir='ltr'>qui</span> <span class='ocrx_word' id='word_1_266' title='bbox 496 3781 615 3819; x_wconf 88' lang='lat' dir='ltr'>eam</span> <span class='ocrx_word' id='word_1_267' title='bbox 655 3766 969 3832; x_wconf 85' lang='lat' dir='ltr'>vastabant,</span> <span class='ocrx_word' id='word_1_268' title='bbox 1009 3766 1196 3819; x_wconf 88' lang='lat' dir='ltr'>classis</span> <span class='ocrx_word' id='word_1_269' title='bbox 1233 3766 1299 3819; x_wconf 87' lang='lat' dir='ltr'>de</span> <span class='ocrx_word' id='word_1_270' title='bbox 1332 3764 1501 3818; x_wconf 87' lang='lat' dir='ltr'>Italia</span> <span class='ocrx_word' id='word_1_271' title='bbox 1538 3781 1571 3817; x_wconf 89' lang='lat' dir='ltr'>a</span> <span class='ocrx_word' id='word_1_272' title='bbox 1606 3763 1805 3830; x_wconf 90' lang='lat' dir='ltr'>Pipino</span> <span class='ocrx_word' id='word_1_273' title='bbox 1842 3763 2010 3816; x_wconf 90' lang='lat' dir='ltr'>missa</span> <span class='ocrx_word' id='word_1_274' title='bbox 2049 3770 2151 3829; x_wconf 88' lang='lat' dir='ltr'>est,</span> <span class='ocrx_word' id='word_1_275' title='bbox 2192 3764 2344 3829; x_wconf 82' lang='lat' dir='ltr'>cujus</span> <span class='ocrx_word' id='word_1_276' title='bbox 2384 3763 2678 3817; x_wconf 88' lang='lat' dir='ltr'>adventum</span> 
     </span>
     <span class='ocr_line' id='line_1_36' title="bbox 365 3841 2678 3911; baseline -0.001 -14"><span class='ocrx_word' id='word_1_277' title='bbox 365 3844 544 3898; x_wconf 88' lang='lat' dir='ltr'>Mauri</span> <span class='ocrx_word' id='word_1_278' title='bbox 594 3859 702 3898; x_wconf 90' lang='lat' dir='ltr'>non</span> <span class='ocrx_word' id='word_1_279' title='bbox 751 3850 1137 3911; x_wconf 83' lang='lat' dir='ltr'>exspectantes</span> <span class='ocrx_word' id='word_1_280' title='bbox 1186 3841 1613 3899; x_wconf 83' lang='lat' dir='ltr'>abscesserunt.“</span> <span class='ocrx_word' id='word_1_281' title='bbox 1693 3842 1779 3894; x_wconf 89' lang='lat' dir='ltr'>Ex</span> <span class='ocrx_word' id='word_1_282' title='bbox 1830 3841 1915 3894; x_wconf 84' lang='lat' dir='ltr'>his</span> <span class='ocrx_word' id='word_1_283' title='bbox 1967 3841 2274 3908; x_wconf 87' lang='lat' dir='ltr'>colligitur,</span> <span class='ocrx_word' id='word_1_284' title='bbox 2326 3857 2389 3895; x_wconf 91' lang='grc' dir='ltr'>6ο</span> <span class='ocrx_word' id='word_1_285' title='bbox 2435 3846 2678 3909; x_wconf 89' lang='lat' dir='ltr'>tempore</span> 
     </span>
     <span class='ocr_line' id='line_1_37' title="bbox 363 3921 1626 3977; baseline -0.002 -1"><span class='ocrx_word' id='word_1_286' title='bbox 363 3922 640 3976; x_wconf 83' lang='lat' dir='ltr'>Corsicam</span> <span class='ocrx_word' id='word_1_287' title='bbox 680 3923 778 3976; x_wconf 91' lang='lat' dir='ltr'>sub</span> <span class='ocrx_word' id='word_1_288' title='bbox 817 3923 998 3977; x_wconf 87' lang='lat' dir='ltr'>Caroli</span> <span class='ocrx_word' id='word_1_289' title='bbox 1033 3922 1402 3976; x_wconf 85' lang='lat' dir='ltr'>dominatione</span> <span class='ocrx_word' id='word_1_290' title='bbox 1438 3921 1626 3975; x_wconf 86' lang='lat' dir='ltr'>fuisse</span> 
     </span>
    </p>

    <p class='ocr_par' dir='ltr' id='par_1_9' title="bbox 362 3998 2678 4228">
     <span class='ocr_line' id='line_1_38' title="bbox 543 3998 2676 4071; baseline -0.001 -17"><span class='ocrx_word' id='word_1_291' title='bbox 543 4000 585 4069; x_wconf 80' lang='lat'>⁸)</span> <span class='ocrx_word' id='word_1_292' title='bbox 633 4002 803 4055; x_wconf 86' lang='lat' dir='ltr'>Plura</span> <span class='ocrx_word' id='word_1_293' title='bbox 845 4002 975 4057; x_wconf 87' lang='lat' dir='ltr'>vide</span> <span class='ocrx_word' id='word_1_294' title='bbox 1025 4019 1112 4071; x_wconf 88' lang='lat' dir='ltr'>ap.</span> <span class='ocrx_word' id='word_1_295' title='bbox 1162 4001 1420 4066; x_wconf 74' lang='lat' dir='ltr'>NiehucS,</span> <span class='ocrx_word' id='word_1_296' title='bbox 1481 4000 1884 4067; x_wconf 84' lang='lat' dir='ltr'>Schenkungen</span> <span class='ocrx_word' id='word_1_297' title='bbox 1934 4000 2029 4053; x_wconf 83' lang='lat' dir='ltr'>der</span> <span class='ocrx_word' id='word_1_298' title='bbox 2078 3998 2416 4067; x_wconf 87' lang='lat' dir='ltr'>Karolinger</span> <span class='ocrx_word' id='word_1_299' title='bbox 2464 4016 2534 4052; x_wconf 89' lang='lat' dir='ltr'>an</span> <span class='ocrx_word' id='word_1_300' title='bbox 2588 3999 2676 4052; x_wconf 90' lang='lat' dir='ltr'>die</span> 
     </span>
     <span class='ocr_line' id='line_1_39' title="bbox 362 4076 2678 4174; baseline -0.001 -40"><span class='ocrx_word' id='word_1_301' title='bbox 362 4081 600 4149; x_wconf 80' lang='lat' dir='ltr'>Papste‚</span> <span class='ocrx_word' id='word_1_302' title='bbox 645 4081 852 4135; x_wconf 87' lang='lat' dir='ltr'>Histor.</span> <span class='ocrx_word' id='word_1_303' title='bbox 892 4081 1170 4135; x_wconf 88' lang='lat' dir='ltr'>Jahrbuch</span> <span class='ocrx_word' id='word_1_304' title='bbox 1220 4080 1705 4143; x_wconf 82' lang='lat' dir='ltr'>1881‚11.1.et</span> <span class='ocrx_word' id='word_1_305' title='bbox 1741 4082 1798 4145; x_wconf 89' lang='grc'>2;</span> <span class='ocrx_word' id='word_1_306' title='bbox 1848 4086 1905 4133; x_wconf 91' lang='lat' dir='ltr'>et</span> <span class='ocrx_word' id='word_1_307' title='bbox 1951 4076 2182 4146; x_wconf 82' lang='lat' dir='ltr'>Hu‘ffcr,</span> <span class='ocrx_word' id='word_1_308' title='bbox 2233 4077 2534 4132; x_wconf 87' lang='lat' dir='ltr'>Aechtheit</span> <span class='ocrx_word' id='word_1_309' title='bbox 2581 4078 2678 4174; x_wconf 83' lang='lat' dir='ltr'>der</span> 
     </span>
     <span class='ocr_line' id='line_1_40' title="bbox 363 4160 1680 4256; baseline -0.002 -42"><span class='ocrx_word' id='word_1_310' title='bbox 363 4160 694 4228; x_wconf 86' lang='lat' dir='ltr'>Schenkung</span> <span class='ocrx_word' id='word_1_311' title='bbox 729 4175 839 4213; x_wconf 90' lang='lat' dir='ltr'>von</span> <span class='ocrx_word' id='word_1_312' title='bbox 877 4163 995 4224; x_wconf 90' lang='lat'>774,</span> <span class='ocrx_word' id='word_1_313' title='bbox 1033 4160 1233 4256; x_wconf 80' lang='lat' dir='ltr'>ibidem</span> <span class='ocrx_word' id='word_1_314' title='bbox 1270 4160 1344 4213; x_wconf 91' lang='grc' dir='ltr'>ΙΙ.</span> <span class='ocrx_word' id='word_1_315' title='bbox 1384 4162 1434 4213; x_wconf 91' lang='grc'>2.</span> <span class='ocrx_word' id='word_1_316' title='bbox 1470 4176 1520 4227; x_wconf 87' lang='lat' dir='ltr'>p.</span> <span class='ocrx_word' id='word_1_317' title='bbox 1560 4161 1680 4211; x_wconf 81' lang='grc'><strong>242.</strong></span> 
     </span>
    </p>
   </div>
  </div>
 </body>
</html>
