3270 5028
1114 449 1198 503 De
1234 448 1585 503 institutione
1622 446 1859 514 Imperii.
2543 449 2641 502 181

329 611 578 654 cessum
636 612 693 656 a.
749 591 878 654 453
940 589 1360 655 Constantius
1415 591 1588 653 solus
1657 590 1952 654 universo
2013 588 2290 673 Imperio
2343 589 2640 673 praefuit.

335 685 716 750 Constantio
780 687 1112 764 Julianus,
1179 687 1486 751 Jovianus
1547 685 1813 750 Juliano
1875 686 2198 750 successit.
2308 686 2433 750 Sed
2496 689 2646 770 post

335 785 585 849 obitum
634 784 903 850 'Joviani
951 782 1475 859 ValentinianuS,
1535 783 1648 866 qui
1702 782 1978 846 Joviano
2033 788 2451 860 successerat,
2514 782 2642 847 Im-

331 883 510 964 perio
561 879 925 946 Occidentis
986 885 1355 958 contentuS,
1420 878 1732 945 orientale
1797 879 2144 962 Imperium
2192 878 2459 950 Valenti
2521 880 2644 943 fra-

329 978 417 1042 tri
484 977 783 1042 attribuit
857 999 912 1040 a.
989 975 1068 1040 D.
1140 977 1298 1052 378,
1377 981 1572 1059 atque
1650 997 1727 1039 ex
1795 997 1868 1039 eo
1934 981 2220 1059 tempore
2294 999 2495 1060 usque
2564 975 2643 1039 ad

331 1095 580 1138 annum
644 1072 907 1138 Domini
972 1074 1135 1150 476,
1209 1072 1275 1136 id
1336 1078 1434 1136 est
1486 1094 1698 1156 usque
1761 1072 1840 1135 ad
1902 1074 2370 1157 Augustulum,
2433 1072 2643 1156 Impe-

330 1174 578 1234 ratores
647 1170 879 1235 diversi
963 1171 1235 1234 divisum
1304 1169 1652 1252 Imperium
1721 1166 2149 1250 tenuerunt.¹)
2269 1168 2640 1253 Augustulo

330 1289 481 1330 vero
558 1267 639 1331 ab
716 1266 995 1332 Odoacre
1069 1266 1314 1330 Herulo
1388 1265 1682 1330 abdicare
1756 1270 2008 1343 coacto,
2093 1270 2288 1349 atque
2364 1265 2641 1349 Imperio

332 1361 696 1428 Occidentis
774 1385 811 1426 a
887 1363 1173 1427 barbaris
1250 1359 1587 1445 occupato,
1663 1363 1782 1426 soli
1855 1362 2283 1446 Imperatores
2356 1361 2642 1426 Orientis

331 1466 396 1524 et
452 1461 524 1523 in
584 1461 721 1525 solo
769 1459 1036 1524 Oriente
1100 1463 1460 1543 regnarunt
1514 1480 1718 1541 usque
1779 1458 1858 1522 ad
1902 1457 2424 1538 Justinianum.2)
2516 1458 2642 1523 Sed

324 1577 471 1619 cum
517 1557 571 1619 is
627 1578 820 1638 opera
867 1556 1165 1620 Belisarii
1221 1559 1287 1619 et
1333 1555 1595 1619 Narseti
1652 1555 2143 1620 fortissimorum
2187 1556 2416 1620 ducum
2465 1556 2641 1620 Afri-

328 1675 467 1717 cam
548 1656 611 1717 et
687 1653 947 1717 Italiam
1019 1652 1168 1716 inde
1235 1650 1544 1716 Vandalis
1617 1651 1771 1716 hinc
1844 1651 2073 1716 Gothis
2146 1654 2384 1717 exactis
2459 1675 2658 1717 recu··

328 1753 647 1834 perasset,
735 1749 998 1813 tandem
1074 1772 1130 1812 a.
1207 1747 1285 1811 D.
1360 1750 1486 1813 556
1562 1750 1800 1813 iterum
1880 1751 1962 1812 ab
2038 1771 2169 1813 uno
2242 1749 2639 1835 Imperatore

328 1845 564 1911 Oriens
626 1849 691 1909 et
753 1845 1062 1911 Occidens
1122 1846 1558 1910 administrari
1619 1849 1877 1928 coeptus
1938 1850 2050 1910 est.
2144 1845 2271 1911 Sed
2330 1870 2473 1911 cum
2522 1847 2640 1911 Im·

327 1949 586 2026 perator
662 1942 946 2007 Graecus
1025 1947 1218 2019 esset,
1297 1948 1364 2006 et
1437 1941 1698 2005 Italiam
1771 1963 1885 2026 per
1961 1943 2282 2007 Exarchos
2365 1949 2638 2029 regeret,

329 2061 448 2104 nec
508 2063 647 2105 eam
708 2041 790 2104 ab
853 2039 1268 2102 infestatione
1333 2038 1910 2122 Longobardorum
1974 2041 2142 2105 tueri
2207 2042 2344 2124 jam
2406 2048 2638 2124 posset,

325 2158 385 2202 a.
453 2137 574 2200 801
647 2138 916 2201 ineunte
986 2135 1123 2217 ipso
1189 2134 1290 2197 die
1359 2134 1612 2199 Natalis
1684 2136 1973 2214 Domini,
2051 2140 2265 2201 creato
2341 2139 2409 2202 in
2464 2137 2639 2202 Urbe

330 2232 535 2297 Roma
593 2256 763 2297 novo
822 2231 1217 2314 Imperatore
1281 2231 1509 2296 Carolo
1560 2232 1644 2297 M.
1709 2254 1860 2317 rege
1907 2232 2332 2315 Francorum,
2394 2257 2468 2300 ac
2527 2257 2642 2318 per

329 2330 447 2395 boc
524 2328 845 2393 translato
918 2325 1313 2392 Occidentali
1380 2326 1669 2409 Imperio
1740 2349 1781 2393 a
1845 2333 2164 2411 potestate
2239 2330 2640 2395 Graecorum

324 2425 416 2490 ad
473 2425 887 2490 Francorum
943 2422 1281 2503 ditionem,
1351 2425 1584 2489 iterum
1652 2426 1947 2491 Romana
2007 2427 2393 2510 Respublica
2450 2430 2641 2493 rediit

329 2525 406 2588 ad
484 2546 626 2588 eum
693 2528 932 2588 statum
1006 2524 1078 2586 in
1153 2545 1280 2605 quo
1348 2545 1488 2587 eam
1553 2523 2021 2589 Constantinus
2081 2525 2167 2589 M.
2244 2527 2638 2605 instituerat,

329 2625 395 2684 et
470 2622 540 2685 in
615 2643 743 2705 quo
811 2624 1252 2703 permanserat
1319 2642 1356 2682 a
1425 2619 1893 2686 Valentiniano
1968 2623 2219 2686 seniore
2289 2645 2488 2707 usque
2560 2623 2640 2687 ad

326 2717 784 2801 Augustulum.
913 2717 1312 2800 Quamquam
1399 2717 1558 2781 illud
1647 2719 1872 2803 negari
1941 2742 2075 2783 non
2152 2723 2390 2803 potest,
2478 2721 2638 2805 quin

325 2816 517 2897 paulo
590 2816 796 2898 major
874 2813 1133 2897 Imperii
1204 2814 1431 2878 divisio
1508 2816 1707 2880 fuerit
1784 2839 1821 2880 a
1894 2822 2182 2899 tempore
2262 2816 2473 2881 Caroli
2548 2818 2635 2882 M.

322 2932 521 2993 quam
591 2917 810 2975 antea:
876 2911 1189 2994 siquidem
1253 2933 1289 2972 a
1352 2909 1785 2976 Constantino
1854 2912 1935 2975 ad
2002 2911 2442 2997 Augustulum
2512 2916 2638 2977 etsi

322 3007 563 3071 divisae
627 3015 815 3071 erant
874 3005 1139 3090 Imperii
1199 3005 1479 3071 Romani
1539 3009 1906 3091 provinciae
1967 3009 2141 3072 inter
2200 3010 2358 3074 duos
2422 3010 2633 3093 Impe-

327 3109 598 3178 ratoreS,
662 3105 831 3188 quod
887 3105 1129 3167 attinet
1186 3104 1266 3167 ad
1325 3107 1613 3187 regimen
1670 3109 1735 3167 et
1782 3104 2439 3185 administrationem;
2500 3114 2638 3171 erat

324 3204 542 3264 tamen
604 3203 698 3265 ita
761 3221 1098 3275 commune
1148 3199 1526 3283 Imperium,
1589 3206 1663 3264 ut
1723 3201 1895 3284 leges
1953 3202 2289 3287 utriusque
2345 3203 2636 3287 Impera-

507 3460 549 3525 1)
587 3458 915 3527 Compendio
955 3466 1185 3515 eventus
1222 3460 1462 3515 referens
1499 3459 1869 3514 Bellarminus
1913 3460 2125 3514 omittit
2159 3459 2523 3515 Theodosium
2560 3463 2632 3517 M.

322 3537 523 3590 iterum
572 3538 744 3592 solum
791 3539 1026 3607 Imperio
1074 3545 1306 3607 utroque
1354 3539 1588 3606 potitum
1640 3555 1687 3592 a.
1737 3542 1856 3592 394.
1943 3539 2050 3593 Sed
2097 3540 2249 3594 brevi
2299 3548 2427 3608 post
2473 3541 2633 3596 initio

321 3617 456 3669 anni
502 3618 604 3671 395
650 3623 894 3672 mortuus
946 3623 1057 3684 est,
1109 3618 1507 3686 Imperiumque
1559 3618 1752 3673 divisit
1801 3618 1928 3671 filiis
1978 3618 2214 3673 Arcadio
2264 3625 2320 3675 et
2372 3620 2633 3676 Honorio.

323 3694 439 3749 Nec
475 3696 591 3764 ipse
626 3702 813 3751 tamen
850 3697 1118 3765 ejusmodi
1152 3698 1453 3765 partitione
1489 3696 1699 3751 unitati
1736 3698 1958 3764 Imperii
1995 3698 2259 3766 derogare
2296 3699 2490 3753 voluit.

501 3774 544 3842 ²)
580 3775 813 3830 Adverti
849 3781 1050 3843 potest,
1089 3776 1483 3830 Theodoricum
1511 3777 1751 3829 Gothum
1777 3776 2156 3831 consentiente
2183 3777 2402 3833 Zenone
2430 3779 2633 3833 bellum

318 3859 516 3908 contra
550 3854 848 3909 Odoacrem
893 3855 1217 3923 suscepisse.
1295 3855 1422 3923 Ipse
1458 3871 1492 3908 a
1523 3855 1744 3910 Zenone
1779 3856 1836 3908 in
1872 3855 2042 3909 filium
2078 3857 2371 3923 adoptatus
2407 3857 2633 3912 Consul-

318 3949 427 3999 que
476 3934 784 3988 ordinarius
833 3941 891 3988 et
937 3950 1034 3988 rex
1089 3934 1288 3988 Italiae
1337 3935 1517 3988 dictus
1567 3939 1670 3989 est.
1761 3934 2080 3989 Habebatur
2134 3941 2196 3989 ut
2248 3952 2348 3989 rex
2395 3937 2631 4003 Imperio

324 4012 625 4079 subjectuS‚
673 4018 730 4067 et
765 4019 880 4066 tum
926 4013 1042 4081 ipse
1079 4021 1194 4067 tum
1241 4029 1583 4068 successores
1631 4014 1749 4081 ejus
1796 4013 2163 4068 obedientiam
2211 4030 2268 4069 se
2306 4016 2633 4083 Imperatori

319 4091 516 4146 debere
565 4092 623 4143 in
670 4091 936 4158 epistolis
969 4093 1395 4161 profitebantur,
1449 4093 1697 4160 quamvis
1745 4108 1843 4158 pro
1894 4092 2120 4147 arbitrio
2169 4110 2361 4149 revera
2407 4095 2630 4148 Italiam

316 4170 707 4237 gubernarent.
