3270 5028
603 453 714 504 236
952 449 1104 507 XVI.
1138 449 1345 503 Causae
1382 448 1622 512 celebres
1661 456 1718 504 et
1754 449 2073 505 Decretales
2111 447 2567 503 Pseudo-Isidori.

608 592 899 674 plurimis
957 591 1506 667 attestationibuS,
1572 592 1701 655 imo
1755 591 2320 668 detestationibuS,
2386 590 2465 654 ad
2521 595 2929 674 postremum

603 692 968 772 spontanea
1029 687 1431 751 confessione
1494 710 1642 766 sua,
1718 688 2018 772 liquidius
2086 689 2484 771 agnovimus,
2589 685 2931 762 Quomodo

604 786 779 848 enim
829 786 1030 867 possit
1086 784 1494 848 matrimonio
1539 785 1850 868 copulari,
1905 807 2095 869 quam
2146 786 2339 868 juxta
2385 806 2567 848 suam
2616 782 2930 847 assertio-

609 903 754 944 nem
817 881 1018 944 frater
1082 901 1212 943 non
1277 881 1610 964 pertimuit
1674 880 2052 964 obstuprare
2109 931 2122 946 .
2178 931 2192 945 .
2245 930 2258 945 .
2322 880 2494 946 Hinc
2554 880 2683 944 alia
2745 877 2929 943 Scri-

607 982 797 1059 ptura
843 976 1026 1040 dicit:
1091 973 1221 1054 Qui
1266 979 1436 1040 tenet
1481 975 1873 1055 adulteram,
1929 975 2169 1041 stultus
2214 980 2275 1040 et
2322 975 2567 1058 impius
2616 979 2725 1039 est.
2774 1022 2789 1037 .
2830 1024 2849 1039 .
2914 1027 2930 1038 .

608 1074 780 1138 Hinc
822 1079 887 1137 et-
941 1074 1008 1137 in
1066 1073 1335 1137 concilio
1384 1075 1741 1158 Agathensi
1785 1097 1920 1157 cap.
1978 1073 2098 1139 ΙΙΙ.
2152 1075 2245 1138 ita
2301 1073 2538 1138 dictum
2596 1079 2723 1137 est:
2786 1071 2932 1151 Qui

598 1189 670 1233 se
730 1168 963 1234 incesti
999 1167 1361 1249 pollutione
1407 1169 1903 1248 commaculant,
1949 1169 2226 1250 placuit,
2274 1189 2604 1251 quousque
2647 1169 2722 1234 in
2773 1169 2931 1251 ipso

598 1266 972 1331 detestando
1033 1270 1094 1330 et
1154 1265 1382 1330 illicito
1442 1264 1664 1331 carnis
1726 1265 2143 1331 contubernio
2196 1269 2645 1348 perseverant,
2711 1286 2930 1347 usque

598 1363 691 1428 acl
733 1363 1002 1428 missam
1050 1367 1310 1428 tantum
1356 1363 1954 1428 catechumenorum
1999 1362 2073 1428 in
2120 1362 2380 1427 ecclesia
2415 1362 2926 1445 permittantur.

603 1458 769 1526 Cum
828 1459 1064 1542 quibus
1125 1459 1320 1524 etiam
1384 1480 1498 1524 nec
1568 1459 1781 1524 cibum
1848 1480 2100 1525 sumere
2167 1456 2291 1524 ulli
2355 1458 2923 1538 Christianorum,

597 1557 770 1622 sicut
818 1556 1165 1639 Apostolus
1196 1555 1434 1638 jussit,
1492 1560 1753 1638 oportet.
1796 1607 1808 1619 .
1864 1608 1877 1621 .
1925 1608 1937 1621 .
1991 1559 2191 1622 Porro
2247 1557 2452 1622 eidem
2508 1559 2777 1641 principi
2841 1580 2925 1622 ac

598 1656 840 1718 seniori
887 1658 1106 1718 nostro
1149 1654 1456 1718 Lothario
1503 1660 1648 1737 post
1695 1674 2071 1718 excessuum
2118 1655 2577 1738 cognitionem,
2632 1658 2699 1718 et
2740 1677 2923 1718 erro-

599 1775 746 1816 rum
791 1774 1049 1816 suorum
1096 1751 1587 1815 convenientem
1635 1752 1798 1815 mira
1843 1751 2190 1814 afflictione
2237 1750 2665 1834 punitionem,
2705 1752 2923 1829 scien-

598 1854 701 1912 tes
739 1851 933 1932 juxta
989 1847 1267 1933 ejusdem
1330 1848 1788 1931 professionem
1840 1849 2033 1912 aliam
2086 1848 2295 1932 legem
2352 1849 2419 1910 in
2466 1847 2765 1910 membris
2813 1871 2921 1912 re·

603 1951 999 2030 pugnantem
1043 1946 1173 2028 legi
1219 1946 1454 2009 mentis
1499 1967 1671 2020 suae,
1719 1968 1800 2008 ne
1846 1946 1915 2009 in
1959 1944 2276 2008 deteriora
2316 1943 2600 2020 labatur,
2648 1967 2920 2009 uxorem
2965 1966 2968 1967 ⁷

598 2042 859 2117 ducere,
917 2042 1083 2106 filios
1128 2063 1493 2124 procreare,
1547 2045 1768 2105 vetare
1824 2063 1956 2105 non
2004 2062 2369 2123 possumuS,
2432 2038 2686 2104 dicente
2734 2042 2915 2125 Apo-

600 2139 796 2202 stolo:
860 2136 990 2216 Qui
1033 2157 1099 2201 se
1143 2157 1275 2202 non
1321 2137 1632 2214 continet,
1689 2135 1924 2216 nubat,
1973 2139 2232 2200 tantum
2277 2135 2351 2201 in
2399 2135 2721 2214 Domino;
2782 2157 2912 2200 me-

600 2233 732 2297 lius
777 2238 870 2297 est
926 2232 1099 2298 enim
1160 2232 1428 2310 nubere,
1491 2253 1687 2314 quam
1744 2233 1874 2298 uri.
1926 2284 1941 2299 .
1993 2284 2005 2297 .
2053 2284 2066 2297 .
2162 2233 2249 2296 Et
2303 2256 2419 2298 nos
2475 2255 2626 2318 ergo
2677 2235 2914 2299 idcirco

601 2334 728 2396 ista
784 2354 917 2395 non
980 2330 1360 2395 omnimodis
1417 2329 1709 2394 inhibere
1766 2331 2104 2408 audemuS,
2173 2334 2249 2393 ut
2305 2331 2600 2413 graviora
2660 2331 2916 2395 facilius

600 2432 967 2504 caveantur,
1016 2432 1081 2490 et
1128 2428 1338 2491 omnis
1386 2426 1675 2513 indebita
1719 2428 2002 2491 causatio
2048 2427 2403 2491 sollicitiori
2449 2427 2748 2511 deinceps
2799 2449 2916 2491 cu—

296 2546 551 2587 Praesulum
600 2525 807 2589 stodia
850 2524 1230 2589 devitetur.“
1249 2520 1298 2608 1)
1351 2560 1429 2568 ——
1477 2523 1702 2607 Vides,
1757 2526 2076 2608 praesules
2135 2547 2207 2588 eo
2252 2524 2515 2589 tendere
2577 2532 2651 2587 ut
2690 2529 2914 2589 osten-

357 2619 488 2649 ⁸¹¹⁰¹·
599 2623 788 2699 dant,
848 2642 1187 2704 personam
1235 2642 1399 2705 quae
1447 2622 1761 2686 incestum
1808 2622 2192 2685 commiserit
2244 2621 2685 2704 poenitentiae
2731 2621 2913 2685 addi-

594 2719 862 2783 cendam
910 2740 1077 2794 esse,
1131 2722 1196 2781 et
1251 2718 1600 2781 inhabilem
1659 2718 1798 2781 fieri
1854 2718 1934 2781 ad
1988 2717 2249 2801 nuptias
2295 2717 2639 2796 ineundas,
2695 2720 2788 2782 ita
2830 2724 2913 2782 ut

594 2816 1079 2880 matrimonium
1110 2815 1191 2878 ab
1237 2838 1313 2878 ea
1343 2818 1749 2901 contractum
1795 2815 2146 2879 invalidum
2179 2813 2543 2877 habendum
2588 2816 2689 2879 sit.
2768 2815 2914 2890 Qua

594 2914 663 2977 in
724 2935 791 2976 re
852 2933 1184 2996 perperam
1248 2911 1762 2994 interpretantur
1829 2933 2141 2988 canonem
2209 2912 2362 2974 61¹²m
2422 2910 2672 2974 concilii
2730 2911 2909 2995 Aga-

591 3009 840 3074 thensis
900 3001 997 3092 (af
1030 3005 1209 3091 506).
1300 3007 1376 3071 In
1438 3029 1511 3072 eo
1555 2999 1737 3072 ‘enim
1795 3009 2014 3092 agitur
2067 3008 2143 3072 de
2198 3008 2467 3083 talibus,
2530 3008 2640 3090 qui
2687 3009 2906 3092 jUQ-Gffi

588 3110 746 3169 sunt
784 3106 1122 3170 connubiis
1178 3106 1588 3186 incestuosiS,
1642 3105 1933 3188 talesque
1986 3105 2257 3169 uniones
2304 3106 2495 3186 plane
2552 3104 2905 3168 dissolven-

586 3201 700 3265 da's
749 3224 883 3266 esse
947 3189 1425 3285 praescribitur3
1494 3202 1868 3265 nullatenus
1935 3206 2147 3265 autem
2214 3202 2429 3284 agitur
2486 3200 2562 3265 de
2622 3202 2725 3278 iis,
2788 3203 2902 3286 qui

586 3303 742 3363 ante
787 3299 1265 3362 matrimonium
1320 3298 1551 3361 initum
1615 3298 1855 3362 crimen
1914 3293 2428 3381 commiserint.²)
2521 3297 2722 3363 Porro
2776 3300 2906 3363 alia

591 3396 774 3478 plura
833 3396 1054 3472 effata,
1117 3397 1350 3478 quibus
1413 3394 1735 3459 connubia
1789 3394 2097 3478 quaedam
2156 3394 2657 3472 interdicuntur,
2726 3395 2898 3458 haud

590 3513 742 3556 vero
800 3494 850 3555 si
908 3492 1382 3556 concluduntur
1446 3492 1854 3556 declarantur
1913 3491 2221 3576 invalida,
2282 3511 2354 3553 eo
2401 3495 2668 3556 vertunt
2711 3513 2899 3574 prae-

585 3589 791 3664 suleS,
851 3593 923 3653 ut
969 3589 1152 3651 irrita
1208 3588 1364 3651 talia
1405 3588 1819 3652 matrimonia
1867 3610 2005 3652 esse
2054 3593 2441 3671 supponant.
2534 3586 2899 3653 Universim

584 3707 805 3749 eorum
863 3685 1341 3770 argumentatio
1398 3686 1468 3748 in
1527 3684 1699 3748 edita
1753 3687 1833 3750 ab
1891 3685 2047 3768 ipsis
2105 3682 2442 3749 Sententia
2495 3685 2688 3767 plane
2747 3707 2896 3749 con·

583 3789 765 3846 torta
810 3791 926 3847 est.
1554 3784 1561 3789 ⁴

771 3881 868 3944 18.
917 3878 1090 3943 Satis
1139 3878 1496 3942 mirandum
1545 3882 1666 3956 est,
1711 3879 1782 3942 in
1811 3877 2199 3968 quaestione
2228 3875 2416 3963 jur-is
2466 3880 2658 3943 etiam
2701 3879 2897 3944 Hinc·

524 3959 543 4046 1,
592 3999 838 4040 marum
887 3976 1314 4040 Rhemensem
1359 3976 1923 4058 archiepiscopum,
1971 3977 2179 4040 virum
2223 3976 2516 4040 doctrina
2562 3977 2896 4054 celebrem,

765 4186 806 4250 ¹)
844 4186 909 4237 V.
948 4186 1130 4238 Labbe
1157 4185 1309 4238 VIII.
1351 4184 1449 4239 col.
1491 4186 1592 4237 742
1631 4200 1744 4251 sqq.
1892 4183 1935 4252 ²)
1974 4185 2040 4239 V.
2077 4184 2259 4239 Labbe
2296 4185 2392 4238 IV.
2431 4185 2529 4239 col.
2572 4187 2722 4239 1393.
