3270 5028
689 423 793 474 370
1360 416 1537 470 XVII.
1574 417 1657 471 De
1696 416 1991 470 schismate
2026 415 2316 469 PhotianO.

371 562 573 615 EPi³t01²²
599 562 652 604 ad
867 562 969 624 62.
1043 558 1384 623 Praeterea
1450 580 1602 623 vero
1675 559 1942 623 Photius
2013 557 2273 622 nomine
2341 554 2808 638 Imperatorum
2884 553 3020 620 Mi·

407 625 627 676 Bulgaros.
686 658 927 723 chaelis
974 659 1041 720 et
1087 654 1312 719 Basilii
1360 654 1440 718 ad
1483 677 1702 740 regem
1744 653 2174 739 Bulgarorum
2219 652 2395 716 misit
2439 652 2808 735 epistolam,
2873 672 3020 734 qua

645 805 648 806 ν
689 759 1080 839 conquestus
1126 757 1244 829 est,
1282 753 1464 836 quod
1497 775 1533 816 a
1567 750 1827 817 Graecis
1875 772 2018 815 sese
2063 750 2329 814 verterit
2374 748 2452 812 ad
2495 747 2788 824 Latinos»,
2840 748 3019 811 mul-

689 860 915 935 tasque
963 851 1033 914 in
1086 850 1204 913 hos
1264 849 1554 933 congerit
1608 850 2062 913 accusationes,
2168 845 2436 910 Praeter
2494 846 2777 929 quinque
2826 865 3016 908 erro-

689 971 845 1035 rum.
881 947 1092 1030 capita
1124 945 1288 1028 quae
1335 946 1405 1009 in
1438 944 1656 1009 Photii
1706 945 2027 1026 encyclica
2057 944 2495 1018 continentur,
2543 942 2813 1023 epistola
2844 941 3018 1006 haec

689 1046 899 1110 adhuc
944 1044 1072 1108 alia
1117 1043 1520 1123 continebat,
1573 1042 1674 1105 uti
1717 1064 1795 1104 ex
1844 1040 2094 1106 Nicolai
2151 1061 2247 1123 ep.
2301 1039 2336 1101 7
2345 1039 2411 1101 0⁸
2451 1038 2526 1101 ad
2575 1037 3016 1103 Hincmarum

690 1141 1034 1225 colligitur.
1102 1136 1589 1220 Accipientibus
1618 1136 1822 1213 nobis,
1857 1137 2100 1214 scribit,
2147 1139 2208 1199 et
2230 1132 2798 1217 perscrutantibus
2829 1154 3016 1198 eam-

689 1237 830 1302 dem
876 1256 1021 1301 cum
1067 1234 1220 1300 aliis
1263 1233 1525 1316 scriptis
1572 1233 1937 1317 epistolam,
1994 1252 2154 1311 non,
2211 1230 2381 1296 hanc
2436 1251 2621 1313 saepe
2660 1230 3018 1295 memorati

678 1331 1017 1416 principes
1075 1330 1419 1409 dictantes,
1480 1329 1616 1395 nisi
1670 1330 1746 1396 in
1806 1330 1953 1396 lacu
2012 1327 2447 1411 blasphemiae
2507 1326 2780 1393 tinxisse
2826 1325 3016 1392 cala-

689 1450 901 1507 mum,
960 1433 1021 1492 et
1067 1428 1202 1492 luto
1248 1428 1494 1492 erroris
1538 1427 1648 1492 usi
1692 1448 1820 1510 pro
1868 1429 2234 1492 atramento
2286 1423 2494 1507 fuisse
2529 1423 2769 1507 procul
2803 1423 3016 1489 dubio

680 1530 971 1609 patuere.
1080 1525 1443 1591 Recensens
1505 1526 1654 1590 dein
1720 1525 1926 1589 varias
1991 1525 2437 1590 accusationes!
2490 1544 2648 1607 quas
2711 1522 3031 1605 superius¹

679 1627 817 1708 jam
849 1624 1358 1706 memoravimuS,
1407 1623 1604 1688 etiam
1638 1621 1794 1686 haec
1840 1621 2047 1685 addit:
2095 1619 2499 1685 Insimulare
2527 1622 2798 1697 tentant,
2845 1639 3013 1699 quo-

688 1715 872 1784 niam
908 1717 1318 1801 presbyteros
1363 1717 1711 1782 chrismate
1759 1716 1955 1782 linire
2002 1716 2479 1799 baptizatorum
2532 1716 2782 1798 frontes
2823 1713 3012 1779 inhi-

692 1815 934 1894 bemus,
990 1815 1159 1896 quod
1224 1820 1439 1880 tamen
1496 1814 1779 1880 chrisma
1834 1835 1952 1879 nos
1996 1835 2078 1878 ex
2123 1834 2295 1895 aqua
2346 1812 2645 1893 fluminis
2698 1812 3014 1892 conficere

687 1911 1019 1995 fallaciter
1056 1911 1478 2000 arbitrantur
1509 1962 1521 1975 .
1557 1963 1569 1976 .
1607 1963 1619 1975 .
1652 1966 1665 1979 .
1696 1910 2138 1991 Mentiuntur,
2186 1931 2325 1981 nos,
2348 1930 2594 1993 aynum
2639 1909 2713 1975 in
2743 1908 3011 1974 Pascha

689 2003 1311 2088 m'o‘re'Ju'daeorum
1355 2029 1551 2091 super
1596 2010 1806 2073 altare
1843 2007 2105 2090 pariter
2152 2025 2298 2072 cum
2345 2005 2692 2071 Dominico
2739 2026 3013 2088 corpore
3094 2091 3101 2098 .

690 2105 1049 2171 benedicere
1103 2110 1164 2169 et
1222 2104 1468 2187 offerre.
1579 2104 1755 2185 Quin
1805 2110 1869 2168 et
1934 2102 2395 2186 reprehendere
2440 2106 2780 2186 satagunt,
2843 2101 3011 2184 quia

678 2223 878 2294 penes
921 2223 1040 2267 nos
1102 2201 1318 2267 clerici
1362 2201 1596 2269 barbas
1662 2201 1893 2267 radere
1945 2220 2103 2265 suas
2163 2220 2295 2264 non
2341 2199 2671 2279 abnuunt,
2736 2202 2797 2264 et
2842 2198 3008 2280 quia
3104 2219 3129 2242 κ

688 2297 1001 2364 diaconus
1046 2319 1179 2363 non
1223 2302 1511 2381 suscepto
1561 2298 2054 2382 presbyteratus
2120 2296 2330 2379 officio
2388 2296 2567 2379 apud
2608 2317 2727 2361 nos
2765 2296 3004 2379 episco-

678 2415 811 2477 pus
856 2394 1277 2477 ordinatur.¹)
1356 2396 1481 2460 Sed
1529 2400 1595 2460 et
1641 2399 1988 2481 primatum
2031 2396 2356 2460 Ecclesiae
2390 2395 2721 2460 Romanae
2767 2395 3006 2459 directe

688 2493 758 2557 in
822 2516 898 2557 ea
957 2494 1228 2577 epistola
1291 2493 1487 2558 fuisse
1552 2494 1946 2579 impetitum,
2013 2494 2340 2581 colligitur
2402 2516 2479 2557 ex
2541 2493 2687 2557 istis
2750 2490 3006 2557 Nicolai

690 2589 926 2653 verbis:
995 2587 1122 2653 Sed
1167 2589 1325 2670 quid
1360 2589 1633 2669 mirum,
1673 2584 1741 2654 'si
1787 2589 1902 2654 hoc
1947 2589 2063 2654 isti
2098 2589 2567 2671 praetendunt,
2616 2609 2759 2654 cum
2805 2587 3005 2652 etiam

684 2684 1055 2768 ylorientur
1100 2689 1293 2767 atque
1327 2686 1744 2768 perhibeant,
1808 2686 2066 2768 quando
2113 2686 2188 2750 de
2233 2685 2538 2750 Romana
2584 2685 2742 2750 urbe
2787 2684 3004 2767 Impe-

688 2786 941 2846 ratores
991 2780 1619 2865 Constantinopolim
1677 2786 1834 2849 sunt
1899 2782 2237 2861 translati,
2306 2786 2460 2848 tunc
2519 2787 2581 2846 et
2635 2781 3006 2865 primatum

549 2864 615 2929 W
692 2878 1034 2944 Romanae
1080 2878 1267 2943 Sedis
1307 2880 1393 2943 ad
1428 2877 1764 2951 CPtanam
1814 2878 2140 2944 ecclesiam
2187 2878 2708 2961 transmigrasse,
2755 2883 2815 2943 et
2858 2898 3006 2943 cum

566 2928 601 3013 f
692 2974 1127 3058 dignitatibus
1171 2974 1371 3058 reqiis
1416 2975 1614 3040 etiam
1662 2975 1955 3041 ecclesiae
1999 2975 2340 3040 Romanae
2376 2975 2732 3058 privileqia'
2785 2979 3006 3041 trans-

692 3071 828 3136 lata
880 3072 1104 3154 fuisse.
1193 3071 1308 3136 Ita
1352 3076 1427 3136 ut
1483 3072 1766 3155 ejusdem
1811 3072 2080 3138 invasor
2136 3071 2430 3137 ecclesiae
2476 3071 2755 3137 Photius
2806 3071 3008 3135 etiam

690 3167 827 3251 ipse
884 3189 949 3232 se
1009 3168 1082 3233 in
1144 3168 1407 3252 scriptis
1478 3170 1617 3234 suis
1683 3168 2235 3251 archiepiscopum
2308 3173 2502 3250 atque
2571 3168 3008 3234 universalem

575 3290 586 3296 ‘
685 3264 1140 3346 patriarcham
1201 3265 1490 3347 appellet.
1507 3263 1558 3350 ²)
1630 3303 1713 3312 —
1778 3265 1881 3330 Ita
1949 3266 2218 3330 Photius
2283 3289 2358 3329 ex
2425 3267 2602 3330 falsis
2669 3266 3007 3349 principiis

698 3362 954 3426 ultimas
1004 3363 1500 3446 consequentias
1544 3363 1984 3427 schismaticas
2032 3363 2316 3427 deduxit.

358 3529 677 3582 Expenduntur
871 3477 970 3540 63.
1019 3476 1393 3562 Antequam
1443 3478 1712 3541 ulterius
1746 3477 2229 3562 progrediamur
2276 3477 2600 3553 convenit,
2649 3482 2721 3541 ut
2767 3478 3007 3540 exami-

359 3591 671 3633 accusationes.
693 3594 922 3655 nemus
981 3573 1264 3638 breviter
1323 3573 1581 3637 modum
1643 3574 1879 3658 agendi
1937 3573 2191 3639 Nicolai
2251 3574 2462 3658 quoad
2523 3573 2867 3658 BulgaroS‚
2930 3597 3007 3639 ac

691 3668 911 3733 Photii
957 3671 1413 3735 accusationes,
1505 3670 1763 3734 Etenim
1820 3675 1958 3735 tum
2003 3670 2229 3736 Graeci
2286 3671 2669 3736 schismatici
2722 3693 2795 3734 ac
2841 3668 3003 3735 Pro-

693 3769 1043 3842 testantes‚
1091 3770 1232 3831 tum
1277 3767 1389 3831 alii
1437 3766 1697 3851 quidam
1748 3774 2072 3849 auctores,
2116 3768 2217 3832 uti
2264 3764 2594 3847 Pichler‚3)
2641 3767 2790 3831 dum
2839 3766 3002 3831 Pho-

871 3988 911 4054 ι)
949 3989 1131 4043 nabbe
1157 3989 1310 4043 vm.
1349 3993 1471 4044 470.
1510 3994 1629 4046 471.
1847 3991 1887 4060 2)
1930 3993 2139 4046 Ibidem
2180 3993 2281 4046 001.
2318 3972 2437 4046 ἴω.

869 4067 911 4135 ⁸)
949 4069 1016 4121 V.
1052 4068 1299 4136 Pichler‚
1350 4070 1681 4125 Geschichte
1720 4072 1814 4126 der
1850 4071 2193 4128 kirchlichen
2231 4073 2533 4140 Trennung
2570 4070 2843 4125 zwischen
2880 4072 3004 4125 dem

694 4148 884 4203 Orient
919 4150 1029 4202 und
1068 4149 1344 4204 Occident.
1384 4149 1447 4204 B.
1492 4150 1531 4203 Ι.
1569 4167 1620 4218 p.
1664 4154 1764 4204 192
1804 4167 1917 4219 sqq.
1958 4151 2253 4217 (Miinchen
2293 4152 2466 4211 1864).
