<?xml version="1.0" encoding="UTF-8"?>
<!DOCTYPE html PUBLIC "-//W3C//DTD XHTML 1.0 Transitional//EN"
    "http://www.w3.org/TR/xhtml1/DTD/xhtml1-transitional.dtd">
<html xmlns="http://www.w3.org/1999/xhtml" xml:lang="en" lang="en">
 <head>
  <title>
</title>
<meta http-equiv="Content-Type" content="text/html;charset=utf-8" />
  <meta name='ocr-system' content='tesseract 3.04.00' />
  <meta name='ocr-capabilities' content='ocr_page ocr_carea ocr_par ocr_line ocrx_word'/>
</head>
<body>
  <div class='ocr_page' id='page_1' title='image "./dissertationess04junggoog_0088.png"; bbox 0 0 3270 5028; ppageno 0'>
   <div class='ocr_carea' id='block_1_1' title="bbox 431 1941 3008 2049">
    <p class='ocr_par' dir='ltr' id='par_1_1' title="bbox 431 1941 3008 2049">
     <span class='ocr_line' id='line_1_1' title="bbox 431 1941 3008 2049; baseline -0 -23"><span class='ocrx_word' id='word_1_1' title='bbox 431 1941 453 1970; x_wconf 76' lang='lat'>⁸</span> <span class='ocrx_word' id='word_1_2' title='bbox 495 1941 523 1969; x_wconf 76' lang='lat'><strong><em>¹¹</em></strong></span> <span class='ocrx_word' id='word_1_3' title='bbox 556 1941 582 1970; x_wconf 89' lang='lat'>⁰</span> <span class='ocrx_word' id='word_1_4' title='bbox 603 1941 666 2049; x_wconf 47' lang='grc' dir='ltr'><strong><em>εἶ’</em></strong></span> <span class='ocrx_word' id='word_1_5' title='bbox 699 1955 1051 2023; x_wconf 86' lang='lat' dir='ltr'><strong><em>cessarium</em></strong></span> <span class='ocrx_word' id='word_1_6' title='bbox 1083 1977 1158 2022; x_wconf 90' lang='lat' dir='ltr'><strong><em>ac</em></strong></span> <span class='ocrx_word' id='word_1_7' title='bbox 1192 1956 1575 2039; x_wconf 78' lang='lat' dir='ltr'><strong><em>providente</em></strong></span> <span class='ocrx_word' id='word_1_8' title='bbox 1608 1957 1749 2023; x_wconf 88' lang='lat' dir='ltr'><strong><em>Deo</em></strong></span> <span class='ocrx_word' id='word_1_9' title='bbox 1780 1957 2123 2040; x_wconf 80' lang='lat' dir='ltr'><strong><em>manifeste</em></strong></span> <span class='ocrx_word' id='word_1_10' title='bbox 2160 1959 2543 2025; x_wconf 90' lang='lat' dir='ltr'><strong><em>institutum</em></strong></span> <span class='ocrx_word' id='word_1_11' title='bbox 2572 1960 3008 2043; x_wconf 73' lang='lat' dir='ltr'><strong><em>aqnoscimus,</em></strong></span> 
     </span>
    </p>
   </div>
   <div class='ocr_carea' id='block_1_2' title="bbox 697 1290 3005 1617">
    <p class='ocr_par' dir='ltr' id='par_1_2' title="bbox 697 1290 3005 1617">
     <span class='ocr_line' id='line_1_2' title="bbox 941 1290 2750 1438; baseline 0.001 -27"><span class='ocrx_word' id='word_1_12' title='bbox 941 1290 1657 1413; x_wconf 74' lang='lat' dir='ltr'>Dissertatio</span> <span class='ocrx_word' id='word_1_13' title='bbox 1724 1291 2206 1413; x_wconf 85' lang='lat' dir='ltr'><strong><em>decima</em></strong></span> <span class='ocrx_word' id='word_1_14' title='bbox 2275 1297 2750 1438; x_wconf 74' lang='lat' dir='ltr'><strong><em>quarta.</em></strong></span> 
     </span>
     <span class='ocr_line' id='line_1_3' title="bbox 697 1472 3005 1617; baseline -0.001 -22"><span class='ocrx_word' id='word_1_15' title='bbox 697 1514 833 1596; x_wconf 84' lang='lat' dir='ltr'><strong><em>Dc</em></strong></span> <span class='ocrx_word' id='word_1_16' title='bbox 890 1514 1194 1597; x_wconf 86' lang='lat' dir='ltr'><strong><em>civili</em></strong></span> <span class='ocrx_word' id='word_1_17' title='bbox 1241 1514 1676 1597; x_wconf 86' lang='lat' dir='ltr'><strong><em>Romani</em></strong></span> <span class='ocrx_word' id='word_1_18' title='bbox 1723 1504 2298 1598; x_wconf 80' lang='lat' dir='ltr'><strong><em>Pontificis</em></strong></span> <span class='ocrx_word' id='word_1_19' title='bbox 2348 1472 3005 1617; x_wconf 80' lang='lat' dir='ltr'><strong><em>Principatu.</em></strong></span> 
     </span>
    </p>
   </div>
   <div class='ocr_carea' id='block_1_3' title="bbox 1691 1726 2006 1734">
    <p class='ocr_par' dir='ltr' id='par_1_3' title="bbox 1691 1726 2006 1734">
     <span class='ocr_line' id='line_1_4' title="bbox 1691 1726 2006 1734; baseline 0 3294"><span class='ocrx_word' id='word_1_20' title='bbox 1691 1726 2006 1734; x_wconf 95' lang='lat' dir='ltr'><strong><em> </em></strong></span> 
     </span>
    </p>
   </div>
   <div class='ocr_carea' id='block_1_4' title="bbox 882 1860 3006 1945">
    <p class='ocr_par' dir='ltr' id='par_1_4' title="bbox 882 1860 3006 1945">
     <span class='ocr_line' id='line_1_5' title="bbox 882 1860 3006 1945; baseline 0.002 -21"><span class='ocrx_word' id='word_1_21' title='bbox 882 1865 934 1925; x_wconf 89' lang='lat'><strong><em>1.</em></strong></span> <span class='ocrx_word' id='word_1_22' title='bbox 1004 1860 1269 1926; x_wconf 84' lang='lat' dir='ltr'><strong><em>Civilem</em></strong></span> <span class='ocrx_word' id='word_1_23' title='bbox 1323 1865 1586 1926; x_wconf 88' lang='lat' dir='ltr'><strong><em>sanctae</em></strong></span> <span class='ocrx_word' id='word_1_24' title='bbox 1634 1860 1819 1926; x_wconf 77' lang='lat' dir='ltr'><strong><em>Sedis</em></strong></span> <span class='ocrx_word' id='word_1_25' title='bbox 1863 1860 2318 1945; x_wconf 77' lang='lat' dir='ltr'><strong><em>principatum</em></strong></span> <span class='ocrx_word' id='word_1_26' title='bbox 2369 1883 2483 1929; x_wconf 91' lang='lat' dir='ltr'><strong><em>ceu</em></strong></span> <span class='ocrx_word' id='word_1_27' title='bbox 2541 1863 2849 1945; x_wconf 82' lang='lat' dir='ltr'><strong><em>quiddam</em></strong></span> <span class='ocrx_word' id='word_1_28' title='bbox 2893 1884 3006 1929; x_wconf 91' lang='lat' dir='ltr'><strong><em>ne-</em></strong></span> 
     </span>
    </p>
   </div>
   <div class='ocr_carea' id='block_1_5' title="bbox 642 2052 3002 2137">
    <p class='ocr_par' dir='ltr' id='par_1_5' title="bbox 642 2052 3002 2137">
     <span class='ocr_line' id='line_1_6' title="bbox 642 2052 3002 2137; baseline 0.002 -19"><span class='ocrx_word' id='word_1_29' title='bbox 642 2116 643 2125; x_wconf 71' lang='grc'>,</span> <span class='ocrx_word' id='word_1_30' title='bbox 697 2074 811 2118; x_wconf 91' lang='lat' dir='ltr'><strong><em>nec</em></strong></span> <span class='ocrx_word' id='word_1_31' title='bbox 871 2052 1201 2118; x_wconf 83' lang='lat' dir='ltr'><strong><em>declarare</em></strong></span> <span class='ocrx_word' id='word_1_32' title='bbox 1260 2053 1665 2133; x_wconf 79' lang='lat' dir='ltr'><strong><em>dubit-amus,</em></strong></span> <span class='ocrx_word' id='word_1_33' title='bbox 1737 2053 1813 2119; x_wconf 91' lang='lat' dir='ltr'><strong><em>in</em></strong></span> <span class='ocrx_word' id='word_1_34' title='bbox 1868 2056 2207 2137; x_wconf 80' lang='lat' dir='ltr'><strong><em>praesenti</em></strong></span> <span class='ocrx_word' id='word_1_35' title='bbox 2272 2078 2495 2122; x_wconf 88' lang='lat' dir='ltr'><strong><em>rerum</em></strong></span> <span class='ocrx_word' id='word_1_36' title='bbox 2558 2056 3002 2123; x_wconf 83' lang='lat' dir='ltr'><strong><em>humanarum</em></strong></span> 
     </span>
    </p>
   </div>
   <div class='ocr_carea' id='block_1_6' title="bbox 638 2148 643 2175">
    <p class='ocr_par' dir='ltr' id='par_1_6' title="bbox 638 2148 643 2175">
     <span class='ocr_line' id='line_1_7' title="bbox 638 2148 643 2175; baseline 0 0"><span class='ocrx_word' id='word_1_37' title='bbox 638 2148 643 2175; x_wconf 60' lang='lat' dir='ltr'>J</span> 
     </span>
    </p>
   </div>
   <div class='ocr_carea' id='block_1_7' title="bbox 635 2149 3008 2237">
    <p class='ocr_par' dir='ltr' id='par_1_7' title="bbox 635 2149 3008 2237">
     <span class='ocr_line' id='line_1_8' title="bbox 635 2149 3008 2237; baseline 0.003 -24"><span class='ocrx_word' id='word_1_38' title='bbox 635 2192 641 2213; x_wconf 76' lang='grc'>,</span> <span class='ocrx_word' id='word_1_39' title='bbox 697 2154 877 2216; x_wconf 87' lang='lat' dir='ltr'><strong><em>statu</em></strong></span> <span class='ocrx_word' id='word_1_40' title='bbox 935 2150 1151 2233; x_wconf 88' lang='lat' dir='ltr'><strong><em>ipsum</em></strong></span> <span class='ocrx_word' id='word_1_41' title='bbox 1216 2149 1391 2216; x_wconf 84' lang='lat' dir='ltr'><strong><em>hunc</em></strong></span> <span class='ocrx_word' id='word_1_42' title='bbox 1446 2149 1897 2233; x_wconf 81' lang='lat' dir='ltr'><strong><em>principatum</em></strong></span> <span class='ocrx_word' id='word_1_43' title='bbox 1957 2150 2208 2218; x_wconf 88' lang='lat' dir='ltr'><strong><em>civilem</em></strong></span> <span class='ocrx_word' id='word_1_44' title='bbox 2258 2175 2386 2237; x_wconf 91' lang='lat' dir='ltr'><strong><em>pro</em></strong></span> <span class='ocrx_word' id='word_1_45' title='bbox 2449 2152 2607 2218; x_wconf 84' lang='lat' dir='ltr'><strong><em>bono</em></strong></span> <span class='ocrx_word' id='word_1_46' title='bbox 2670 2174 2745 2219; x_wconf 90' lang='lat' dir='ltr'><strong><em>ac</em></strong></span> <span class='ocrx_word' id='word_1_47' title='bbox 2803 2152 3008 2219; x_wconf 86' lang='lat' dir='ltr'><strong><em>libero</em></strong></span> 
     </span>
    </p>
   </div>
   <div class='ocr_carea' id='block_1_8' title="bbox 696 2246 3011 2337">
    <p class='ocr_par' dir='ltr' id='par_1_8' title="bbox 696 2246 3011 2337">
     <span class='ocr_line' id='line_1_9' title="bbox 696 2246 3011 2337; baseline 0.001 -25"><span class='ocrx_word' id='word_1_48' title='bbox 696 2247 1024 2313; x_wconf 81' lang='lat' dir='ltr'><strong><em>Ecclesiae</em></strong></span> <span class='ocrx_word' id='word_1_49' title='bbox 1076 2246 1529 2313; x_wconf 83' lang='lat' dir='ltr'><strong><em>animarumve</em></strong></span> <span class='ocrx_word' id='word_1_50' title='bbox 1593 2247 1907 2330; x_wconf 76' lang='lat' dir='ltr'><strong><em>reqimine</em></strong></span> <span class='ocrx_word' id='word_1_51' title='bbox 1960 2248 2222 2315; x_wconf 88' lang='lat' dir='ltr'><strong><em>omnino</em></strong></span> <span class='ocrx_word' id='word_1_52' title='bbox 2278 2249 2550 2333; x_wconf 80' lang='lat' dir='ltr'><strong><em>requiri.</em></strong></span> <span class='ocrx_word' id='word_1_53' title='bbox 2658 2249 3011 2337; x_wconf 77' lang='lat' dir='ltr'><strong><em>Oportebat</em></strong></span> 
     </span>
    </p>
   </div>
   <div class='ocr_carea' id='block_1_9' title="bbox 642 2342 3000 2430">
    <p class='ocr_par' dir='ltr' id='par_1_9' title="bbox 642 2342 3000 2430">
     <span class='ocr_line' id='line_1_10' title="bbox 642 2342 3000 2430; baseline 0.001 -22"><span class='ocrx_word' id='word_1_54' title='bbox 642 2380 645 2395; x_wconf 83' lang='lat'><em>=</em></span> <span class='ocrx_word' id='word_1_55' title='bbox 695 2364 852 2410; x_wconf 89' lang='lat' dir='ltr'><strong><em>sane</em></strong></span> <span class='ocrx_word' id='word_1_56' title='bbox 892 2344 1092 2409; x_wconf 89' lang='lat' dir='ltr'><strong><em>totius</em></strong></span> <span class='ocrx_word' id='word_1_57' title='bbox 1123 2343 1451 2410; x_wconf 82' lang='lat' dir='ltr'><strong><em>Ecclesiae</em></strong></span> <span class='ocrx_word' id='word_1_58' title='bbox 1485 2342 1715 2426; x_wconf 81' lang='lat' dir='ltr'><strong><em>Caput,</em></strong></span> <span class='ocrx_word' id='word_1_59' title='bbox 1764 2344 2141 2411; x_wconf 86' lang='lat' dir='ltr'><strong><em>Romanum</em></strong></span> <span class='ocrx_word' id='word_1_60' title='bbox 2172 2346 2568 2428; x_wconf 81' lang='lat' dir='ltr'><strong><em>Pontificem,</em></strong></span> <span class='ocrx_word' id='word_1_61' title='bbox 2613 2346 2785 2412; x_wconf 91' lang='lat' dir='ltr'><strong><em>nulli</em></strong></span> <span class='ocrx_word' id='word_1_62' title='bbox 2806 2346 3000 2430; x_wconf 88' lang='lat' dir='ltr'><strong><em>prin-</em></strong></span> 
     </span>
    </p>
   </div>
   <div class='ocr_carea' id='block_1_10' title="bbox 640 2418 643 2453">
    <p class='ocr_par' dir='ltr' id='par_1_10' title="bbox 640 2418 643 2453">
     <span class='ocr_line' id='line_1_11' title="bbox 640 2418 643 2453; baseline 0 0"><span class='ocrx_word' id='word_1_63' title='bbox 640 2418 643 2453; x_wconf 56' lang='lat' dir='ltr'><em>A</em></span> 
     </span>
    </p>
   </div>
   <div class='ocr_carea' id='block_1_11' title="bbox 644 2535 649 2630">
    <p class='ocr_par' dir='ltr' id='par_1_11' title="bbox 644 2535 649 2630">
     <span class='ocr_line' id='line_1_12' title="bbox 644 2535 647 2576; baseline 0 0"><span class='ocrx_word' id='word_1_64' title='bbox 644 2535 647 2576; x_wconf 75' lang='lat'>1</span> 
     </span>
     <span class='ocr_line' id='line_1_13' title="bbox 644 2591 649 2604; baseline 0 0"><span class='ocrx_word' id='word_1_65' title='bbox 644 2591 649 2604; x_wconf 79' lang='grc' dir='ltr'>ι</span> 
     </span>
     <span class='ocr_line' id='line_1_14' title="bbox 646 2613 649 2630; baseline 0 0"><span class='ocrx_word' id='word_1_66' title='bbox 646 2613 649 2630; x_wconf 73' lang='grc' dir='ltr'><strong>Γ</strong></span> 
     </span>
    </p>
   </div>
   <div class='ocr_carea' id='block_1_12' title="bbox 644 2649 649 2666">
    <p class='ocr_par' dir='ltr' id='par_1_12' title="bbox 644 2649 649 2666">
     <span class='ocr_line' id='line_1_15' title="bbox 644 2649 649 2666; baseline 0 0"><span class='ocrx_word' id='word_1_67' title='bbox 644 2649 649 2666; x_wconf 91' lang='grc' dir='ltr'>Ι</span> 
     </span>
    </p>
   </div>
   <div class='ocr_carea' id='block_1_13' title="bbox 642 2439 3010 2527">
    <p class='ocr_par' dir='ltr' id='par_1_13' title="bbox 642 2439 3010 2527">
     <span class='ocr_line' id='line_1_16' title="bbox 642 2439 3010 2527; baseline 0.003 -27"><span class='ocrx_word' id='word_1_68' title='bbox 642 2466 646 2499; x_wconf 86' lang='grc' dir='ltr'>ι</span> <span class='ocrx_word' id='word_1_69' title='bbox 695 2439 826 2524; x_wconf 89' lang='lat' dir='ltr'><strong><em>cipi</em></strong></span> <span class='ocrx_word' id='word_1_70' title='bbox 886 2462 1018 2506; x_wconf 85' lang='lat' dir='ltr'><strong><em>esse</em></strong></span> <span class='ocrx_word' id='word_1_71' title='bbox 1076 2440 1463 2525; x_wconf 77' lang='lat' dir='ltr'><strong><em>subjectum,</em></strong></span> <span class='ocrx_word' id='word_1_72' title='bbox 1526 2440 1657 2505; x_wconf 90' lang='lat' dir='ltr'><strong><em>imo</em></strong></span> <span class='ocrx_word' id='word_1_73' title='bbox 1718 2439 1970 2507; x_wconf 88' lang='lat' dir='ltr'><strong><em>nullius</em></strong></span> <span class='ocrx_word' id='word_1_74' title='bbox 2032 2441 2346 2525; x_wconf 83' lang='lat' dir='ltr'><strong><em>hospitem</em></strong></span> <span class='ocrx_word' id='word_1_75' title='bbox 2356 2462 2382 2524; x_wconf 84' lang='lat'><em>;</em></span> <span class='ocrx_word' id='word_1_76' title='bbox 2441 2443 2551 2508; x_wconf 85' lang='lat' dir='ltr'><strong><em>sed</em></strong></span> <span class='ocrx_word' id='word_1_77' title='bbox 2604 2441 2678 2509; x_wconf 91' lang='lat' dir='ltr'><strong><em>in</em></strong></span> <span class='ocrx_word' id='word_1_78' title='bbox 2728 2442 3010 2527; x_wconf 88' lang='lat' dir='ltr'><strong><em>proprio</em></strong></span> 
     </span>
    </p>
   </div>
   <div class='ocr_carea' id='block_1_14' title="bbox 644 2506 649 2524">
    <p class='ocr_par' dir='ltr' id='par_1_14' title="bbox 644 2506 649 2524">
     <span class='ocr_line' id='line_1_17' title="bbox 644 2506 649 2524; baseline 0 0"><span class='ocrx_word' id='word_1_79' title='bbox 644 2506 649 2524; x_wconf 62' lang='grc' dir='ltr'><strong>ί</strong></span> 
     </span>
    </p>
   </div>
   <div class='ocr_carea' id='block_1_15' title="bbox 678 2538 3006 3977">
    <p class='ocr_par' dir='ltr' id='par_1_15' title="bbox 678 2538 3006 3683">
     <span class='ocr_line' id='line_1_18' title="bbox 694 2538 3006 2623; baseline 0.001 -20"><span class='ocrx_word' id='word_1_80' title='bbox 694 2538 980 2605; x_wconf 81' lang='lat' dir='ltr'><strong><em>dominio</em></strong></span> <span class='ocrx_word' id='word_1_81' title='bbox 1045 2559 1122 2605; x_wconf 88' lang='lat' dir='ltr'><strong><em>ac</em></strong></span> <span class='ocrx_word' id='word_1_82' title='bbox 1176 2559 1376 2622; x_wconf 76' lang='lat' dir='ltr'><strong><em>reqno</em></strong></span> <span class='ocrx_word' id='word_1_83' title='bbox 1428 2538 1746 2603; x_wconf 84' lang='lat' dir='ltr'><strong><em>sedentem</em></strong></span> <span class='ocrx_word' id='word_1_84' title='bbox 1801 2538 2037 2603; x_wconf 88' lang='lat' dir='ltr'><strong><em>suimet</em></strong></span> <span class='ocrx_word' id='word_1_85' title='bbox 2081 2540 2270 2623; x_wconf 82' lang='lat' dir='ltr'><strong><em>juris</em></strong></span> <span class='ocrx_word' id='word_1_86' title='bbox 2321 2562 2482 2621; x_wconf 87' lang='lat' dir='ltr'><strong><em>esse,</em></strong></span> <span class='ocrx_word' id='word_1_87' title='bbox 2544 2544 2605 2605; x_wconf 92' lang='lat' dir='ltr'><strong><em>et</em></strong></span> <span class='ocrx_word' id='word_1_88' title='bbox 2665 2540 3006 2621; x_wconf 78' lang='lat' dir='ltr'><strong><em>immobili,</em></strong></span> 
     </span>
     <span class='ocr_line' id='line_1_19' title="bbox 695 2633 2998 2720; baseline 0.001 -21"><span class='ocrx_word' id='word_1_89' title='bbox 695 2635 1060 2718; x_wconf 88' lang='lat' dir='ltr'><strong><em>tranquilla</em></strong></span> <span class='ocrx_word' id='word_1_90' title='bbox 1119 2639 1180 2700; x_wconf 92' lang='lat' dir='ltr'><strong><em>et</em></strong></span> <span class='ocrx_word' id='word_1_91' title='bbox 1236 2635 1412 2701; x_wconf 90' lang='lat' dir='ltr'><strong><em>alma</em></strong></span> <span class='ocrx_word' id='word_1_92' title='bbox 1468 2633 1764 2700; x_wconf 84' lang='lat' dir='ltr'><strong><em>libertate</em></strong></span> <span class='ocrx_word' id='word_1_93' title='bbox 1818 2635 2198 2701; x_wconf 82' lang='lat' dir='ltr'><strong><em>catholicam</em></strong></span> <span class='ocrx_word' id='word_1_94' title='bbox 2248 2636 2439 2717; x_wconf 78' lang='lat' dir='ltr'><strong><em>fidem</em></strong></span> <span class='ocrx_word' id='word_1_95' title='bbox 2497 2638 2670 2704; x_wconf 88' lang='lat' dir='ltr'><strong><em>tueri</em></strong></span> <span class='ocrx_word' id='word_1_96' title='bbox 2727 2658 2802 2703; x_wconf 91' lang='lat' dir='ltr'><strong><em>ac</em></strong></span> <span class='ocrx_word' id='word_1_97' title='bbox 2850 2658 2998 2720; x_wconf 90' lang='lat' dir='ltr'><strong><em>pro-</em></strong></span> 
     </span>
     <span class='ocr_line' id='line_1_20' title="bbox 683 2731 3000 2816; baseline 0 -18"><span class='ocrx_word' id='word_1_98' title='bbox 683 2753 990 2816; x_wconf 76' lang='lat' dir='ltr'><strong><em>puqnare</em></strong></span> <span class='ocrx_word' id='word_1_99' title='bbox 1004 2782 1022 2813; x_wconf 91' lang='lat'><strong><em>,</em></strong></span> <span class='ocrx_word' id='word_1_100' title='bbox 1088 2736 1413 2815; x_wconf 90' lang='lat' dir='ltr'><strong><em>totamque</em></strong></span> <span class='ocrx_word' id='word_1_101' title='bbox 1474 2752 1695 2815; x_wconf 77' lang='lat' dir='ltr'><strong><em>reqere</em></strong></span> <span class='ocrx_word' id='word_1_102' title='bbox 1756 2752 1832 2797; x_wconf 89' lang='lat' dir='ltr'><strong><em>ac</em></strong></span> <span class='ocrx_word' id='word_1_103' title='bbox 1884 2731 2253 2815; x_wconf 74' lang='lat' dir='ltr'><strong><em>qubernare</em></strong></span> <span class='ocrx_word' id='word_1_104' title='bbox 2315 2734 2747 2801; x_wconf 80' lang='lat' dir='ltr'><strong><em>christianam</em></strong></span> <span class='ocrx_word' id='word_1_105' title='bbox 2803 2734 3000 2799; x_wconf 87' lang='lat' dir='ltr'><strong><em>Rem-</em></strong></span> 
     </span>
     <span class='ocr_line' id='line_1_21' title="bbox 681 2828 2999 2916; baseline 0 -22"><span class='ocrx_word' id='word_1_106' title='bbox 681 2828 1034 2913; x_wconf 84' lang='lat' dir='ltr'><strong><em>publicam.</em></strong></span> <span class='ocrx_word' id='word_1_107' title='bbox 1154 2829 1274 2894; x_wconf 90' lang='lat' dir='ltr'><strong><em>His</em></strong></span> <span class='ocrx_word' id='word_1_108' title='bbox 1339 2830 1607 2913; x_wconf 84' lang='lat' dir='ltr'><strong><em>aliisque</em></strong></span> <span class='ocrx_word' id='word_1_109' title='bbox 1670 2830 2062 2895; x_wconf 83' lang='lat' dir='ltr'><strong><em>solemnibus</em></strong></span> <span class='ocrx_word' id='word_1_110' title='bbox 2129 2831 2340 2895; x_wconf 80' lang='lat' dir='ltr'><strong><em>verbis</em></strong></span> <span class='ocrx_word' id='word_1_111' title='bbox 2405 2833 2681 2916; x_wconf 84' lang='lat' dir='ltr'><strong><em>episcopi</em></strong></span> <span class='ocrx_word' id='word_1_112' title='bbox 2743 2832 2999 2915; x_wconf 85' lang='lat' dir='ltr'><strong><em>plurimi</em></strong></span> 
     </span>
     <span class='ocr_line' id='line_1_22' title="bbox 691 2923 2997 3011; baseline 0 -21"><span class='ocrx_word' id='word_1_113' title='bbox 691 2951 745 2991; x_wconf 90' lang='lat' dir='ltr'><strong><em>a.</em></strong></span> <span class='ocrx_word' id='word_1_114' title='bbox 801 2929 990 3004; x_wconf 84' lang='lat'>1862,</span> <span class='ocrx_word' id='word_1_115' title='bbox 1036 2949 1234 3011; x_wconf 89' lang='lat' dir='ltr'><strong><em>quum</em></strong></span> <span class='ocrx_word' id='word_1_116' title='bbox 1285 2926 1527 2991; x_wconf 82' lang='lat' dir='ltr'><strong><em>Romae</em></strong></span> <span class='ocrx_word' id='word_1_117' title='bbox 1571 2926 1643 2990; x_wconf 89' lang='lat' dir='ltr'><strong><em>in</em></strong></span> <span class='ocrx_word' id='word_1_118' title='bbox 1688 2926 2177 2991; x_wconf 77' lang='lat' dir='ltr'><strong><em>canonizatione</em></strong></span> <span class='ocrx_word' id='word_1_119' title='bbox 2226 2923 2593 2992; x_wconf 72' lang='lat' dir='ltr'><strong><em>sanctorum</em></strong></span> <span class='ocrx_word' id='word_1_120' title='bbox 2637 2928 2997 3011; x_wconf 72' lang='lat' dir='ltr'><strong><em>Martyrum</em></strong></span> 
     </span>
     <span class='ocr_line' id='line_1_23' title="bbox 688 3023 2998 3109; baseline -0.001 -20"><span class='ocrx_word' id='word_1_121' title='bbox 688 3025 1156 3109; x_wconf 85' lang='lat' dir='ltr'><strong><em>Japonensium</em></strong></span> <span class='ocrx_word' id='word_1_122' title='bbox 1225 3024 1602 3108; x_wconf 59' lang='lat' dir='ltr'><strong><em>congregati</em></strong></span> <span class='ocrx_word' id='word_1_123' title='bbox 1668 3027 1913 3099; x_wconf 75' lang='lat' dir='ltr'><strong><em>essent,</em></strong></span> <span class='ocrx_word' id='word_1_124' title='bbox 1991 3046 2172 3088; x_wconf 85' lang='lat' dir='ltr'><strong><em>suam</em></strong></span> <span class='ocrx_word' id='word_1_125' title='bbox 2241 3024 2317 3089; x_wconf 88' lang='lat' dir='ltr'><strong><em>de</em></strong></span> <span class='ocrx_word' id='word_1_126' title='bbox 2384 3024 2751 3108; x_wconf 70' lang='lat' dir='ltr'><strong><em>principatu</em></strong></span> <span class='ocrx_word' id='word_1_127' title='bbox 2826 3023 2998 3087; x_wconf 84' lang='lat' dir='ltr'><strong><em>civili</em></strong></span> 
     </span>
     <span class='ocr_line' id='line_1_24' title="bbox 692 3120 2998 3203; baseline -0.002 -16"><span class='ocrx_word' id='word_1_128' title='bbox 692 3122 969 3187; x_wconf 81' lang='lat' dir='ltr'><strong><em>Romani</em></strong></span> <span class='ocrx_word' id='word_1_129' title='bbox 1004 3120 1333 3186; x_wconf 72' lang='lat' dir='ltr'><strong><em>Pontificis</em></strong></span> <span class='ocrx_word' id='word_1_130' title='bbox 1377 3120 1771 3184; x_wconf 73' lang='lat' dir='ltr'><strong><em>sententiam</em></strong></span> <span class='ocrx_word' id='word_1_131' title='bbox 1802 3126 2276 3203; x_wconf 75' lang='lat' dir='ltr'><strong><em>expresserunt.</em></strong></span> <span class='ocrx_word' id='word_1_132' title='bbox 2351 3121 2449 3187; x_wconf 91' lang='lat' dir='ltr'><strong><em>Ac</em></strong></span> <span class='ocrx_word' id='word_1_133' title='bbox 2492 3125 2712 3185; x_wconf 76' lang='lat' dir='ltr'><strong><em>sancte</em></strong></span> <span class='ocrx_word' id='word_1_134' title='bbox 2745 3142 2813 3184; x_wconf 86' lang='lat' dir='ltr'><strong><em>se</em></strong></span> <span class='ocrx_word' id='word_1_135' title='bbox 2860 3142 2998 3184; x_wconf 86' lang='lat' dir='ltr'><strong><em>am-</em></strong></span> 
     </span>
     <span class='ocr_line' id='line_1_25' title="bbox 687 3216 2996 3303; baseline -0.001 -20"><span class='ocrx_word' id='word_1_136' title='bbox 687 3219 911 3303; x_wconf 76' lang='lat' dir='ltr'><strong><em>plecti,</em></strong></span> <span class='ocrx_word' id='word_1_137' title='bbox 967 3217 1160 3281; x_wconf 87' lang='lat' dir='ltr'><strong><em>iidem</em></strong></span> <span class='ocrx_word' id='word_1_138' title='bbox 1211 3216 1548 3280; x_wconf 85' lang='lat' dir='ltr'><strong><em>Praesules</em></strong></span> <span class='ocrx_word' id='word_1_139' title='bbox 1593 3216 1819 3279; x_wconf 73' lang='lat' dir='ltr'><strong><em>testati</em></strong></span> <span class='ocrx_word' id='word_1_140' title='bbox 1862 3221 2047 3294; x_wconf 78' lang='lat' dir='ltr'><strong><em>sunt,</em></strong></span> <span class='ocrx_word' id='word_1_141' title='bbox 2103 3218 2461 3283; x_wconf 75' lang='lat' dir='ltr'><strong><em>doctrinam</em></strong></span> <span class='ocrx_word' id='word_1_142' title='bbox 2505 3218 2587 3282; x_wconf 87' lang='lat' dir='ltr'><strong><em>ab</em></strong></span> <span class='ocrx_word' id='word_1_143' title='bbox 2641 3219 2779 3300; x_wconf 87' lang='lat' dir='ltr'><strong><em>ipso</em></strong></span> <span class='ocrx_word' id='word_1_144' title='bbox 2826 3216 2996 3280; x_wconf 91' lang='lat' dir='ltr'><strong><em>Pon·</em></strong></span> 
     </span>
     <span class='ocr_line' id='line_1_26' title="bbox 689 3311 3004 3396; baseline -0.001 -17"><span class='ocrx_word' id='word_1_145' title='bbox 689 3315 859 3380; x_wconf 75' lang='lat' dir='ltr'><strong><em>tifice</em></strong></span> <span class='ocrx_word' id='word_1_146' title='bbox 920 3316 1156 3378; x_wconf 72' lang='lat' dir='ltr'><strong><em>iterato</em></strong></span> <span class='ocrx_word' id='word_1_147' title='bbox 1222 3315 1712 3396; x_wconf 55' lang='lat' dir='ltr'><strong><em>proclamatum,</em></strong></span> <span class='ocrx_word' id='word_1_148' title='bbox 1787 3312 1957 3394; x_wconf 83' lang='lat' dir='ltr'><strong><em>quod</em></strong></span> <span class='ocrx_word' id='word_1_149' title='bbox 2014 3312 2344 3396; x_wconf 77' lang='lat' dir='ltr'><strong><em>sinqulari</em></strong></span> <span class='ocrx_word' id='word_1_150' title='bbox 2393 3332 2673 3396; x_wconf 90' lang='lat' dir='ltr'><strong><em>prorsus</em></strong></span> <span class='ocrx_word' id='word_1_151' title='bbox 2734 3311 3004 3377; x_wconf 81' lang='lat' dir='ltr'><strong><em>divinae</em></strong></span> 
     </span>
     <span class='ocr_line' id='line_1_27' title="bbox 678 3407 2999 3492; baseline -0.001 -19"><span class='ocrx_word' id='word_1_152' title='bbox 678 3408 1133 3492; x_wconf 84' lang='lat' dir='ltr'><strong><em>providentiae</em></strong></span> <span class='ocrx_word' id='word_1_153' title='bbox 1179 3408 1444 3473; x_wconf 86' lang='lat' dir='ltr'><strong><em>consilio</em></strong></span> <span class='ocrx_word' id='word_1_154' title='bbox 1472 3407 1743 3489; x_wconf 84' lang='lat' dir='ltr'><strong><em>factum</em></strong></span> <span class='ocrx_word' id='word_1_155' title='bbox 1788 3408 1892 3487; x_wconf 84' lang='lat' dir='ltr'><strong><em>sit,</em></strong></span> <span class='ocrx_word' id='word_1_156' title='bbox 1937 3413 2013 3473; x_wconf 88' lang='lat' dir='ltr'><strong><em>ut</em></strong></span> <span class='ocrx_word' id='word_1_157' title='bbox 2048 3409 2394 3475; x_wconf 85' lang='lat' dir='ltr'><strong><em>Romanus</em></strong></span> <span class='ocrx_word' id='word_1_158' title='bbox 2431 3409 2759 3491; x_wconf 80' lang='lat' dir='ltr'><strong><em>Pontifex,</em></strong></span> <span class='ocrx_word' id='word_1_159' title='bbox 2807 3428 2999 3489; x_wconf 87' lang='lat' dir='ltr'><strong><em>quem</em></strong></span> 
     </span>
     <span class='ocr_line' id='line_1_28' title="bbox 693 3502 3002 3588; baseline -0.003 -16"><span class='ocrx_word' id='word_1_160' title='bbox 693 3505 1004 3573; x_wconf 81' lang='lat' dir='ltr'><strong><em>Christus</em></strong></span> <span class='ocrx_word' id='word_1_161' title='bbox 1058 3505 1258 3570; x_wconf 87' lang='lat' dir='ltr'><strong><em>totius</em></strong></span> <span class='ocrx_word' id='word_1_162' title='bbox 1314 3504 1643 3569; x_wconf 86' lang='lat' dir='ltr'><strong><em>Ecclesiae</em></strong></span> <span class='ocrx_word' id='word_1_163' title='bbox 1696 3525 1854 3571; x_wconf 86' lang='lat' dir='ltr'><strong><em>suae</em></strong></span> <span class='ocrx_word' id='word_1_164' title='bbox 1914 3509 2108 3587; x_wconf 90' lang='lat' dir='ltr'><strong><em>caput</em></strong></span> <span class='ocrx_word' id='word_1_165' title='bbox 2168 3511 2584 3588; x_wconf 80' lang='lat' dir='ltr'><strong><em>centrumque</em></strong></span> <span class='ocrx_word' id='word_1_166' title='bbox 2638 3502 3002 3584; x_wconf 78' lang='lat' dir='ltr'><strong><em>constituit,</em></strong></span> 
     </span>
     <span class='ocr_line' id='line_1_29' title="bbox 688 3600 2001 3683; baseline -0.002 -16"><span class='ocrx_word' id='word_1_167' title='bbox 688 3602 939 3667; x_wconf 87' lang='lat' dir='ltr'><strong><em>civilem</em></strong></span> <span class='ocrx_word' id='word_1_168' title='bbox 985 3605 1436 3683; x_wconf 81' lang='lat' dir='ltr'><strong><em>assequeretur</em></strong></span> <span class='ocrx_word' id='word_1_169' title='bbox 1471 3600 1944 3683; x_wconf 88' lang='lat' dir='ltr'><strong><em>principatum.</em></strong></span> <span class='ocrx_word' id='word_1_170' title='bbox 1958 3602 2001 3682; x_wconf 89' lang='lat'><strong><em>¹)</em></strong></span> 
     </span>
    </p>

    <p class='ocr_par' dir='ltr' id='par_1_16' title="bbox 687 3697 3004 3977">
     <span class='ocr_line' id='line_1_30' title="bbox 862 3697 3002 3784; baseline -0.001 -21"><span class='ocrx_word' id='word_1_171' title='bbox 862 3700 923 3764; x_wconf 82' lang='lat'><strong><em>2.</em></strong></span> <span class='ocrx_word' id='word_1_172' title='bbox 983 3700 1172 3764; x_wconf 91' lang='lat' dir='ltr'><strong><em>Hunc</em></strong></span> <span class='ocrx_word' id='word_1_173' title='bbox 1227 3699 1483 3782; x_wconf 84' lang='lat' dir='ltr'><strong><em>quidem</em></strong></span> <span class='ocrx_word' id='word_1_174' title='bbox 1540 3699 1975 3784; x_wconf 71' lang='lat' dir='ltr'><strong><em>principatum</em></strong></span> <span class='ocrx_word' id='word_1_175' title='bbox 2036 3700 2288 3766; x_wconf 85' lang='lat' dir='ltr'><strong><em>civilem</em></strong></span> <span class='ocrx_word' id='word_1_176' title='bbox 2338 3700 2611 3766; x_wconf 87' lang='lat' dir='ltr'><strong><em>Romani</em></strong></span> <span class='ocrx_word' id='word_1_177' title='bbox 2661 3697 3002 3762; x_wconf 72' lang='lat' dir='ltr'><strong><em>Pontificis</em></strong></span> 
     </span>
     <span class='ocr_line' id='line_1_31' title="bbox 687 3795 2994 3881; baseline -0.002 -20"><span class='ocrx_word' id='word_1_178' title='bbox 687 3797 922 3861; x_wconf 73' lang='lat' dir='ltr'><strong><em>nostris</em></strong></span> <span class='ocrx_word' id='word_1_179' title='bbox 986 3795 1209 3861; x_wconf 84' lang='lat' dir='ltr'><strong><em>dicbus</em></strong></span> <span class='ocrx_word' id='word_1_180' title='bbox 1271 3818 1309 3859; x_wconf 86' lang='lat' dir='ltr'><strong><em>a</em></strong></span> <span class='ocrx_word' id='word_1_181' title='bbox 1369 3795 1657 3878; x_wconf 87' lang='lat' dir='ltr'><strong><em>profanis</em></strong></span> <span class='ocrx_word' id='word_1_182' title='bbox 1704 3796 2063 3861; x_wconf 89' lang='lat' dir='ltr'><strong><em>hominibus</em></strong></span> <span class='ocrx_word' id='word_1_183' title='bbox 2116 3798 2535 3881; x_wconf 86' lang='lat' dir='ltr'><strong><em>conspicimus</em></strong></span> <span class='ocrx_word' id='word_1_184' title='bbox 2596 3796 2994 3860; x_wconf 72' lang='lat' dir='ltr'><strong><em>destructum</em></strong></span> 
     </span>
     <span class='ocr_line' id='line_1_32' title="bbox 687 3891 3004 3977; baseline -0.002 -20"><span class='ocrx_word' id='word_1_185' title='bbox 687 3898 885 3977; x_wconf 71' lang='lat' dir='ltr'><strong><em>atque</em></strong></span> <span class='ocrx_word' id='word_1_186' title='bbox 931 3893 1284 3966; x_wconf 67' lang='lat' dir='ltr'><strong><em>sublatum</em></strong></span> <span class='ocrx_word' id='word_1_187' title='bbox 1342 3896 1410 3954; x_wconf 79' lang='lat' dir='ltr'><strong><em>at</em></strong></span> <span class='ocrx_word' id='word_1_188' title='bbox 1467 3892 2001 3975; x_wconf 84' lang='lat' dir='ltr'><strong><em>quemadmodum</em></strong></span> <span class='ocrx_word' id='word_1_189' title='bbox 2049 3915 2374 3976; x_wconf 84' lang='lat' dir='ltr'><strong><em>speramus</em></strong></span> <span class='ocrx_word' id='word_1_190' title='bbox 2424 3894 2590 3971; x_wconf 86' lang='lat' dir='ltr'><strong><em>fore,</em></strong></span> <span class='ocrx_word' id='word_1_191' title='bbox 2653 3897 2728 3957; x_wconf 75' lang='lat' dir='ltr'><strong><em>ut</em></strong></span> <span class='ocrx_word' id='word_1_192' title='bbox 2773 3891 3004 3954; x_wconf 78' lang='lat' dir='ltr'><strong><em>divina</em></strong></span> 
     </span>
    </p>
   </div>
   <div class='ocr_carea' id='block_1_16' title="bbox 688 4034 1108 4043">
    <p class='ocr_par' dir='ltr' id='par_1_17' title="bbox 688 4034 1108 4043">
     <span class='ocr_line' id='line_1_33' title="bbox 688 4034 1108 4043; baseline 0 0"><span class='ocrx_word' id='word_1_193' title='bbox 688 4034 1108 4043; x_wconf 95' lang='lat' dir='ltr'><strong><em> </em></strong></span> 
     </span>
    </p>
   </div>
   <div class='ocr_carea' id='block_1_17' title="bbox 689 4098 2998 4248">
    <p class='ocr_par' dir='ltr' id='par_1_18' title="bbox 689 4098 2998 4248">
     <span class='ocr_line' id='line_1_34' title="bbox 867 4098 2998 4167; baseline 0 -14"><span class='ocrx_word' id='word_1_194' title='bbox 867 4099 908 4167; x_wconf 84' lang='lat'><strong><em>²)</em></strong></span> <span class='ocrx_word' id='word_1_195' title='bbox 955 4099 1062 4154; x_wconf 82' lang='lat' dir='ltr'><strong><em>Cfr.</em></strong></span> <span class='ocrx_word' id='word_1_196' title='bbox 1109 4100 1250 4155; x_wconf 84' lang='lat' dir='ltr'><strong><em>Acta</em></strong></span> <span class='ocrx_word' id='word_1_197' title='bbox 1296 4100 1620 4156; x_wconf 72' lang='lat' dir='ltr'><strong><em>consistorii</em></strong></span> <span class='ocrx_word' id='word_1_198' title='bbox 1667 4099 1841 4153; x_wconf 78' lang='lat' dir='ltr'><strong><em>habiti</em></strong></span> <span class='ocrx_word' id='word_1_199' title='bbox 1886 4101 1973 4156; x_wconf 88' lang='lat' dir='ltr'><strong><em>die</em></strong></span> <span class='ocrx_word' id='word_1_200' title='bbox 2019 4103 2068 4154; x_wconf 88' lang='lat'><strong><em>9.</em></strong></span> <span class='ocrx_word' id='word_1_201' title='bbox 2105 4099 2256 4154; x_wconf 88' lang='lat' dir='ltr'><strong><em>Junii</em></strong></span> <span class='ocrx_word' id='word_1_202' title='bbox 2304 4116 2352 4154; x_wconf 89' lang='lat' dir='ltr'><strong><em>a.</em></strong></span> <span class='ocrx_word' id='word_1_203' title='bbox 2393 4102 2544 4154; x_wconf 79' lang='lat'><strong><em>1862.</em></strong></span> <span class='ocrx_word' id='word_1_204' title='bbox 2593 4098 2798 4152; x_wconf 72' lang='lat' dir='ltr'><strong><em>Civilta</em></strong></span> <span class='ocrx_word' id='word_1_205' title='bbox 2844 4098 2998 4153; x_wconf 79' lang='lat' dir='ltr'><strong><em>Gatt.</em></strong></span> 
     </span>
     <span class='ocr_line' id='line_1_35' title="bbox 689 4179 1433 4248; baseline 0.005 -17"><span class='ocrx_word' id='word_1_206' title='bbox 689 4179 840 4233; x_wconf 83' lang='grc'><strong>1862.</strong></span> <span class='ocrx_word' id='word_1_207' title='bbox 878 4180 939 4232; x_wconf 94' lang='grc' dir='ltr'><strong><em>Ρ.</em></strong></span> <span class='ocrx_word' id='word_1_208' title='bbox 977 4180 1051 4234; x_wconf 92' lang='grc' dir='ltr'><strong><em>Π.</em></strong></span> <span class='ocrx_word' id='word_1_209' title='bbox 1089 4197 1139 4248; x_wconf 87' lang='lat' dir='ltr'><strong><em>p.</em></strong></span> <span class='ocrx_word' id='word_1_210' title='bbox 1179 4183 1281 4234; x_wconf 87' lang='lat'><strong><em>718</em></strong></span> <span class='ocrx_word' id='word_1_211' title='bbox 1318 4197 1433 4247; x_wconf 87' lang='lat' dir='ltr'><strong><em>sqq.</em></strong></span> 
     </span>
    </p>
   </div>
   <div class='ocr_carea' id='block_1_18' title="bbox 3166 3745 3176 4509">
    <p class='ocr_par' dir='ltr' id='par_1_19' title="bbox 3166 3745 3176 4509">
     <span class='ocr_line' id='line_1_36' title="bbox 3166 3745 3176 4509; baseline 0 0"><span class='ocrx_word' id='word_1_212' title='bbox 3166 3745 3176 4509; x_wconf 95' lang='lat' dir='ltr'><strong><em> </em></strong></span> 
     </span>
    </p>
   </div>
  </div>
 </body>
</html>
