3270 5028
797 487 805 495 ι
877 408 959 462 De
996 407 1376 462 Decretalibus
1411 405 1992 460 Pseudo-IsidorianiS.
2483 401 2584 460 271

275 550 525 634 opinari
572 550 769 614 talem
817 550 1139 615 fictionem
1187 549 1428 613 licitam
1478 568 1634 613 esse.
1707 547 1802 613 Ac
1848 548 2055 611 simile
2103 546 2258 630 quid
2306 546 2587 612 accidere

274 646 489 729 potuit
536 645 785 711 Isidoro
833 643 1207 721 Mercatori‚
1274 667 1467 729 quum
1528 643 2187 709 Pseudo-Decretales
2244 644 2589 708 conficeret

277 747 344 806 et
391 739 803 826 evulgaret.1)

456 909 560 973 60.
622 908 840 984 Quoad
893 906 1173 971 indolem
1231 906 1642 972 Collectionis
1696 906 2239 971 Pseudo-Isidori
2301 907 2422 972 hoc
2482 907 2587 970 de·
2606 909 2833 1012 ἓθὲωέἓ
2866 909 2931 951 affl

277 1027 452 1069 mum
512 1005 848 1069 observare
911 1009 1130 1070 restat.
1229 1004 1467 1085 Quum,
1533 1004 1629 1066 uti
1681 1005 1815 1087 jam
1872 1003 2176 1076 diximuS,
2240 1024 2318 1066 ex
2365 1024 2588 1087 regum
2651 1002 2660 1011 ’
2711 984 2765 1012 ⁰¹¹
2837 983 2921 1013 Μ

275 1122 734 1185 procerumque
795 1100 1041 1164 influxu
1105 1100 1585 1183 factionumque
1647 1099 2052 1183 politicarum
2109 1100 2316 1163 turbis
2382 1100 2587 1164 tribu-

275 1198 449 1261 nalia
510 1218 625 1280 pro
681 1197 993 1280 episcopis
1049 1195 1413 1280 judicandis
1477 1197 1544 1260 in
1611 1194 1885 1260 Francia
1945 1196 2103 1261 satis
2171 1218 2392 1261 secura
2453 1218 2586 1261 non

276 1294 649 1358 viderentur
695 1297 761 1357 et
806 1315 1043 1376 aequa,
1104 1293 1384 1375 Isidorus
1431 1297 1497 1356 et
1543 1296 1697 1357 ante
1740 1315 1883 1356 eum
1930 1291 2316 1357 Benedictus
2362 1291 2589 1357 Levita

277 1391 418 1454 aliis
455 1389 777 1474 judicibus
809 1390 1249 1473 episcoporum
1297 1410 1519 1453 causas
1564 1389 2004 1473 dijudicandas
2034 1391 2378 1454 voluerunt
2423 1411 2586 1453 com-

278 1488 557 1553 mittere.
649 1486 823 1551 Hinc
873 1491 1227 1569 posuerunt
1272 1489 1579 1569 tanquam
1628 1487 2010 1550 latissimum
2059 1485 2446 1570 praesidium
2492 1509 2592 1550 ac-

277 1584 512 1648 cusatis
555 1582 919 1647 Romanum
967 1582 1377 1662 Pontificem,
1420 1582 1890 1664 praedicanteS,
1947 1583 2089 1647 sine
2133 1585 2274 1667 ejus
2322 1584 2592 1647 consilio

280 1687 346 1745 et
405 1703 728 1745 consensu
784 1679 1037 1744 nullum
1094 1680 1454 1762 episcopum
1516 1678 1947 1744 damnandum
2010 1686 2204 1762 atque
2261 1680 2588 1765 deponen-

278 1778 427 1841 dum
474 1800 628 1842 esse.
720 1775 883 1840 Nam
929 1775 1261 1841 Romanus
1307 1775 1612 1840 Pontifex
1660 1775 2044 1854 factionum,
2101 1776 2589 1860 particularibus

277 1876 348 1938 in
392 1874 766 1958 regionibus
814 1876 878 1936 et
924 1872 1204 1936 ecclesiis
1251 1871 1724 1950 dimicantium,
1788 1894 2014 1957 expers
2077 1878 2242 1955 erat,
2302 1873 2591 1956 adeoque

271 1970 471 2055 judex
525 1992 719 2054 supra
775 1969 1267 2033 commotionem
1325 1969 1603 2051 partium
1659 1970 1906 2052 positus
1971 1976 2036 2032 et
2092 1971 2377 2034 elevatus
2432 1974 2497 2032 et
2551 1992 2589 2033 a

279 2068 744 2151 suspicionibus
796 2066 975 2132 liber.
997 2077 1002 2100 ²
1079 2065 1427 2129 Praeterea
1480 2063 1642 2129 Sede
1696 2065 1991 2130 Romana
2045 2065 2339 2130 adeunda
2396 2088 2589 2131 causa

278 2162 806 2247 protrahebatur,
865 2166 933 2226 et
978 2184 1119 2227 cum
1166 2183 1308 2225 eam
1351 2162 1536 2225 facile
1584 2161 1859 2225 adeundi
1901 2162 2178 2228 facultas
2224 2185 2356 2226 non
2403 2171 2591 2238 esset,

279 2261 607 2324 damnatio
657 2264 722 2323 et
766 2259 1074 2342 depositio
1114 2259 1366 2341 saepius
1414 2258 1552 2321 fieri
1599 2280 1732 2323 non
1780 2257 2112 2341 poterat.2)

459 2428 562 2493 61.
640 2426 978 2490 Caeterum
1050 2425 1355 2490 Collectio
1429 2426 1542 2488 illa
1615 2425 1990 2489 nullatenus
2067 2426 2405 2490 constituit
2473 2425 2592 2492 Co·

282 2524 514 2605 dicem,
583 2525 650 2587 in
712 2547 838 2609 quo
901 2524 1252 2588 secundum
1316 2522 1574 2606 aliquod
1638 2522 1894 2587 schema
1960 2529 2254 2588 accurate
2321 2528 2385 2587 et
2448 2524 2590 2589 har·

281 2621 533 2685 monice
586 2621 842 2705 singula
900 2619 1204 2704 disposita
1263 2624 1437 2684 sunt.
1526 2618 1666 2683 Imo
1722 2619 2306 2684 Pseudo-Isidorus
2365 2621 2435 2684 in
2493 2622 2595 2685 de·

280 2718 472 2781 cretis
540 2741 576 2782 a
641 2739 709 2780 se
772 2717 936 2781 fictis
1002 2716 1236 2800 passim
1296 2717 1548 2780 diversa
1612 2715 1871 2793 statuit,
1938 2722 2009 2780 ut
2068 2718 2119 2779 si
2182 2717 2324 2800 quis
2377 2720 2594 2782 omnia

280 2815 362 2879 ab
423 2814 534 2877 illo
594 2814 957 2898 excogitata
1023 2814 1093 2875 in
1159 2812 1349 2876 rebus
1421 2813 1860 2878 ecclesiasticis
1930 2812 2343 2877 instituendis
2412 2816 2591 2898 sequi

281 2911 617 2991 voluisset,
684 2910 748 2974 id
816 2912 1077 2993 propter
1144 2908 1634 2992 discrepantiam
1698 2931 1943 2987 eorum,
2013 2931 2175 2992 quae
2235 2909 2312 2974 de
2371 2910 2594 3001 iisdem⁸

279 3008 470 3071 rebus
534 3006 757 3084 habet,
820 3005 1028 3069 facere
1090 3006 1352 3068 omnino
1416 3028 1549 3069 non
1610 3006 1944 3088 potuisset.
2046 3005 2188 3070 Hac
2241 3005 2317 3069 de
2374 3028 2442 3069 re
2502 3006 2597 3068 ita

285 3102 667 3168 Hinschius:
728 3100 873 3178 „Ad
921 3100 1225 3183 primates
1280 3100 1513 3189 deferri
1561 3103 1699 3165 vult
1744 3100 2307 3165 Pseudo-Isidorus
2351 3102 2599 3187 judicia

411 3377 436 3407 -,
459 3348 501 3416 1)
550 3348 636 3402 De
682 3345 921 3401 auctoris
966 3343 1147 3397 indole
1195 3342 1278 3395 ita
1325 3342 1391 3395 cl.
1429 3343 1664 3398 Mohler:
1716 3344 1823 3411 „Le
1868 3344 2000 3399 faux
2050 3344 2261 3398 Isidore
2310 3349 2601 3411 emprunta

282 3434 314 3482 a
352 3444 450 3482 son
489 3431 692 3494 epoque
731 3441 790 3480 ce
829 3423 919 3492 qui
958 3421 1098 3477 etait
1135 3421 1407 3475 conforme
1433 3437 1540 3475 aux
1575 3440 1737 3476 voeux
1775 3424 1870 3477 des
1907 3423 2030 3492 plus
2066 3424 2308 3477 hommes
2346 3423 2411 3477 de
2450 3424 2601 3477 bien:

284 3507 350 3561 de
389 3507 445 3560 la
482 3505 732 3560 l’accueil
766 3503 1048 3558 favorable
1094 3500 1185 3569 qui
1223 3499 1308 3552 fut
1343 3499 1447 3553 fait
1493 3516 1600 3554 aux
1645 3502 1860 3556 fausses
1910 3502 2242 3569 decretalem
2290 3502 2424 3556 elles
2473 3518 2598 3556 con·

282 3586 531 3641 tenaient
566 3590 693 3639 tant
730 3584 796 3638 de
833 3582 1065 3643 veriteS,
1114 3580 1272 3647 qu'on
1308 3580 1400 3646 n’y
1438 3581 1797 3648 soupconnait
1835 3596 2041 3635 aucune
2079 3596 2276 3636 erreur.
2350 3580 2404 3634 Si
2443 3582 2603 3649 donc,

284 3668 445 3733 apres
501 3665 581 3718 les
647 3663 803 3718 avoir
859 3661 1165 3717 examinees
1230 3657 1681 3725 attentivement,
1745 3675 1879 3713 nous
1934 3659 2185 3714 voulions
2242 3661 2604 3714 caracteriser

281 3745 516 3799 l’auteur
552 3743 764 3811 d'apres
800 3742 919 3795 leur
957 3744 1191 3794 contenu
1229 3741 1287 3790 et
1322 3736 1441 3790 leur
1478 3738 1683 3806 esprit,
1726 3754 1864 3793 nous
1901 3738 2107 3793 dirions
2156 3739 2287 3805 qu’il
2322 3739 2409 3793 fut
2444 3740 2598 3793 indu·

281 3822 641 3877 bitablement
676 3838 750 3875 un
787 3822 998 3875 homme
1036 3820 1102 3872 de
1140 3816 1317 3884 grand
1353 3815 1560 3883 samir,
1607 3817 1662 3872 le
1698 3818 1820 3885 plus
1858 3823 2058 3872 savant
2093 3821 2367 3884 peut-etro
2406 3819 2472 3873 de
2510 3833 2605 3872 ses

284 3900 752 3967 contemporains‚
789 3917 863 3953 un
902 3897 1072 3966 esprit
1108 3897 1416 3964 penetrant,
1457 3911 1658 3965 sagace
1696 3903 1753 3950 et
1788 3896 1948 3950 initio
1988 3897 2123 3950 dans
2161 3914 2236 3950 un
2268 3899 2441 3966 degre
2476 3912 2599 3952 rare

285 3997 352 4035 cn
391 3996 451 4034 ce
489 3985 667 4047 temps
698 3983 731 4031 a
758 3978 972 4046 l’esprit
1009 3983 1066 4031 et
1104 3991 1211 4029 aux
1245 3974 1462 4029 besoins
1490 3975 1555 4029 de
1585 3991 1685 4030 son
1713 3974 1938 4042 tempS.“
1997 3974 2243 4030 Histoire
2273 3978 2337 4030 de
2364 3975 2603 4044 l'Eglise

285 4058 488 4127 (versio
526 4056 770 4128 gallica),
811 4057 883 4111 II.
921 4073 971 4124 p.
1013 4058 1130 4108 157.

464 4137 507 4205 2)
545 4136 859 4202 Hinschius,
896 4153 947 4203 p.
988 4135 1287 4191 CCXXIII.

2064 4225 2081 4253 ἱ
