3270 5028
336 756 617 810 Arrogantia.

652 416 685 466 8
1373 414 1456 468 De
1493 414 1707 469 haeresi
1744 415 2222 470 Iconoolastarum.

650 556 894 639 plinam
939 556 1291 621 moderare.
1403 554 1725 635 Quoniam
1764 555 2228 638 intelleximus,
2293 560 2631 644 inquiunt..
2699 561 2772 626 in
2819 561 2959 626 Ro-

651 671 997 716 manorum
1064 650 1322 716 civitate
1390 651 1464 717 in
1536 653 1780 718 sanctis
1855 650 2401 737 Quadraqesimae
2460 656 2743 740 jejuniis
2810 658 2965 741 ejus.

651 746 937 812 sabbatis
998 741 1311 831 jejunare
1370 752 1639 831 praeter
1706 748 2194 815 ecclesiasticam
2270 751 2586 819 traditam
2655 754 2948 819 observa-

651 843 922 909 tionem:
980 849 1240 911 sanctae
1298 846 1541 928 synodo
1596 845 1808 910 visum
1863 850 1985 926 est,
2045 851 2120 912 ut
2176 847 2252 913 in
2294 848 2749 916 Romanorum
2795 871 2948 933 quo-

649 961 770 1022 que
832 942 1093 1007 ecclesia
1163 941 1536 1008 inconcusse
1603 941 1774 1007 vires
1848 941 2080 1009 habeat
2152 965 2359 1011 canon
2425 947 2540 1029 qui
2606 947 2798 1013 dicit:
2874 947 2959 1013 Sil

648 1037 797 1119 quis
838 1038 1106 1104 clericus
1148 1037 1453 1104 inventus
1501 1038 1714 1122 fuerit
1757 1039 1831 1105 in
1877 1045 2098 1106 sancto
2143 1040 2246 1106 die
2301 1042 2619 1110 dominico
2664 1044 2761 1108 vel
2806 1044 2948 1110 sab-

650 1133 794 1199 bato
841 1135 1179 1218 jejunare,
1229 1139 1496 1218 praeter
1550 1156 1759 1201 unum
1810 1140 1871 1200 et
1929 1137 2166 1218 solum,
2224 1138 2619 1221 deponatur,·
2674 1141 2780 1206 sin
2827 1140 2953 1206 lai·

647 1252 778 1311 cus,
824 1235 1207 1315 seqreyetur.
1280 1271 1353 1279 —
1420 1232 1482 1296 N
1487 1255 1557 1299 ec
1601 1235 1855 1317 probari
1915 1241 2169 1319 poterat
2223 1228 2432 1301 canon
2480 1237 2757 1316 LXVII,
2818 1261 2954 1323 quo

646 1335 924 1414 angusta
969 1334 1183 1394 mente
1227 1335 1633 1413 praeceptum
1679 1331 2137 1414 Apostolorum
2192 1335 2649 1417 temporarium
2695 1335 2771 1398 de
2816 1357 2948 1399 non

645 1425 1087 1491 manducando
1132 1428 1446 1510 sanguine
1492 1433 1749 1511 urgent,
1798 1432 2187 1493 statuentes:
2244 1427 2498 1493 Divina
2538 1429 2725 1495 nobis
2771 1429 2954 1495 Scri--

634 1525 843 1603 ptura
887 1521 1251 1602 mandavit,
1306 1541 1348 1586 a
1392 1521 1715 1604 sanquine
1760 1526 1821 1586 et
1864 1522 2174 1606 suffocato
2220 1529 2281 1589 et
2322 1524 2759 1606 fornicatione
2797 1526 2944 1591 abs-

643 1616 866 1683 tinere.
956 1617 1093 1682 Eos
1137 1639 1286 1701 erqo
1336 1618 1451 1700 qui
1508 1623 1775 1701 propter
1828 1618 2081 1685 lautum
2138 1624 2198 1684 et
2254 1620 2598 1687 delicatum
2658 1628 2944 1689 ventrem

643 1715 1100 1798 cujuscumque
1129 1715 1439 1781 animalis
1484 1715 1872 1798 sanquinem
1919 1721 2061 1781 arte
2091 1717 2316 1799 aliqua
2361 1719 2751 1785 esculentum
2800 1741 2950 1785 con·

643 1811 834 1877 diunt
897 1831 972 1876 ac
1033 1811 1410 1893 instruunt,
1474 1817 1666 1895 atque
1727 1812 1825 1878 ita
1886 1812 1999 1879 illo
2052 1820 2427 1896 vescuntur,
2498 1817 2945 1883 convenienter

630 1908 971 1991 punimus.
1053 1907 1130 1973 Si
1176 1907 1322 1991 quis
1366 1909 1661 1992 deinceps
1708 1910 2017 1976 animalis
2056 1911 2445 1995 sanquinem
2490 1912 2716 1994 quovis
2758 1914 2952 1979 modo

642 2005 959 2070 comedere
1000 2004 1452 2089 aqyrediatur,
1500 2006 1559 2070 si
1595 2005 1685 2071 sit
1728 2006 1985 2088 quidem
2025 2007 2321 2088 clericus,
2383 2009 2782 2092 deponatur,·
2837 2010 2942 2075 sin

640 2107 856 2167 autem
918 2102 1152 2183 laicus,
1222 2105 1603 2185 seqreqetur.
1668 2141 1754 2148 —
1816 2104 2232 2189 Angustioris
2293 2110 2529 2170 mentis
2590 2109 2781 2171 etiam
2844 2113 2943 2171 est

640 2222 848 2264 canon
897 2199 1256 2277 LXXXII..
1317 2222 1442 2283 quo
1490 2204 1777 2277 vetatur,
1832 2203 2175 2285 quominus
2222 2203 2512 2268 Christus
2567 2204 2686 2267 sub
2735 2204 2949 2268 forma.

640 2298 793 2382 agni
848 2298 1172 2381 pingatur.
1265 2295 1430 2360 Eum
1486 2301 1708 2360 tamen
1768 2305 2106 2381 propterea
2161 2300 2376 2382 potius
2430 2299 2549 2363 hoc
2602 2301 2739 2363 loco
2784 2301 2946 2363 cita·

639 2415 809 2471 muS‚
867 2394 1019 2478 quia
1062 2394 1129 2457 in
1178 2395 1613 2459 controversia
1667 2393 1743 2457 de
1790 2395 1965 2458 cultu
2027 2417 2354 2460 sacrarum
2396 2396 2749 2480 imaginum
2799 2398 2939 2479 plu-

637 2491 763 2556 ries
807 2491 887 2555 ab
933 2488 1302 2557 orthodoxis
1333 2491 1410 2556 ad
1460 2512 1603 2555 eum
1638 2491 1761 2556 fuit
1805 2497 2235 2575 provocatum.
2309 2492 2429 2557 Est
2470 2498 2683 2559 autem
2732 2516 2937 2558 canon

636 2586 1023 2671 hujusmodi:
1101 2586 1189 2652 In
1255 2586 1592 2652 nonnullis
1665 2587 2131 2653 venerabilium
2200 2588 2567 2673 imayinum
2631 2589 2940 2671 picturis,

636 2701 849 2765 aynus
906 2683 1020 2765 qui
1079 2683 1281 2767 diqito
1330 2682 1786 2765 praecursoris
1848 2688 2253 2751 monstratur
2267 2734 2284 2766 ,
2349 2685 2755 2769 depinqitur,
2823 2686 2944 2767 qui

637 2778 724 2844 ad
761 2779 1021 2863 ⁸qratiae
1077 2779 1362 2864 fiyuram
1415 2785 1790 2863 assumptus
1834 2784 1954 2861 est,
2015 2802 2240 2847 verum
2288 2783 2473 2848 nobis
2522 2804 2767 2867 aynum
2815 2803 2947 2865 per*

546 2875 550 2880 ’
638 2876 836 2959 leqem
903 2875 1245 2943 Christum
1305 2876 1522 2942 Deum
1580 2881 1878 2942 nostrum
1942 2884 2492 2959 praemonstrans.
2607 2880 2947 2962 Antiquas·

636 2995 785 3057 erqo
827 2974 1080 3057 fiquras
1125 2978 1187 3038 et
1229 2973 1513 3053 umbras,
1567 2977 1643 3038 ut
1669 2973 1985 3039 veritatis
2026 2974 2219 3057 siqna
2262 2979 2322 3039 et
2368 2977 2769 3043 characteres
2811 2976 2944 3041 Ec·

636 3071 862 3136 clesiae
931 3070 1233 3150 traditos,
1305 3069 1780 3152 amplectentes,
1860 3070 2151 3154 qratiam
2218 3077 2280 3137 et
2347 3073 2682 3139 veritatem
2742 3094 2935 3158 prae·

624 3167 962 3250 ponimus,
1018 3188 1161 3232 eam
1223 3171 1300 3232 ut
1358 3165 1514 3250 leqis
1571 3166 2055 3251 implementum
2106 3170 2539 3253 suscipientes.
2645 3170 2726 3237 Ut
2787 3191 2946 3253 erqo-

616 3263 804 3345 ‚quod
834 3265 1198 3348 perfectum
1246 3268 1338 3328 est
1393 3263 1489 3328 vel
1535 3263 1817 3329 colorum
1876 3266 2396 3349 expressionibus
2444 3267 2743 3333 omnibus
2787 3266 2947 3333 sub-

619 3359 935 3443 jiciatur,
998 3362 1138 3444 ejus
1201 3360 1315 3443 qui
1380 3360 1548 3426 tollit
1598 3366 1865 3446 peccata
1924 3362 2155 3429 mundi
2219 3361 2473 3430 Christi
2534 3364 2666 3430 Dei
2724 3364 2936 3429 nostri

634 3456 928 3522 humana
991 3456 1213 3539 forma
1276 3456 1714 3522 characterem
1774 3458 1967 3523 etiam
2033 3458 2107 3523 in
2176 3459 2572 3543 imayinibus
2642 3460 2946 3543 deinceps·

624 3575 751 3636 pro
794 3553 995 3640 ‘ceteri
1039 3574 1208 3637 aqno
1253 3553 1419 3636 eriyi
1465 3573 1540 3617 ac
1583 3546 1849 3637 depinyi
1882 3554 2222 3636 jubemus:
2264 3561 2339 3621 ut
2380 3578 2497 3640 per
2542 3558 2759 3640 ipsum
2803 3558 2944 3623 Dei
3041 3639 3044 3650 ³

647 3650 834 3716 Verbi
877 3648 1358 3731 humiliationis
1402 3648 1846 3715 celsitudinem
1892 3652 2509 3734 comprehendentes,
2572 3656 2658 3720 ad
2702 3676 2933 3719 memo-

631 3747 805 3812 riam
849 3767 1097 3829 quoque
1141 3747 1283 3830 eJ‘us
1334 3746 1408 3812 in
1455 3766 1651 3811 carne
1703 3748 2235 3829 conversationiS,
2296 3749 2558 3833 ejusque
2598 3751 2944 3834 passionis·

632 3849 690 3908 et
737 3843 1054 3909 salutaris
1097 3842 1328 3909 mortis
1372 3842 1796 3922 deducamur,
1858 3843 2119 3926 eJ'usque
2164 3865 2328 3926 quae
2376 3867 2455 3911 ex
2506 3869 2575 3912 eo
2616 3848 2798 3930 facta
2840 3852 2934 3912 est

632 3940 871 4006 mundo
914 3939 1446 4024 redemptionis.1)

809 4147 854 4219 ¹)
893 4148 1003 4203 Ofr.
1042 4149 1340 4204 Concilium
1381 4149 1699 4203 Trullanum
1736 4164 1820 4215 ap.
1858 4148 2055 4214 Labbe,
2094 4148 2227 4203 Coll.
2267 4149 2427 4203 Cone.
2465 4151 2524 4204 Τ.
2552 4150 2647 4203 VI.
2687 4169 2737 4219 p.
2776 4155 2941 4206 1136-
