3270 5028
684 498 789 547 276
1032 494 1179 548 XVI.
1218 493 1427 548 Causae
1464 493 1704 548 celebres
1742 498 1799 548 et
1835 493 2155 547 Decretales
2193 492 2650 547 Pseudo—Isidori.

688 635 866 699 beato
919 632 1179 699 Gelasio
1232 632 1575 716 apostolico
1631 631 1776 697 viro
1832 632 2288 698 venerabiliter
2343 630 2788 715 suscipiendas
2836 631 3002 697 dico.

692 731 871 810 Quae
924 730 1064 796 suis
1118 724 1511 818 temporibus
1565 733 1988 812 conqruentes
2037 728 2343 811 fuerunt,
2398 728 2593 794 donec
2642 748 2761 811 per
2803 748 3002 793 sacra

686 826 960 892 concilia
1005 826 1240 892 Patres
1292 826 1505 893 nostri
1559 825 1634 891 in
1695 846 1903 891 unum
1963 824 2406 891 convenientes
2450 837 2464 889 .
2507 874 2521 889 .
2567 873 2582 891 .
2641 845 3001 891 mansuras

687 943 889 1004 nsque
935 922 1009 987 in
1059 922 1255 1002 finem
1308 922 1552 989 saeculi
1610 922 1776 1006 leqes
1832 921 2276 989 condiderunt.
2369 921 2569 987 Salva
2631 922 3001 987 reverentia

686 1017 855 1084 seclis
899 1018 1283 1101 apostolicae
1338 1018 1507 1100 dico,
1574 1019 1733 1102 quia
1792 1018 1852 1085 si
1904 1018 2023 1084 illa
2085 1038 2250 1101 quae
2296 1018 2373 1084 in
2428 1017 2665 1084 eisdem
2711 1017 3002 1101 epistolis
3094 1079 3099 1086 .

689 1115 1131 1195 continentur,
1187 1120 1247 1180 et
1304 1115 1445 1182 suis
1506 1116 1902 1199 temporibus
1958 1136 2246 1199 conqrna
2298 1115 2606 1198 fuerunt,
2668 1114 2890 1180 omnia
2933 1119 3001 1179 et

685 1212 960 1278 insimul
1017 1211 1331 1278 custodiri
1376 1212 1669 1278 valerent
1730 1217 1791 1278 et
1847 1211 2099 1277 servari
2149 1233 2225 1278 ao
2288 1211 2494 1277 teneri
2550 1216 2999 1295 conyrnerent‚

688 1310 922 1376 Patres
966 1307 1205 1388 nostri,
1254 1288 1552 1375 Eatholiei
1595 1308 1889 1375 videlicet
1932 1307 2225 1391 doctique
2260 1307 2617 1391 pontifices,
2662 1308 2736 1373 in
2782 1308 2998 1373 eonci-

689 1405 798 1471 liis
842 1404 1049 1471 saeris
1095 1406 1258 1489 leqes
1302 1426 1654 1471 mansuras
1697 1426 1901 1488 usque
1944 1404 2018 1471 in
2059 1404 2302 1472 saeculi
2344 1404 2547 1485 'finem
2590 1426 2724 1472 non
2769 1405 3001 1469 conde-

687 1507 850 1578 rent.
929 1501 1391 1585 Suscipiendas
1419 1523 1570 1586 erqo
1613 1501 1768 1568 illas
1799 1500 2101 1584 epistolas
2141 1499 2597 1567 venerabiliter
2624 1521 2767 1566 cum
2814 1499 3002 1566 beato

693 1598 952 1664 Gelasio
1013 1598 1181 1678 dico,
1230 1602 1291 1664 et
1334 1619 1477 1665 cum
1523 1598 1860 1682 lequntur,
1906 1597 2077 1664 sicut
2117 1597 2257 1681 ipse
2295 1596 2623 1680 praecipit
2673 1595 3000 1680 Gnosius,

688 1694 1038 1779 apostolica
1083 1695 1201 1761 illa
1237 1695 1586 1778 praecedat
1629 1694 1969 1775 sententia,
2018 1715 2148 1777 qua
2195 1694 2388 1760 dicit:
2434 1693 2672 1759 Omnia'
2704 1692 3001 1778 probate,

688 1792 857 1874 qaod
904 1791 1138 1857 bonum
1194 1796 1287 1856 est
1333 1796 1554 1858 tenete.
1651 1792 1748 1857 Et
1791 1791 1945 1857 haee
2001 1791 2140 1857 dieo
2194 1812 2327 1858 non
2383 1811 2508 1874 quo
2564 1790 2878 1873 quaedam
2921 1789 3003 1855 in

688 1887 780 1953 eis
825 1887 1037 1954 dicam
1097 1910 1229 1954 esse
1287 1909 1419 1955 non
1483 1889 1680 1969 bona,
1742 1888 1853 1954 sed
1906 1908 2040 1953 non
2089 1908 2214 1971 per
2269 1886 2489 1953 omnia
2543 1887 2750 1953 sacris
2806 1907 2999 1953 cano-

689 1984 883 2051 nibus
944 1985 1350 2070 Patrnmqne
1410 1985 1702 2052 conciliis
1766 1982 2118 2065 consona.¹)
2182 2021 2268 2031 —
2332 1985 2508 2061 Quae
2570 1986 2772 2071 igitur
2828 1985 3047 2070 obji-—

689 2084 948 2148 ciuntur
1006 2083 1341 2149 Hincmari
1402 2084 1628 2163 effata,
1687 2083 1920 2168 quibus
1980 2083 2162 2166 parvi
2220 2082 2498 2165 pendere
2561 2082 2809 2147 videtur
2866 2081 3003 2146 De-

686 2182 986 2256 cretales‚
1051 2183 1244 2265 juxta
1304 2182 1593 2265 exposita
1641 2185 1798 2245 sunt
1841 2179 2296 2264 intelligenda,
2354 2184 2675 2263 quatenus
2740 2181 3004 2243 recusat

686 2275 775 2340 iis
830 2275 1283 2342 auctoritatem
1339 2275 1747 2357 canonicam,
1814 2277 1934 2342 etsi
1982 2277 2437 2341 venerabiliter
2491 2297 2597 2341 eas
2651 2276 3001 2364 suscipien-

690 2375 800 2437 das
849 2395 980 2438 esse
1027 2370 1404 2454 admittat.2)

385 2492 457 2536 An
486 2493 653 2596 spustas
868 2489 970 2552 66.
1020 2488 1118 2552 Ex
1163 2489 1450 2554 textibus
1510 2489 1620 2581 qui
1676 2511 1795 2573 pro
1848 2490 2053 2554 altera
2100 2487 2433 2553 sententia
2478 2485 2789 2563 citantur,
2845 2485 3002 2551 affe-

400 2568 626 2598 ⁰⁹¹¹⁸u⁰n‘
691 2607 905 2651 ramus
952 2608 1130 2665 eum‚‘
1188 2587 1267 2650 ad
1314 2608 1504 2670 quem
1555 2592 1859 2669 provocat
1904 2584 2146 2662 KrauS‚
2203 2583 2354 2648 inde
2402 2583 2744 2667 colligens,
2803 2583 3000 2667 plane

690 2686 1015 2765 suspectas
1066 2683 1261 2747 fuisse
1317 2682 1670 2748 Hincmaro
1725 2682 1953 2748 Isidori
2008 2681 2400 2746 DecretaleS.
2503 2678 2743 2745 Scribit
2799 2680 3004 2764 igitur

691 2778 1077 2843 Hincmarus
1139 2784 1364 2844 contra
1432 2783 1730 2865 nepotem
1800 2800 2012 2843 suum:
2084 2778 2370 2856 „Contra
2432 2798 2647 2841 sacros
2721 2796 3001 2841 canones

692 2880 757 2940 et
818 2875 1075 2940 decreta
1135 2874 1314 2941 Sedis
1378 2874 1814 2940 Romanorum
1873 2873 2262 2939 Pontificum
2324 2875 2679 2937 commenta
2742 2873 2819 2936 ad
2878 2872 3003 2938 hoc

690 2972 1036 3058 collegisti,
1108 2977 1427 3057 quatenus
1491 2976 1558 3067 te
1622 2975 1696 3036 ut
1755 2993 2067 3055 onagrum
2127 2969 2399 3033 liberum
2455 2993 2493 3034 a
2552 2969 2700 3034 sede
2761 2974 2998 3034 metro-

689 3070 976 3154 politana
1019 3071 1439 3153 monstrareS,
1498 3073 1563 3133 et
1609 3090 1712 3133 me
1759 3071 1836 3131 ut
1890 3067 2463 3151 praevaricatorem
2511 3088 2829 3133 canonum
2873 3067 3000 3130 eis-

688 3168 831 3230 dem
891 3165 1022 3231 tuis
1081 3165 1353 3231 vinculis
1420 3164 1799 3229 adstrictum
1864 3158 2302 3228 insolubiliter
2364 3162 2866 3245 demonstrares;
2935 3167 3002 3227 et

690 3261 896 3327 adhuc
951 3263 1147 3327 etiam
1209 3263 1377 3326 sicut
1426 3261 1504 3326 de
1557 3262 1726 3326 malo
1780 3261 1849 3325 in
1910 3262 2121 3345 pejuS,
2182 3261 2277 3324 ita
2332 3261 2409 3325 de
2466 3261 2681 3345 pejore
2735 3259 2803 3324 in
2860 3282 3000 3344 pes-

690 3359 916 3423 simum
976 3358 1337 3442 profecisti,
1402 3362 1477 3422 ut
1531 3378 1667 3422 non
1724 3359 1932 3423 solum
1983 3356 2104 3421 tibi
2163 3358 2510 3423 commissis
2560 3356 2830 3432 clerici8‚
2886 3356 3000 3420 sed

691 3458 758 3517 et
811 3455 1119 3538 episcopis
1171 3455 1284 3518 illa
1345 3453 1654 3537 fiqmenta
1713 3452 2058 3536 compilata
2076 3450 2125 3534 3)
2187 3459 2252 3518 et
2311 3454 2447 3539 regi
2508 3452 2718 3517 danda
2778 3457 2999 3517 osten-

869 3675 912 3745 1)
948 3677 1015 3730 V.
1057 3675 1340 3730 Hincmari
1378 3677 1510 3747 Opp.
1549 3686 1590 3733 t.
1629 3680 1703 3735 ΙΙ.
1740 3697 1792 3748 p.
1831 3682 1954 3733 483.

872 3755 916 3822 2)
951 3756 1150 3810 Plures
1190 3761 1373 3811 textus
1408 3758 1535 3813 vide
1561 3760 1840 3828 expositos
1868 3760 2011 3827 apud
2036 3759 2096 3812 P.
2127 3758 2209 3812 De
2240 3758 2425 3812 Smedt
2460 3756 2517 3810 in
2543 3757 2774 3811 Dissert.
2805 3757 2999 3812 citata.

870 3833 915 3901 ⁸)
949 3835 1220 3900 Adverte‚
1266 3852 1374 3891 non
1420 3838 1527 3893 dici
1576 3838 1871 3908 „figmenta¹
1915 3837 2211 3906 compilata
2248 3834 2752 3902 Pseudo-Isidori&
2800 3836 2880 3889 uti
2927 3853 3002 3892 ex

691 3916 849 3969 modo
888 3929 992 3981 quo
1029 3914 1211 3968 Kraus
1249 3916 1286 3971 l.
1325 3933 1369 3971 c.
1407 3917 1646 3985 loquitur
1681 3918 1909 3987 supponi
1944 3916 2135 3985 possit.
2211 3917 2289 3970 Et
2324 3916 2435 3970 alia
2472 3931 2609 3983 quae
2647 3916 2789 3983 apud
2822 3916 3002 3970 Hinc-

691 4009 894 4047 marum
945 3993 1136 4047 iisdem
1182 3995 1363 4050 verbis
1404 4012 1513 4050 non
1558 3996 1833 4052 habentur
1878 3995 1973 4051 ille
2018 3996 2190 4051 refert
2244 3995 2427 4064 potius
2485 4010 2551 4049 ex
2601 4003 3004 4062 praeconcepta

693 4072 986 4139 sententia,
1024 4073 1151 4126 dum
1179 4074 1396 4140 quinam
1424 4074 1594 4129 fuerit
1618 4075 1904 4130 Hincmari
1931 4091 2140 4139 sensus,
2181 4075 2417 4142 exponit.
2481 4073 2682 4128 Scribit
2708 4073 3002 4129 videlicet:

572 4168 584 4177 ·
692 4151 840 4219 „Der
871 4151 1198 4207 Erzbischof
1230 4169 1336 4208 von
1372 4154 1596 4209 Rheims
1625 4153 2065 4209 veroffentlichte
2100 4154 2220 4208 eine
2256 4152 2641 4218 Streitschrift,
2678 4153 2734 4206 in
2759 4153 3004 4208 welcher

692 4246 753 4285 er
788 4232 876 4286 die
914 4236 1077 4286 unter
1114 4233 1210 4288 der
1233 4233 1473 4302 Leitung
1509 4235 1604 4289 des
1642 4233 1770 4288 heil.
1799 4233 2013 4289 Geistes
2052 4249 2160 4288 von
2186 4234 2288 4287 den
2327 4231 2688 4302 allgemeinen
2721 4231 3005 4288 Concilien
