3270 5028
423 646 681 700 Dispositio-

387 720 473 750 nes
493 707 707 751 diversae.

728 416 833 466 272
1066 412 1214 466 XVI.
1254 412 1462 467 Causae
1501 412 1741 467 celebres
1779 418 1837 467 et
1872 412 2189 467 Decretales
2227 413 2682 467 Pseudo-Isidori.

730 555 1117 637 reliquorum
1167 554 1624 637 episcoporum,
1675 557 1741 618 et
1785 556 2029 638 majora
2061 554 2469 620 ecclesiarum
2516 554 2779 639 negotia
2804 550 3028 639 (Clem.

730 654 844 728 28,
911 652 1014 714 29.
1079 648 1297 733 Stepb.
1347 649 1445 733 9);
1510 650 1651 715 aliis
1711 652 1780 715 in
1839 652 1995 716 locis
2056 656 2270 716 autem
2338 650 2440 735 (cf.
2494 653 2719 718 Anacl.
2769 654 2880 734 26,
2929 653 3025 716 28.

730 748 949 833 Steph.
1016 747 1124 829 10)
1184 746 1467 825 additur,
1534 747 1713 812 illam
1771 748 2204 832 cognitionem
2267 750 2357 813 eis
2405 751 2558 830 post
2613 748 2820 814 sedem
2883 768 3028 831 apo-

728 843 1048 922 stolicam,
1112 848 1224 909 aut
1279 844 1456 907 salva
1513 843 1923 927 Apostolicae
1981 842 2162 910 Sedis
2220 847 2602 910 auctoritate
2658 851 3029 930 competere.

727 943 957 1026 Itaque
1005 940 1314 1024 episcopis
1361 941 1676 1004 accusatis
1722 941 2043 1024 appellare
2090 941 2168 1005 ad
2222 942 2528 1025 primates
2574 947 2686 1007 aut
2733 943 2813 1007 ad
2857 942 3031 1007 Pon·

726 1039 962 1107 tificem
1007 1034 1371 1101 Romanum
1420 1035 1816 1112 conceditur,
1874 1035 2012 1119 (cfr.
2059 1037 2287 1102 Victor
2343 1039 2400 1102 6.
2450 1037 2614 1102 Sixt.
2664 1038 2748 1104 ΙΙ.
2800 1042 2855 1103 1.
2905 1036 3030 1104 Jul.

735 1133 871 1217 12),
935 1156 968 1197 e
1029 1137 1254 1198 contra
1313 1135 1382 1197 in
1447 1131 1683 1197 Felicis
1731 1133 1814 1197 Π.
1873 1136 1972 1198 12.
2039 1133 2179 1199 XX.
2240 1135 2635 1218 permittitur
2693 1157 3031 1218 provocare

726 1236 985 1296 tantum
1057 1230 1134 1294 ad
1198 1229 1427 1295 Sedem
1491 1228 1947 1313 Apostolicam.
2060 1231 2232 1306 Quae
2308 1231 2525 1296 omnia
2586 1233 2674 1295 sic
2741 1231 3031 1315 componi

727 1331 1022 1412 possunt,
1093 1331 1167 1390 ut
1233 1326 1509 1403 dicatur,
1581 1326 1966 1410 primatibus
2022 1328 2131 1412 jus
2197 1327 2635 1411 episcoporum
2699 1350 3033 1393 causarum

706 1423 1274 1509 ·dijudicandarum
1360 1427 1686 1487 reservata
1760 1423 2051 1488 Romano
2129 1424 2424 1489 Pontifici
2503 1425 2831 1489 sententia
2916 1424 3032 1489 dif-

726 1521 978 1586 finitiva
1034 1524 1410 1603 competere.
1516 1519 1830 1584 Attamen
1888 1521 1957 1584 in
2011 1520 2280 1604 epistola
2325 1520 2375 1584 I.
2439 1520 2687 1605 Pelagii
2747 1521 2829 1587 H.
2888 1521 3035 1605 legi·

726 1624 863 1682 tur:
945 1614 1031 1680 ad
1107 1635 1382 1697 quorum
1463 1617 1620 1698 (scil.
1686 1615 1819 1681 XII
1888 1618 2325 1700 episcoporum
2399 1614 2789 1702 provinciae)
2853 1613 3031 1699 judi-

728 1712 900 1779 cium
967 1731 1184 1776 omnes
1251 1732 1485 1778 causae
1547 1712 1989 1796 episcoporum
2051 1717 2112 1777 et
2173 1713 2575 1795 reliquorum
2635 1714 3033 1779 sacerdotum

729 1830 804 1875 ac
871 1808 1210 1874 civitatum
1279 1829 1511 1874 causae
1576 1809 2013 1891 referantur,
2067 1813 2141 1875 ut
2208 1809 2286 1874 ab
2345 1808 2448 1875 his
2513 1809 2810 1876 omnibus
2857 1810 3035 1893 juste

727 1927 1008 1972 consona
1076 1926 1218 1970 voce
1284 1905 1771 1986 discernantur,
1845 1905 1980 1971 nisi
2049 1906 2135 1971 ad
2200 1907 2513 1990 majorem
2585 1906 3032 1973 auctoritatem

730 2005 890 2085 (scil.
957 2004 1322 2087 primatem)
1392 2002 1601 2086 fuerit
1669 2002 1755 2068 ab
1817 2002 1922 2068 his
2002 2002 2116 2085 qui
2175 2003 2531 2087 judicandi
2597 2008 2754 2070 sunt
2825 2001 3032 2086 appel-

732 2101 937 2165 latum
950 2119 976 2179 ,·
1028 2104 1094 2164 et
1140 2100 1742 2166 Pseudo-Damasus
1788 2101 1864 2181 (c.
1915 2103 1973 2180 8,
2024 2103 2090 2180 9)
2139 2103 2397 2166 statuit:
2458 2099 2803 2166 Discutere
2862 2119 3035 2165 nam·

728 2217 853 2278 que
918 2195 1239 2278 episcopos
1306 2200 1364 2260 et
1432 2217 1835 2261 summorum
1913 2195 2483 2262 ecclesiasticorum
2556 2218 2787 2263 causas
2853 2217 3032 2281 neqo-

650 2307 654 2312 ·
732 2293 974 2358 tiorum
1057 2292 1583 2375 metropolitanos
1668 2313 1812 2357 cum
1897 2293 2192 2359 omnibus
2269 2294 2409 2359 suis
2484 2291 3035 2376 comprovinciali-

732 2390 877 2469 bus,
950 2389 1049 2455 ita
1125 2393 1199 2454 ut
1266 2410 1449 2454 nemo
1521 2410 1601 2453 esc
1669 2389 1760 2453 eis
1821 2389 1986 2455 desit
2057 2395 2117 2455 et
2193 2412 2408 2457 omnes
2482 2390 2556 2456 in
2628 2390 3033 2473 sinqulorum

729 2486 1111 2553 concordent
1173 2485 1475 2570 neqotiis,
1543 2485 1725 2567 licet,·
1801 2485 1909 2552 sed
1975 2486 2243 2569 definire
2306 2491 2528 2554 eorum
2596 2492 2789 2570 atque
2859 2486 3034 2552 eccle-

729 2584 985 2651 siarum
1045 2604 1333 2649 summas
1397 2584 1692 2665 querelas
1759 2605 2109 2650 causarum
2174 2590 2367 2666 atque
2429 2586 2741 2651 damnare
2808 2585 3033 2667 episco-

720 2702 843 2764 pos
914 2681 1150 2763 absque
1224 2680 1424 2763 hujus
1492 2684 1754 2745 sanctae
1820 2680 2006 2745 Sedis
2079 2682 2466 2773 auctoritate
2527 2681 2793 2747 minime
2865 2681 3036 2746 licet:

732 2797 927 2860 quam
974 2798 1191 2842 omnes
1238 2776 1563 2860 appellare
1609 2777 1670 2841 si
1713 2798 1960 2843 necesse
2001 2777 2228 2859 fuerit,
2277 2784 2338 2842 et
2383 2780 2524 2862 ejus
2556 2778 2803 2861 fzdciri
2847 2777 3030 2844 auxi·

727 2873 817 2939 lio
894 2877 1153 2957 oportet.
1276 2873 1641 2939 Secundum
1712 2897 1870 2958 quos
1946 2876 2116 2941 locos
2188 2876 2485 2941 videntur
2561 2875 3035 2959 metropolitani

731 2995 870 3037 cum
919 2972 1228 3055 episcopis
1260 2972 1705 3056 suffraganeiS,
1754 2994 1885 3037 non
1934 2974 2239 3055 primates
2272 2974 2592 3057 judicare3
2642 2994 2850 3057 neque
2899 2993 3033 3037 cum

730 3069 829 3133 his
891 3069 1221 3145 convenit,
1294 3069 1460 3152 quod
1522 3069 1869 3132 secundum
1933 3069 2061 3134 Jul.
2134 3070 2212 3135 18
2280 3072 2604 3134 accusatio
2675 3073 2771 3133 est
2833 3069 3034 3133 discu-

728 3166 952 3230 tienda
1013 3188 1052 3228 a
1104 3165 1461 3248 judicibuS,
1523 3187 1682 3248 quos
1739 3164 1872 3247 ipse
1939 3171 2263 3231 accusator
2325 3166 2619 3249 elegerit,
2691 3168 2805 3228 aut
2868 3163 3034 3247 Apo-

729 3263 958 3327 stolica
1026 3260 1219 3327 Sedes
1289 3261 1389 3325 vel
1457 3263 1762 3345 primates
1829 3261 2286 3346 delegaverint.
2406 3263 2580 3339 Quae
2649 3261 2864 3325 omnia
2934 3260 3035 3324 de-

728 3364 906 3422 creta
969 3360 1037 3422 in
1104 3380 1178 3422 eo
1245 3364 1498 3422 tantum
1563 3358 1992 3434 conveniunt,
2061 3359 2230 3443 quod
2293 3359 2682 3423 sententiam
2742 3357 3033 3421 diffiniti-

731 3478 874 3519 vam
950 3453 1243 3520 Romano
1323 3455 1621 3519 Pontifici
1700 3461 2063 3530 reservant;
2138 3462 2425 3520 attamen
2501 3455 2577 3519 de
2654 3454 2942 3538 personis
3004 3476 3037 3515 a

730 3552 962 3636 quibus
1039 3560 1232 3616 antea
1307 3550 1625 3616 accusatio
1703 3550 2106 3616 discutienda
2181 3553 2296 3629 sit,
2385 3556 2519 3616 tam
2595 3552 2844 3616 diversa
2919 3556 3034 3614 sta-

735 3652 963 3723 tuunt,
1033 3653 1106 3711 ut
1168 3648 1471 3712 falsarius
1540 3648 1674 3731 ipse
1745 3668 1875 3711 non
1945 3654 2155 3731 posset
2223 3671 2352 3713 non
2421 3648 2816 3731 intelligere,
2878 3642 3036 3711 nihil

733 3745 963 3809 horum
1025 3744 1310 3808 omnium
1376 3745 1444 3807 in
1506 3744 1832 3828 vigentem
1899 3744 2199 3809 ecclesiae
2259 3744 2659 3828 disciplinam
2720 3742 3036 3808 introduci

735 3863 935 3924 posse.
1038 3838 1265 3923 Neque
1326 3841 1849 3911 minusincerta
1908 3839 1985 3904 de
2053 3842 2237 3904 rebus
2299 3863 2336 3904 a
2397 3841 2658 3905 diversis
2719 3839 3037 3923 judicibus

733 3936 1086 4002 tractandis
1157 3938 1574 4021 excogitavit3
1647 3959 1811 4021 quae
1887 3938 2057 4000 enim
2127 3943 2282 4001 sunt
2343 3937 2605 4021 negotia
2674 3938 2920 4019 majora
2978 3937 3039 3998 et

731 4056 958 4098 causae
1020 4033 1312 4098 difficiles
1379 4056 1416 4096 a
1475 4035 1883 4117 primatibuS‚
1950 4038 2014 4098 et
2077 4035 2350 4118 majores
2415 4055 2637 4098 causae
2699 4036 2811 4096 aut
2874 4032 3037 4096 diffi-

732 4130 993 4206 ciliores
1042 4130 1443 4213 quaestiones
1501 4153 1538 4192 a
1595 4130 1772 4215 Papa
1823 4129 2173 4195 secundum
2227 4129 2525 4194 Anaclet.
2580 4129 2686 4207 16,
2750 4129 2828 4191 17
2876 4127 3038 4214 judi·
