3270 5028
644 429 712 480 74
1369 425 1452 478 De
1488 424 1700 479 haeresi
1737 424 2212 478 Iconoclastarum.

641 567 1006 630 differentia
1062 567 1604 631 caeremoniarum
1668 569 2074 630 externarum
2132 587 2370 648 magna
2426 588 2505 630 ex
2566 570 2747 648 parte
2808 589 2951 650 pro·

641 662 821 727 venit
865 684 943 725 ex
986 662 1357 727 diversitate
1411 663 1647 727 indolis
1703 666 1769 726 et
1821 662 2204 727 characteris
2253 663 2425 728 inter
2474 662 2837 730 Orientales
2885 668 2951 728 et

640 759 940 824 nationes
1002 757 1366 825 Occidentis
1431 759 1859 842 septentrioni
1921 760 2262 843 propiores.
2371 756 2591 824 Minus'
2654 759 2949 825 videlicet

641 855 931 920 homines
975 854 1202 920 harum
1249 856 1591 920 nationum
1638 860 2150 932 commoventur,
2194 878 2269 921 ac
2313 856 2623 921 tardiores
2667 860 2823 919 sunt
2868 856 2948 920 ad

640 952 825 1036 signa
871 953 1178 1035 ejusmodi
1225 951 1568 1026 exteriora,
1625 973 1792 1036 quae
1845 953 2014 1035 apud
2070 956 2302 1036 gentes
2351 951 2682 1018 Orientem
2727 973 2949 1016 versus

643 1052 709 1112 et
755 1047 1084 1112 Meridiem
1132 1048 1504 1113 habitantes
1549 1050 1898 1132 plurimum
1953 1048 2361 1114 adhibentur.
2415 1085 2505 1095 —
2558 1047 2797 1132 Negari
2845 1053 2950 1111 ta-

644 1166 792 1208 men
824 1165 958 1208 non
989 1149 1224 1227 potest,
1258 1146 1646 1209 verbotenus
1678 1145 2027 1209 identidem
2051 1144 2389 1211 Praesules
2416 1145 2663 1211 Galliae
2694 1166 2950 1209 omnem

641 1242 886 1305 cultum
930 1240 1323 1325 imaginibus
1378 1242 1749 1324 denegasse.
1845 1241 2120 1306 Romani
2176 1246 2391 1307 autem
2439 1243 2784 1307 Pontifices
2831 1242 2951 1306 hac

641 1339 709 1401 in
757 1339 1136 1420 quaestione
1182 1338 1486 1422 prudenti
1532 1339 1906 1402 oeconomia
1949 1340 2046 1403 usi
2090 1344 2275 1414 sunt,
2321 1341 2416 1404 ita
2460 1344 2534 1403 ut
2581 1361 2713 1403 non
2761 1359 2949 1422 urge-

642 1439 790 1498 rent
834 1435 1235 1517 agnitionem
1282 1433 1526 1517 Synodi
1581 1434 1890 1517 septimae
1946 1440 2020 1497 ut
2078 1437 2552 1512 oecumenicae,
2604 1458 2722 1500 nec
2768 1457 2948 1519 coge·

644 1535 791 1595 rent
847 1532 1171 1614 episcopos
1219 1531 1498 1608 Galliae,
1559 1535 1637 1595 ut
1682 1531 1871 1596 aliter
1929 1532 2137 1615 quoad
2185 1533 2666 1597 venerationem
2725 1532 2950 1616 imagi-

642 1651 797 1692 num
868 1632 1255 1693 statuerent
1302 1632 1368 1690 et
1437 1632 1729 1710 agerent.
1843 1625 2209 1712 Sperabant
2277 1629 2571 1694 videlicet
2639 1630 2807 1702 fore,
2876 1635 2950 1693 ut

643 1729 873 1808 sponte
941 1724 1257 1808 oppositio
1320 1725 1434 1788 illa.
1485 1729 1923 1800 evanesceret,
1988 1747 2153 1808 quae
2210 1727 2490 1791 maxima
2551 1732 2735 1809 parte
2799 1747 2950 1791 con·

643 1822 896 1886 fusione
943 1819 1218 1904 quadam
1263 1843 1476 1884 rerum
1519 1826 1586 1884 et
1617 1821 2028 1885 animositate
2073 1823 2424 1896 nitebatur,
2470 1828 2672 1906 utque
2703 1820 2951 1887 Galliae
3005 1890 3010 1896 ,

645 1918 946 1982 ecclesiae
1000 1917 1257 2000 penitus
1315 1938 1453 1982 sese
1508 1918 1773 2000 reliquis
1826 1919 2106 1983 ecclesiis
2161 1919 2659 1985 conformarent.
2751 1919 2951 2002 quue

645 2035 862 2077 revera
908 2035 1124 2077 versus
1170 2014 1405 2078 saeculi
1449 2015 1606 2078 noni
1653 2014 1850 2077 finem
1896 2015 2141 2079 accidit.

340 2161 538 2202 Eventus
564 2158 608 2198 in
823 2110 927 2174 86.
990 2107 1113 2174 Sed
1168 2114 1403 2185 restat,
1465 2114 1542 2173 ut
1595 2132 1992 2191 enarremuS,
2056 2133 2221 2196 quae
2272 2113 2341 2175 in
2396 2114 2832 2177 controversia
2874 2111 2950 2175 de

381 2221 570 2264 Oriente·
644 2207 821 2273 cultu
878 2228 1201 2271 sacrarum
1262 2207 1620 2291 imaginum
1684 2209 1954 2271 ineunte
2014 2209 2263 2274 saeculo
2323 2230 2496 2273 nono
2562 2208 2951 2272 acciderunt.

646 2304 991 2370 Postremis
1042 2303 1277 2367 saeculi
1332 2303 1542 2367 octavi
1606 2304 1795 2368 annis
1851 2303 2166 2368 discordia
2219 2306 2393 2368 inter
2448 2303 2951 2369 Constantinum

642 2402 1104 2484 Imperatorem
1161 2404 1227 2464 et
1281 2399 1532 2463 Irenem
1595 2401 1734 2482 ejus
1793 2404 2063 2464 matrem
2117 2422 2422 2483 magnum
2482 2401 2624 2484 paci
2681 2405 2746 2465 et
2805 2422 2948 2483 pro·

640 2498 931 2583 speritati
993 2496 1285 2581 publicae
1348 2495 1804 2562 detrimentum
1863 2498 2107 2563 intulit.
2197 2499 2393 2563 Anno
2449 2497 2576 2576 ‘390
2639 2497 2953 2563 Constan-

640 2597 815 2676 tinus
864 2599 1135 2662 matrem
1186 2594 1459 2677 imperio
1513 2595 1817 2677 privavit,
1878 2595 1986 2659 sed
2046 2601 2190 2678 post
2242 2618 2513 2670 annum,
2574 2595 2951 2680 rogantibus
3041 2613 3048 2620 ‘

643 2692 1041 2775 proceribus,
1094 2691 1398 2785 resti-tuit.
1489 2695 1684 2755 Anno
1735 2692 1892 2768 795,
1948 2714 2079 2756 non
2139 2693 2547 2757 obstantibus
2594 2689 2657 2756 S.
2707 2691 2952 2757 Tarasii

642 2787 1046 2872 patriarchae
1115 2789 1376 2852 monitis
1441 2793 1506 2851 et
1573 2789 1790 2865 minis,
1862 2787 2134 2852 Mariam
2201 2787 2556 2871 legitimam
2611 2789 2948 2872 conjugem

606 2907 823 2964 ,suam
890 2884 1252 2967 repudiavit
1317 2889 1384 2948 et
1447 2907 1661 2949 coram
1731 2884 2011 2968 Josepho
2079 2884 2452 2967 presbytero
2520 2888 2587 2948 et
2654 2885 2953 2948 ecclesiae

594 2977 617 3038 ι’
644 2980 946 3046 CPtanae
989 3002 1352 3056 oeconom0,
1400 2982 1511 3064 qui
1557 2980 1679 3045 hac
1723 2982 1790 3045 in
1840 3003 1908 3044 re
1942 2980 2374 3045 Constantino
2403 2982 2528 3044 vile
2577 2981 2954 3063 obsequium

580 3089 585 3100 ‘
626 3078 997 3161 praestitit,
1051 3077 1423 3160 illegitimas
1478 3077 1735 3160 nuptias
1792 3099 1930 3141 cum
1979 3077 2314 3142 Theodota
2364 3076 2751 3141 cubicularia
2807 3098 2953 3140 con-

632 3175 862 3239 traxit.
953 3173 1233 3238 Tantum
1283 3174 1561 3249 facinuS,
1617 3173 1786 3257 quod
1842 3175 1911 3237 in
1970 3174 2296 3255 publicum
2340 3173 2644 3258 vergebat
2691 3172 2951 3237 scanda-

642 3273 806 3345 lum,
871 3271 967 3335 ita
1022 3270 1363 3336 commovit
1424 3268 1489 3332 S.
1550 3270 1890 3333 Platonem
1953 3275 2019 3333 et
2078 3269 2139 3334 S.
2197 3269 2602 3334 Theodorum
2665 3269 2949 3346 abbates,

645 3374 719 3431 ut
780 3389 913 3431 non
976 3373 1231 3430 tantum
1299 3366 1711 3448 Imperatoris
1781 3368 2044 3448 nuptias
2105 3368 2322 3449 palam
2388 3365 2949 3449 reprehenderent,

645 3486 916 3547 eumque
972 3484 1084 3527 ceu
1142 3464 1762 3536 excommunicatum
1809 3463 2123 3541 vitarent,
2180 3463 2289 3527 sed
2333 3463 2539 3527 ,etiam
2582 3462 2951 3526 recederent

645 3583 680 3625 a
728 3559 1171 3624 communione
1209 3558 1477 3638 Tarasii,
1529 3559 1697 3642 quod
1742 3559 2103 3624 adulterum
2150 3559 2608 3643 Imperatorem
2655 3564 2720 3623 et
2769 3560 2949 3624 Jose-

644 3657 842 3742 phum
917 3656 1363 3740 presbyterum
1439 3675 1571 3719 non
1651 3657 2253 3720 excommunicaret.
2372 3656 2476 3720 Ita
2543 3657 2612 3719 in
2689 3656 2951 3719 ecclesia

642 3842 815 3896 lorum
861 3842 1045 3895 morbo
1096 3843 1319 3892 sanatus
1369 3843 1512 3898 erat,
1560 3853 1720 3903 quum
1772 3838 1892 3893 oleo
1943 3855 2009 3892 ex
2057 3839 2156 3893 illa
2203 3854 2340 3892 urna
2385 3837 2669 3905 desumpto
2715 3836 2947 3891 frontem

644 3921 908 3974 unxisset.
972 3918 1175 3986 Agitur
1211 3916 1424 3984 quidem
1463 3917 1527 3969 de
1566 3916 1770 3970 honore
1808 3933 1840 3969 a
1866 3917 2280 3971 Ravennatibus
2313 3916 2364 3970 S.
2390 3917 2626 3970 Martino
2664 3915 2947 3984 praestito,

644 4001 738 4053 sed
776 4015 977 4053 morem
1025 3997 1191 4050 istum
1240 3995 1538 4049 honorandi
1587 3995 1882 4064 imaginem
1934 3996 1983 4049 S.
2024 3996 2245 4049 Martini
2297 4011 2525 4049 accenso
2570 3995 2773 4048 lumine
2817 3994 2948 4047 For-

644 4083 872 4133 tunatus
911 4094 1031 4130 eum
1069 4076 1227 4128 laude
1264 4075 1348 4128 ita
1384 4074 1661 4140 describit,
1698 4081 1760 4128 ut
1798 4091 2130 4129 communem
2157 4075 2323 4129 fuisse
2362 4080 2416 4128 et
2453 4075 2628 4128 Gallis
2663 4079 2950 4128 consuetu·

645 4158 825 4212 dinem
864 4156 1062 4210 dixeris
1100 4154 1281 4219 istam,
1318 4154 1409 4208 vel
1448 4153 1644 4207 saltem
1680 4152 1749 4206 iis
1786 4155 2002 4208 omnino
2041 4161 2340 4223 acceptam.
