3270 5028
645 385 749 464 408
1127 411 1132 416 ’
1317 410 1496 464 XVII.
1532 410 1615 464 De
1654 408 1948 464 schismate
1986 410 2278 465 Photiano.

827 551 970 614 101.
1041 550 1358 635 Sequenti
1428 571 1601 614 anno
1652 551 1776 614 871
1842 551 2164 615 mediante
2227 552 2308 615 ab
2371 549 2774 635 Imperatore
2843 549 3010 613 Ba-

645 649 789 713 silio
852 652 917 712 et
962 647 1222 732 Ignatio
1283 646 1651 730 patriarcha
1714 646 1986 712 Romam
2052 650 2286 712 missus
2344 637 2450 712 ‘est
2510 649 3003 733 Theognostus

646 746 872 822 abbas,
939 745 1037 808 vir
1092 745 1537 829 dignissimae,
1604 747 1682 806 ut
1738 745 2020 827 legatus,
2087 746 2196 828 qui
2255 750 2322 809 et
2378 768 2676 822 munera,
2745 752 2816 808 et
2866 745 3000 809 lit-

645 847 818 906 teras
872 840 1287 924 Imperatoris
1341 845 1535 924 atque
1591 839 1834 923 Ignatii
1895 840 1972 904 ad
2020 840 2422 906 Hadrianum
2476 842 2808 907 deferebat
2868 844 2993 905 in-

644 939 815 1022 signi
875 939 1238 1002 reverentia
1296 939 1538 1022 plenas,
1642 937 1740 1000 De
1804 958 2103 1019 prospero
2172 939 2446 1020 primum
2499 938 2729 1002 itinere
2788 938 2986 1023 lega-

643 1038 859 1100 torum
932 1036 1179 1119 quaerit
1242 1035 1629 1118 Imperator,
1704 1055 1902 1116 quum
1963 1035 2098 1116 jam
2170 1034 2482 1098 modicum
2545 1039 2799 1117 tempus
2862 1057 2987 1099 ex-

644 1136 940 1215 spectans
986 1131 1148 1195 nihil
1205 1131 1281 1195 de
1336 1132 1491 1214 ipsis
1552 1130 1848 1194 audierit.
1939 1130 2118 1195 Haec
2170 1132 2314 1194 ficte
2374 1154 2412 1194 a
2459 1131 2692 1195 Basilio
2749 1132 2984 1209 scribi,

647 1233 866 1293 censet
932 1227 1255 1293 Baronius
1335 1230 1417 1308 (a.
1481 1227 1640 1305 871,
1710 1251 1774 1291 n.
1844 1224 1963 1311 8.)‚
2049 1250 2250 1311 quum
2317 1228 2672 1312 Imperator
2739 1230 2982 1295 tristes

648 1329 915 1390 eventus
974 1325 1084 1409 qui
1130 1327 1199 1389 in
1259 1326 1618 1390 confinibus
1676 1325 1863 1407 regni
1920 1325 2020 1389 sui
2068 1325 2434 1390 acciderant
2490 1326 2733 1389 tamdiu
2780 1326 2981 1409 igno-

651 1444 789 1486 rare
843 1444 973 1485 non
1029 1424 1335 1504 potuerit3
1402 1422 1846 1504 quaestionem
1904 1421 2166 1485 dubiam
2226 1423 2680 1506 relinquamus.
2790 1421 2981 1487 Dein

314 1526 624 1597 Petunturdis-
651 1524 785 1582 tum
852 1520 987 1602 ipse
1054 1524 1193 1581 tum
1258 1518 1551 1602 Ignatius
1622 1516 2130 1601 dispensationes
2201 1519 2506 1603 quasdam
2578 1519 2789 1603 quoad
2857 1521 2980 1584 ali-

321 1590 607 1639 pensanones.
651 1637 837 1698 quOS,
908 1616 1031 1698 qu?
1086 1615 1348 1678 fuerant
1416 1613 1755 1691 Photiani‚
1825 1620 2076 1697 petunt.
2190 1616 2410 1680 Verba
2474 1617 2815 1680 afferamus
2892 1638 2975 1680 ex

652 1711 889 1797 Ignatii
939 1712 1238 1795 epistola,
1298 1734 1497 1795 quum
1562 1733 1641 1774 ex
1689 1712 1910 1775 eadem
1971 1711 2141 1775 clare
2200 1735 2300 1777 res
2360 1714 2819 1797 conspiciatur,
2887 1714 2977 1776 si-

648 1809 907 1893 mulque
972 1808 1343 1892 colligatur,
1412 1829 1631 1872 veram
1693 1808 2237 1891 dispensationem
2305 1811 2604 1893 petitam,
2678 1810 2979 1894 adeoque

640 1907 747 1989 jus
811 1905 1226 1989 'dispensandi
1280 1905 1474 1968 etiam
1543 1926 1658 1988 pro
1723 1905 1867 1967 aliis
1932 1905 2474 1988 patriarchatibus
2537 1908 2606 1971 in
2669 1906 2979 1972 Romano
3016 1903 3047 1912 “

653 2002 961 2066 Pontifice
1030 2003 1324 2085 agnitum
1395 2000 1610 2065 fuisse.
1729 1998 1914 2079 Quod
1984 2006 2228 2081 autem,
2306 2003 2555 2078 scribit,
2633 2003 2979 2068 sanctissi-

648 2098 772 2163 mis
838 2097 1107 2162 vicariis
1171 2101 1489 2180 paternae
1556 2095 1932 2162 sanctitatis
1999 2102 2249 2163 vestrae
2324 2098 2535 2164 adhuc
2599 2095 2975 2182 praesenti—

648 2196 764 2262 bus
816 2194 1086 2278 penitus
1138 2194 1500 2277 perfectum
1568 2214 1702 2258 non
1765 2198 1858 2258 est
1919 2215 2122 2276 neque
2186 2195 2383 2275 finem
2442 2196 2710 2279 accepit,
2774 2218 2975 2280 roya-

645 2314 791 2358 mus
841 2312 1017 2356 nunc
1080 2290 1429 2355 terminari
1496 2294 1556 2353 et
1618 2289 1877 2372 disponi
1930 2292 2248 2373 perfecte,
2321 2313 2396 2357 ac
2447 2282 2707 2376 'inteyre
2767 2293 2975 2358 scribi

646 2388 733 2454 ad
794 2387 1227 2452 humilitatem
1284 2391 1579 2451 nostram
1641 2385 1717 2451 de
1777 2386 1914 2451 illis
1970 2387 2340 2467 lectoribus,
2408 2389 2522 2471 qui
2583 2389 2752 2455 tonsi
2808 2397 2974 2456 sunt

648 2506 689 2551 a
752 2483 976 2551 Photii
1043 2504 1279 2550 manus
1341 2483 1784 2565 impositione:
1853 2484 1968 2566 qui
2033 2504 2232 2567 quum
2303 2486 2438 2553 sint
2489 2506 2702 2570 paene
2762 2486 2969 2552 innu-

648 2581 979 2659 merabilis
1040 2580 1486 2671 multitudinis
1542 2580 1616 2645 in
1672 2580 1998 2646 universis
2055 2582 2431 2665 reqionibus
2486 2588 2548 2647 et
2591 2583 2970 2649 civitatibus

647 2679 968 2758 ecclesiae,
1015 2679 1357 2760 postulant
1411 2698 1490 2742 ex
1534 2677 1910 2743 necessitate
1966 2678 2250 2744 aliorum
2302 2679 2450 2759 fieri
2505 2680 2964 2761 sacerdotalem

639 2781 1050 2858 provectum:
1103 2778 1181 2840 ut
1226 2794 1683 2857 coynoscamus
1737 2774 1932 2840 etiam
1991 2797 2185 2857 super
2230 2776 2351 2841 hac
2408 2798 2479 2842 re
2523 2781 2807 2842 vestram
2856 2799 2957 2842 vo-

648 2873 964 2938 luntatem
1012 2876 1204 2954 atque
1249 2871 1572 2937 decretum
1616 2871 1967 2937 certissime
2012 2893 2086 2937 ac
2135 2873 2684 2955 manifestissime,
2734 2879 2961 2941 utrum

646 2970 782 3034 sint
826 2969 1011 3052 diqni
1066 2968 1428 3051 promoveri
1485 2967 1571 3032 ad
1616 2967 1895 3051 majores
1954 2969 2298 3034 sacerdotii
2350 2971 2628 3054 qradu3‚
2695 2990 2783 3036 an
2830 2992 2958 3036 non

646 3067 815 3146 sint,·
860 3066 1131 3132 dubium
1174 3065 1347 3131 enim
1393 3065 1508 3129 hoc
1556 3069 1814 3130 tantum
1862 3064 2271 3133 dimiserunt.
2350 3068 2444 3137 Et
2489 3067 2700 3132 adhuc
2732 3073 2958 3150 postu-

649 3163 861 3228 lamus
918 3164 1113 3228 etiam
1168 3163 1244 3226 de
1297 3161 1532 3226 intimo
1584 3161 1722 3241 filio
1777 3167 1998 3227 nostro
2052 3167 2113 3226 et
2167 3163 2465 3228 veritatis
2522 3164 2959 3247 antayonista,

650 3260 860 3326 Paulo
915 3259 1206 3325 videlicet
1267 3258 1788 3340 chartophylace,
1858 3263 1964 3337 ut,
2029 3259 2088 3324 si
2149 3263 2242 3323 est
2292 3260 2625 3342 possibilis
2684 3261 2759 3326 in
2818 3282 2960 3325 eum

647 3356 1169 3438 dispensationis·
1207 3355 1433 3437 aliqua
1493 3354 1666 3419 ratio
1678 3404 1696 3435 ,
1767 3355 2042 3437 recipiat
2097 3356 2482 3439 diynitatem
2539 3356 2956 3439 episcopatus,

583 3465 587 3469 ⁴
648 3453 1182 3534 quemadmodum
1257 3457 1317 3517 et
1383 3455 1577 3516 antea
1646 3451 1721 3516 in
1799 3451 2035 3516 litteris
2108 3452 2353 3518 nostris
2434 3453 2956 3536 effiayitavimus.

650 3549 907 3614 Deinde
957 3549 1213 3631 quidem
1270 3569 1465 3631 super
1523 3548 1886 3628 TheodorO,
1944 3549 2058 3630 qui
2114 3570 2156 3614 a
2201 3549 2386 3615 nobis
2440 3550 2695 3631 quidem
2751 3571 2956 3615 conse·

649 3650 872 3710 cratus
933 3650 1024 3710 est
1088 3645 1495 3728 metropolita
1568 3645 1832 3726 Cariae,
1899 3645 2178 3711 multum
2242 3652 2459 3711 autem
2523 3646 2842 3712 laboravit
2899 3652 2957 3711 et

651 3742 939 3824 afflictus
986 3746 1079 3807 est
1122 3743 1200 3807 ab
1245 3742 1440 3808 initio
1485 3742 1776 3825 injustae
1821 3762 1896 3806 ac
1941 3741 2210 3823 iniquae
2266 3742 2636 3824 dejectionis
2682 3746 2953 3822 nostrae,

651 3840 725 3904 in
791 3839 1140 3905 novissimo
1201 3861 1349 3904 vero
1418 3861 1561 3904 cum
1630 3838 1862 3903 misero
1925 3836 2163 3902 Photio
2229 3839 2635 3919 conveniens,
2692 3844 2957 3921 propter

653 3936 793 4018 ejus
838 3935 1156 4000 immensa
1202 3940 1521 4001 tormenta
1567 3956 1732 4017 quae
1775 3933 1901 3998 sibi
1945 3933 2397 4000 resistentibus
2426 3935 2767 4017 inferebat,
2798 3933 2953 4001 ‘con-

650 4030 868 4110 sensit‚
917 4036 978 4096 et
1023 4053 1226 4113 usque
1272 4033 1357 4097 ad
1400 4031 1707 4096 ultimum
1751 4030 1962 4113 ipsius
2006 4030 2174 4095 diem
2222 4031 2677 4114 impoenitens,
2726 4031 2953 4096 nihilo·

650 4128 871 4194 minus
931 4150 1167 4194 rursus
1232 4128 1415 4193 corde
1476 4127 1752 4192 contrito
1819 4131 1879 4191 et
1937 4127 2181 4209 spiritu
2247 4127 2642 4193 humilitatis
2704 4127 2954 4192 veniam
