3270 5028
890 423 971 511 fi‘e
1009 456 1389 513 Decretalibus
1426 458 2004 513 Pseudo-Isidorianis
2497 460 2599 511 297

293 622 403 664 rus
446 599 513 663 in
556 597 1295 663 Pseudo-Decretalibus
1338 602 1697 683 generatim
1745 601 2051 684 episcopis
2098 599 2411 684 applicat,
2459 599 2600 663 nul·

294 698 552 761 latenus
600 696 887 777 iptendit
932 718 1152 760 eorum
1201 696 1479 760 divinam
1545 697 2027 762 institutionem
2073 685 2349 782 negare,
2405 700 2602 779 atque

294 816 401 857 eos
468 798 543 857 ut
612 815 821 857 meros
891 794 1159 859 vicarios
1222 791 1499 857 Romani
1567 794 1901 859 Pontificis
1970 794 2291 858 exhibere.
2384 792 2457 856 Id
2523 813 2601 855 ex

296 891 487 955 variis
516 889 957 954 Decretalibus
991 889 1397 954 Collectionis
1431 892 1845 956 manifestum
1894 895 2003 955 est.
2072 891 2178 954 Ita
2224 913 2276 954 e.
2323 911 2386 974 g.
2435 891 2603 972 apud

295 986 689 1052 Clementem
738 1009 791 1051 c.
839 987 923 1050 30
964 987 1231 1070 legitur:
1288 984 1643 1068 Episcopos
1702 1007 1850 1069 erqo
1896 986 2095 1051 vicem
2142 985 2599 1068 Apostolorum

289 1102 511 1164 yerere
555 1080 916 1147 Dominum
966 1082 1252 1148 docuisse
1297 1082 1543 1147 dicebat
1589 1080 1899 1169 (Petrus).

464 1249 567 1312 90.
614 1246 806 1311 Modo
849 1250 1206 1313 accuratius
1252 1248 1710 1331 inquirendum
1755 1254 1879 1325 est,
1932 1253 2147 1312 utrum
2195 1246 2501 1312 Nicolaus
2548 1246 2598 1311 I.
2640 1258 2712 1299 An
2739 1240 2951 1328 Pseudo-⁹

292 1345 371 1409 ad
417 1343 1071 1410 Pseudo-Decretales
1128 1368 1307 1410 suam
1362 1346 1597 1428 agendi
1644 1345 1963 1410 rationem
2018 1344 2471 1427 composuerit,
2539 1348 2605 1407 et
2631 1318 2945 1422 Πωζξωᾞὼᾳῦ

293 1464 373 1504 ex
418 1442 573 1525 ipsis
632 1465 810 1506 suam
860 1442 1213 1506 firmaverit
1274 1446 1340 1505 et
1390 1443 1792 1525 ampliaverit
1851 1442 2323 1505 auctoritatem.
2413 1439 2601 1504 Nico·
2644 1440 2852 1484 Nicolaus
2879 1441 2917 1482 1·

290 1539 463 1602 laum
511 1537 893 1603 Pontificem
956 1538 1036 1602 ad
1084 1538 1760 1603 Pseudo-Decretales
1821 1561 1953 1602 non
2019 1560 2425 1620 provocasse,
2489 1557 2607 1600 nec

290 1637 368 1699 iis
427 1636 673 1700 actibus
744 1658 817 1700 ac
880 1636 1224 1700 sententiis
1285 1636 1416 1700 suis
1487 1635 1698 1718 quoad
1767 1634 2166 1717 disciplinam
2232 1634 2606 1698 ecclesiasti-

292 1754 431 1797 cam
474 1733 682 1796 nisum
726 1754 889 1815 esse,
952 1732 1211 1796 admisit
1256 1731 1559 1809 Blondel,
1624 1731 1816 1815 idque
1857 1734 2431 1815 propugnaverunt
2474 1730 2606 1793 fra·

290 1835 426 1893 tres
477 1826 881 1910 Ballerini;1)
943 1829 1109 1892 hanc
1164 1828 1557 1894 sententiam
1615 1832 1800 1892 tenet
1857 1824 2206 1910 Phillips‚2)
2266 1832 2332 1890 et
2385 1848 2604 1890 recen-

278 1926 535 1989 tissime
600 1924 1090 2008 Hergenrbtber
1154 1929 1375 1989 auctor
1442 1947 1599 1988 sane
1669 1926 2081 2007 gravissimus
2154 1929 2220 1988 et
2283 1924 2353 1987 in
2416 1923 2606 1987 rebus

294 2043 455 2105 quae
518 2022 852 2106 historiam
912 2027 978 2085 et
1034 2024 1141 2105 jus
1196 2022 1694 2086 ecclesiasticum
1762 2028 2061 2104 spectant
2125 2023 2409 2104 apprime
2475 2042 2607 2083 ver-

292 2114 548 2201 satus.³)
639 2117 855 2182 Etiam
904 2118 977 2182 P.
1027 2118 1125 2182 De
1174 2117 1426 2197 Smedt,
1485 2119 1776 2201 quamvis
1833 2119 2006 2181 haud
2069 2122 2346 2193 asserat,
2412 2116 2607 2183 Nico-

219 2307 256 2324 ‘a

293 2358 430 2424 niti,
493 2358 900 2414 fraternitatem
962 2367 1113 2415 tuam
1182 2362 1248 2416 de
1307 2362 1481 2415 totius
1545 2362 1759 2429 negotii
1824 2361 2090 2429 qualitate
2152 2359 2607 2428 metropolitanus

297 2438 510 2492 curabit
546 2438 844 2505 instruere,
893 2444 950 2498 et
988 2442 1034 2494 si
1073 2457 1252 2494 coram
1297 2440 1493 2508 positis
1539 2440 1790 2508 partibus
1829 2457 1929 2495 nec
1966 2448 2062 2494 tuo
2098 2440 2266 2494 fuerit
2299 2456 2388 2494 res
2428 2440 2608 2505 sopita

295 2517 527 2587 judicio,
583 2520 651 2572 ad
698 2524 942 2574 nostram
1000 2522 1366 2589 cognitionem
1424 2520 1686 2588 quidquid
1740 2521 1876 2575 illud
1932 2525 2020 2575 est
2073 2518 2487 2574 transferatur.“
2538 2549 2606 2555 —-

299 2598 355 2651 C.
396 2597 464 2650 X.
508 2597 597 2664 „Si
636 2614 799 2652 causa
838 2599 1021 2666 aliqua
1057 2601 1232 2669 maj0r
1277 2601 1580 2665 exstiterit,
1627 2602 1694 2654 ob
1742 2617 1900 2668 quam
1946 2598 2314 2654 necessarium
2355 2598 2453 2664 sit,
2503 2598 2607 2651 fra-

298 2685 513 2730 ternum
551 2677 822 2732 advocare
861 2687 1206 2746 conventum,
1244 2680 1396 2734 binos
1434 2681 1501 2734 de
1540 2680 1778 2748 singulis
1816 2679 2114 2747 provinciis
2152 2678 2436 2745 episcopos
2473 2692 2610 2744 quos

299 2756 711 2823 metropolitani
762 2758 1095 2813 crediderint
1142 2775 1263 2829 esse
1305 2751 1607 2813 mittendos
1657 2760 1725 2812 ad
1769 2759 2178 2813 fraternitatem
2226 2763 2374 2810 tuam
2420 2756 2607 2810 venire

300 2833 589 2887 sufficiat.“
633 2876 647 2890 .
686 2877 696 2888 .
740 2878 751 2889 .
790 2867 858 2874 —
898 2837 955 2890 C.
991 2839 1087 2891 XI.
1143 2838 1229 2906 „Si
1269 2844 1451 2893 autem
1494 2838 1555 2891 in
1591 2854 1655 2892 eo
1703 2838 1844 2904 quod
1894 2854 2014 2890 cum
2059 2837 2321 2890 fratribus
2368 2842 2608 2888 tractan-

301 2913 426 2965 dum
483 2913 914 2970 definiendumve
971 2917 1293 2982 credideriS,
1348 2917 1567 2970 diversa
1624 2933 1806 2971 eorum
1860 2916 2031 2970 fuerit
2085 2931 2116 2968 a
2171 2922 2268 2968 tua
2320 2915 2611 2968 voluntate

303 2992 610 3059 sententia,
675 2996 744 3047 ad
798 3011 899 3049 nos
956 2996 1137 3049 omnia
1191 2995 1289 3049 sub
1353 3001 1635 3064 gestorum
1699 2995 2089 3049 testificatione
2149 2994 2484 3056 referantur,
2547 3002 2609 3046 ut

300 3072 527 3126 remotis
565 3073 1017 3142 ambiguitatibus
1057 3076 1199 3141 quod
1234 3075 1350 3128 Deo
1386 3074 1604 3140 placeat
1642 3073 2012 3128 decernatur.“
2053 3103 2121 3110 —
2158 3073 2325 3127 Hisce
2369 3073 2613 3137 mandat,

302 3164 495 3202 causas
550 3153 785 3220 majores
841 3155 910 3206 ad
965 3153 1118 3206 Sedis
1174 3153 1525 3220 Apostolicae
1579 3152 1844 3206 vicarium
1898 3152 1990 3206 vel
2043 3152 2254 3205 demum
2310 3151 2379 3204 ad
2432 3151 2610 3217 ipsum

300 3229 604 3282 Romanum
641 3230 964 3285 Pontificem
1002 3246 1122 3285 esse
1160 3231 1496 3285 deferendas
1568 3231 1635 3283 In
1679 3231 1786 3284 fine
1832 3230 1996 3298 hujus
2038 3229 2344 3284 Decretalis
2382 3230 2616 3283 habetur

300 3307 395 3361 ille
432 3313 639 3375 textuS‚
678 3326 836 3376 quem
865 3310 1123 3364 Nicolaus
1161 3309 1218 3363 in
1258 3310 1495 3378 epistola
1532 3311 1600 3363 ad
1640 3309 1922 3376 episcopos
1954 3308 2164 3362 Galliae
2204 3324 2250 3360 a.
2277 3309 2379 3360 865
2406 3307 2613 3373 (Labbe

302 3387 459 3440 VIII.
504 3389 632 3455 797)
686 3390 907 3456 citavit,
965 3407 1031 3443 nc
1078 3406 1256 3444 omnes
1302 3388 1407 3443 sibi
1452 3388 1638 3443 omnia
1686 3387 2039 3452 vindicarent.
2125 3387 2384 3440 Nicolaus
2438 3385 2612 3454 igitur

303 3467 371 3518 ad
410 3466 549 3520 hanc
586 3469 933 3524 Decretalem
970 3468 1230 3537 respexit,
1269 3484 1429 3535 quum
1465 3468 1770 3534 insisteret,
1815 3474 1875 3522 ut
1912 3482 2108 3522 causae
2146 3467 2398 3533 maioreS,
2436 3464 2613 3531 qualis

307 3561 375 3598 ex
434 3545 548 3613 ipso
598 3553 721 3602 erat
768 3548 1037 3616 depositio
1087 3547 1351 3615 episcopi,
1407 3561 1515 3600 non
1562 3546 1916 3601 definirentur
1971 3545 2086 3599 sine
2141 3558 2405 3598 consensu
2457 3542 2614 3597 Sedis

307 3626 673 3690 Apostolicae.
755 3628 1080 3681 Hincmarus
1126 3642 1255 3680 vero
1307 3626 1554 3691 tenebat,
1602 3630 1817 3681 tantum
1863 3642 1951 3680 res
2002 3624 2192 3678 dubias
2240 3628 2298 3677 et
2332 3622 2612 3689 implean,

305 3719 368 3757 ac
405 3706 945 3774 metropolitanorum
992 3705 1396 3768 accusationeS,
1441 3720 1563 3760 esse
1611 3720 1803 3759 causas
1848 3705 2082 3773 maj0res
2129 3703 2199 3757 ad
2244 3702 2434 3756 Sedem
2471 3702 2615 3768 Apo-

307 3784 556 3837 stolicam
593 3785 923 3840 referendas.

487 3864 524 3925 1)
561 3865 644 3918 De
682 3864 923 3932 antiquis
963 3864 1187 3918 Collect.
1228 3880 1488 3917 canonum
1534 3861 1590 3916 in
1628 3861 1926 3930 appendice
1978 3862 2046 3914 ad
2086 3861 2264 3930 Opera
2301 3862 2352 3915 S.
2393 3860 2615 3916 Leonis.

483 3942 525 4008 2)
563 3942 980 4010 Kirchenrecht,
1017 3945 1080 3998 B.
1117 3943 1213 3997 IV.
1252 3942 1299 4012 ξ.
1342 3945 1459 3996 174.

471 4021 1129 4090 ΒὴΚὶτοὴθῃςθεοὴίοὶιΐῑ
1169 4021 1352 4090 (1876)
1397 4021 1461 4074 Β.
1499 4020 1541 4073 Ι.
1586 4020 1752 4074 Abth.
1801 4024 1850 4074 2.
1891 4019 1942 4074 S.
1984 4022 2100 4073 590.
2180 4020 2376 4088 „Falsa
2426 4025 2513 4075 est
2550 4035 2615 4073 ea

308 4100 636 4168 suppositiO,
680 4101 965 4156 Nicolaum
1002 4116 1329 4168 provocasse
1368 4101 1435 4153 ad
1472 4099 2051 4154 Pseudo-Decretales
2088 4099 2333 4153 Isidori.“
2408 4098 2615 4152 Existi-

307 4188 421 4234 mat
459 4186 670 4247 auctor,
706 4181 990 4235 Nicolaum
1025 4180 1344 4234 Decretales
1381 4179 1577 4232 Isidori
1616 4194 1721 4232 non
1749 4179 2097 4246 cognovisse.
