3270 5028
368 1706 375 1714 „
410 1676 568 1705 oannes

408 1727 539 1770 VIII.

647 394 750 461 216
1113 409 1230 462 XV.
1268 409 1351 463 De
1389 408 1621 475 Imperio
1659 417 1719 464 et
1756 411 1821 464 de
1856 409 2106 464 Ecclesia
2143 426 2281 463 saec.
2321 427 2478 465 n0n0.

646 547 722 612 in
789 547 1033 630 synodo
1098 547 1419 613 rationem
1476 553 1765 631 poneret.
1875 551 2102 616 Refert
2161 552 2484 617 annalista
2540 551 2970 617 Bertinianus

618 647 1039 717 *sententiam
1101 645 1419 711 Hadriani
1482 647 1698 730 Papae
1764 647 2065 712 adversus
2110 648 2520 713 Anastasium
2584 650 2654 713 in
2710 647 2967 732 synodo

645 743 874 819 latam,
921 743 992 806 in
1036 765 1161 827 qua
1208 743 1512 808 Pontifex
1557 745 1679 823 ait,
1734 743 2071 809 Nicolaum
2122 745 2361 828 Papam
2408 767 2551 811 eum
2597 747 2666 810 in
2712 744 2967 830 gremio

648 837 972 904 Ecclesiae
1019 839 1400 923 suscepisse,
1459 840 1570 904 sed
1618 861 1767 904 eum
1813 841 2264 924 depraedatum
2310 863 2451 906 esse
2494 841 2958 926 patriarchium

648 941 715 999 et
759 935 1048 999 furatum
1095 935 1435 1017 synodales
1465 937 1815 1021 scripturas
1858 942 2084 1002 contra
2125 939 2332 1021 ipsum
2377 938 2604 1017 factaS,
2652 960 2725 1003 ac
2769 936 2966 1002 modo

648 1030 1024 1095 Eleutherio
1082 1032 1348 1096 consilia
1404 1033 1727 1098 homicidii
1787 1032 2107 1118 dedisse.¹)
2162 1071 2251 1080 —
2302 1033 2426 1100 Sed
2479 1035 2734 1099 videtur
2779 1036 2961 1098 Ana-

647 1129 882 1192 stasius
928 1127 1228 1211 probasse
1285 1129 1727 1210 innocentiam
1780 1153 1980 1195 suam.
2073 1130 2241 1195 Nam
2298 1155 2470 1197 anno
2516 1133 2642 1196 869
2687 1152 2960 1197 consen-

646 1224 853 1288 tiente
894 1223 1212 1288 Pontifice
1259 1225 1487 1290 missus
1535 1230 1631 1290 est
1678 1231 1753 1291 ut
1796 1228 2051 1311 legatus
2096 1226 2405 1292 Ludovici
2450 1228 2532 1292 II.
2584 1227 2963 1292 Constanti-

646 1322 966 1404 nopolim,
1028 1321 1159 1385 imo
1206 1322 1397 1386 etiam
1458 1323 1538 1386 ab
1583 1322 1916 1388 Hadriano
1965 1325 2142 1393 varia
2200 1325 2466 1408 negotia
2522 1325 2611 1389 ibi
2674 1323 2964 1411 gerenda

648 1419 707 1482 ei
753 1419 1086 1482 commissa
1131 1423 1314 1501 sunt,
1373 1423 1438 1483 et
1492 1424 1631 1483 tum
1690 1419 1810 1484 sub
1857 1419 2188 1485 Hadriano
2244 1427 2386 1487 tum
2442 1422 2562 1485 sub
2620 1423 2758 1506 ejus
2812 1442 2959 1484 suc-

648 1536 892 1579 cessore
938 1514 1476 1580 Bibliothecarius
1521 1513 1726 1599 fuit.2)
2052 1564 2147 1647 sq
2199 1531 2205 1541 '
2450 1592 2452 1594 ,

827 1646 928 1710 57.
995 1647 1318 1710 Defuncto
1376 1647 1542 1712 circa
1607 1648 1803 1711 finem
1868 1650 2108 1713 mensis
2235 1649 2548 1713 ovembris
2612 1648 2767 1711 anni
2826 1647 2964 1710 872

651 1743 983 1808 Hadriano
1031 1743 1145 1824 IL,
1200 1744 1437 1808 electus
1501 1748 1623 1825 est·
1659 1746 1728 1808 in
1787 1744 2162 1810 Pontificem
2223 1744 2512 1809 Joa‘n‘nes
2571 1741 2760 1808 VIII.
2820 1742 2958 1807 Ro-

650 1862 878 1905 manus
951 1844 1019 1903 et
1092 1841 1392 1905 ecclesiae
1463 1839 1793 1906 Romanae
1868 1842 2378 1920 archidiaconus,
2454 1842 2564 1926 qui
2637 1826 2968 1906 &eclesiae

647 1936 926 2019 praefuit
982 1958 1183 2020 usque
1232 1937 1312 2001 ad
1369 1960 1617 2002 annum
1673 1939 1823 2004 882.
1922 1939 2121 2004 Anno
2180 1940 2305 2031 825
2361 1938 2464 2003 die
2521 1938 2626 2003 12.
2672 1937 2963 2022 Augusti

650 2032 1008 2098 Ludovicus
1052 2033 1554 2123 naq-&Imperator
1613 2033 1964 2100 Mediolani
1989 2022 2297 2100 “m-ortem
2358 2035 2658 2120 oppetiit,
2719 2039 2785 2099 et
2846 2056 2961 2098 ex·-

645 2116 795 2194 inde
860 2124 1154 2214 tempora
1216 2122 1664 2196 successerunt
1725 2125 2134 2208 turbulenta,
2201 2154 2274 2196 ac
2338 2132 2619 2196 motibus
2681 2131 2966 2195 internis

647 2226 1247 2311 calamitatibusque
1314 2228 1600 2293 externis
1681 2230 1957 2296 funesta.
2087 2229 2296 2306 Quum
2371 2226 2736 2293 Ludovicus
2787 2248 2957 2311 „pro-

645 2325 768 2387 lem
834 2323 1085 2387 virilem
1154 2346 1287 2388 non
1355 2325 1749 2408 reliquisset,
1822 2347 2055 2410 magna
2127 2347 2241 2408 pro
2297 2326 2562 2409 imperio
2628 2330 2693 2389 et
2752 2345 2965 2408 regno

644 2420 876 2483 Italiae
940 2421 1345 2485 adsciscendo
1422 2422 1775 2485 certamina
1848 2423 2170 2486 concitata
2241 2426 2417 2489 sunt.
2541 2421 2801 2487 Etenim
2876 2420 2960 2484 ad

645 2517 820 2581 hunc
872 2539 1074 2601 usque
1133 2517 1301 2583 diem
1362 2519 1678 2603 ejusmodi
1736 2519 1925 2583 decus
1973 2541 2022 2583 ·a
2080 2523 2266 2602 patre
2321 2519 2606 2597 vivente,
2684 2540 2957 2585 consen-

644 2616 849 2679 tiente
911 2636 1246 2699 procerum
1306 2620 1661 2697 conventu,
1727 2617 2003 2680 maximo
2065 2620 2227 2681 natu
2287 2617 2421 2681 filio
2481 2616 2750 2695 deferri,
2814 2616 2968 2680 sub-

647 2718 956 2795 sequente
1021 2712 1356 2777 Pontificis
1405 2714 1888 2778 consecratione
1948 2717 2385 2778 consueverat.
2504 2712 2696 2778 Modo
2762 2712 2963 2777 Caro-

646 2809 746 2871 lus
803 2807 1034 2873 Calvus
1081 2808 1424 2887 Franciae,
1486 2814 1554 2875 et
1611 2809 1969 2874 Ludovicus
2025 2808 2409 2874 Germaniae
2464 2831 2680 2894 rege8‚
2746 2809 2962 2873 Ludo·

648 2906 768 2971 vici
813 2905 1226 2989 Imperatoris
1272 2906 1559 2971 defuncti
1605 2906 1841 2989 patrui,
1898 2907 2188 2970 certatim
2237 2907 2523 2969 animum
2571 2906 2652 2970 ad
2695 2906 2984 2973 Italiam,

648 3006 713 3066 et
779 3002 858 3066 ad
926 3002 1274 3086 Imperium
1350 3004 1742 3088 adjecerunt.
1860 3001 2102 3066 Romae
2173 3023 2325 3067 vero
2391 3002 2706 3067 factiones
2770 3004 2963 3067 nobi·

648 3100 803 3162 lium
878 3099 1124 3183 majora
1197 3100 1517 3183 parabant
1589 3098 1982 3163 Pontificum
2057 3098 2341 3162 libertati
2417 3099 2717 3181 pericula.
2797 3099 2960 3163 *Fa-

647 3197 860 3261 miliae
922 3197 1136 3261 variae
1186 3198 1288 3276 ¹ad
1355 3217 1773 3281 permagnam
1841 3195 2196 3278 potentiam
2273 3202 2729 3277 pervenerant,
2805 3218 2964 3262 con-

648 3292 977 3357 tribuente
1060 3293 1140 3356 ad
1213 3293 1332 3357 hoc
1409 3315 1626 3357 earum
1714 3314 1856 3356 cum
1929 3290 2458 3375 praecedentibus
2536 3292 2964 3357 Pontificibus

646 3389 1143 3473 propinquitatis
1202 3389 1299 3453 vel
1364 3388 1724 3453 affinitatis
1761 3389 2181 3453 connexione.
2289 3387 2432 3452 Jam
2495 3389 2607 3452 alii
2666 3410 2963 3472 proceres

646 3484 912 3549 Francis
981 3486 1404 3550 orientalibus
1477 3484 1724 3550 Galliae
1785 3490 1851 3549 et
1920 3483 2147 3549 Carolo
2217 3483 2442 3562 Calvn,
2510 3485 2622 3549 alii
2692 3484 2964 3550 Francis

647 3581 1148 3647 occidentalibus
1195 3605 1306 3648 seu
1358 3580 1699 3646 Germanis
1745 3603 1819 3645 ac
1866 3580 2187 3645 Ludovico
2234 3579 2568 3659 favebant,
2626 3587 2692 3647 et
2747 3581 2956 3646 acrius

647 3678 1035 3743 alterutrius
1088 3685 1333 3762 partem
1401 3677 1851 3743 defendebant.
1924 3713 2007 3722 ——
2078 3677 2159 3741 In
2231 3676 2423 3741 Italia
2490 3675 2956 3743 Saracenorum

647 3774 940 3839 incursus
1005 3776 1258 3859 ingenti
1327 3781 1514 3839 erant
1582 3774 1892 3858 periculo;
1966 3774 2035 3838 in
2092 3772 2305 3837 Gallia
2366 3773 2504 3858 jam
2572 3796 2649 3837 ex
2710 3774 2966 3857 aliquot

831 3980 872 4052 ¹)
907 3982 1093 4050 Pertz,
1131 3984 1203 4037 M.
1243 3983 1306 4039 G.
1343 3985 1389 4037 I.
1427 3988 1547 4040 479.

826 4061 869 4127 ²)
903 4062 1072 4116 Plura
1109 4064 1175 4117 de
1213 4063 1509 4118 identitate
1546 4062 1829 4117 Anastasii
1867 4062 2023 4117 Card.
2061 4069 2125 4119 et·
2154 4062 2435 4117 Anastasii
2470 4063 2611 4117 Bibl.
2650 4063 2775 4118 vide
2812 4064 2960 4131 apud

645 4142 1061 4212 Hergenrother
1097 4142 1132 4195 1.
1173 4160 1216 4195 e.
