3270 5028
694 448 799 499 354
1366 444 1544 499 XVII.
1582 446 1667 499 De
1705 446 2000 500 schismate
2038 445 2324 517 Photiano.

696 585 1218 668 comprobantur,
1280 590 1508 651 sancta
1552 585 1859 650 Romana
1903 585 2139 651 retinet
2195 585 2485 664 ecclesia,
2549 584 2641 650 sic
2684 605 2823 664 vos,
2895 584 3016 666 qui

692 683 954 749 incaute
998 687 1059 746 et
1106 686 1330 747 contra
1369 687 1691 766 paternas
1746 681 2132 762 traditiones
2175 684 2462 766 promoti
2508 681 2687 761 estis,
2749 681 2827 746 in
2884 701 3013 764 pa-

677 778 1099 845 triarchatus
1145 778 1369 843 ordine
1414 800 1541 844 non
1590 777 1843 865 recipit,
1893 783 1973 846 et.
1997 799 2200 861 neque
2245 784 2396 844 ante
2423 780 2681 862 ,iustam
2728 780 3013 843 damna-

694 876 932 941 tionem
984 874 1241 957 Iynatii
1290 874 1718 957 patriarchae
1771 874 1843 939 in
1902 875 2127 941 ordine
2186 875 2570 941 sacerdotali
2624 876 2800 941 vobis
2864 895 3014 939 ma-

692 993 843 1038 nere
888 970 1275 1053 consentit.¹)
1359 972 1650 1056 Epistola
1689 972 1772 1037 ad
1815 972 2278 1056 Imperatorem
2326 975 2463 1057 pari
2510 995 2651 1038 cum
2698 974 3016 1038 libertate

693 1071 1043 1154 apostolica
1089 1071 1331 1153 scripta
1378 1075 1501 1135 est.
1589 1066 1850 1133 Modum
1905 1071 2258 1134 canonibus
2314 1072 2673 1154 oppositum
2725 1093 2857 1154 quo
2908 1092 3018 1133 res

692 1167 1253 1250 Constantinopoli
1324 1173 1620 1249 peractae
1685 1168 1820 1230 sint
1888 1188 2188 1250 arguenS,
2262 1168 2523 1231 nuntiat
2587 1166 3015 1250 Imperatori:

696 1262 1120 1343 Quamobrem
1152 1261 1509 1327 necessario
1554 1261 1630 1327 in
1676 1261 1998 1326 sententia
2032 1267 2276 1342 nostra,
2320 1283 2451 1344 qua
2493 1261 2809 1342 stetimus,
2855 1282 3016 1344 per-

691 1359 1003 1438 sistimu8‚
1051 1364 1111 1424 et
1154 1379 1359 1440 neque
1404 1358 1828 1423 venerabilem
1877 1357 2219 1442 anatium
2256 1359 2711 1441 patriarcham
2756 1358 2832 1423 in
2883 1357 3017 1423 ali-

693 1477 815 1538 quo
868 1456 1285 1535 damnamus,
1344 1475 1548 1536 neque
1593 1454 1907 1519 Photium
1960 1456 2145 1521 modo
2202 1455 2479 1537 quolibet
2531 1454 3015 1538 suscipimus&

693 1554 1014 1618 Hortatur
1071 1575 1259 1636 porro
1312 1554 1525 1634 illum,
1586 1566 1661 1615 ut
1709 1575 1838 1617 non
1888 1576 2001 1637 pro
2047 1555 2340 1632 arbitrie,
2404 1553 2512 1618 sed
2562 1557 2755 1639 juxta
2802 1554 3018 1618 eccle-

689 1652 1013 1717 siasticam
1059 1650 1456 1733 disciplinam
1502 1652 1766 1733 negotia
1813 1651 2240 1715 ecclesiastica
2285 1651 2513 1715 exinde
2541 1650 3013 1715 Constantino-

690 1749 820 1831 poli
866 1750 1255 1812 tractentur.
1320 1781 1405 1791 —-
1473 1747 1683 1823 Quum
1732 1768 1883 1810 vero
1933 1746 2290 1810 timendum
2349 1752 2546 1828 esset,
2612 1769 2694 1810 ne
2737 1747 3014 1811 litterae

689 1845 855 1908 istae
916 1844 994 1906 ad
1054 1843 1359 1907 Photium
1429 1850 1495 1907 et
1557 1844 2016 1926 Imperatorem
2089 1842 2648 1927 Constantinopoli
2722 1845 3008 1908 occulta-

691 1944 945 2019 rentur,
1000 1938 1310 2005 Nicolaus
1357 1940 1624 2023 epistola
1673 1939 2002 2021 encyclica¹
2029 1943 2165 2024 jam
2213 1945 2567 2004 memorata
2614 1940 3005 2022 providerat,

690 2042 765 2100 ut
811 2038 1140 2101 sententia
1170 2035 1350 2101 Sedis
1384 2037 1793 2119 Apostolicae
1833 2036 2129 2100 omnibus
2160 2036 2444 2101 Orientis
2490 2037 2767 2101 ecclesiis
2813 2039 3021 2112 fieret-

689 2134 1054 2197 manifesta.
1263 2144 1268 2149 “

864 2230 969 2293 43.
1032 2229 1402 2313 Aliquanto*
1449 2234 1594 2313 post
1657 2228 1879 2293 multis
1937 2229 2251 2312 superatis
2316 2229 2661 2293 obstaculis
2725 2222 3005 2295 Romam

689 2328 953 2391 advenit
998 2326 1476 2408 Theognostus,
1534 2326 1776 2409 Ignatii
1832 2325 2120 2390 libellum
2177 2325 2624 2408 appellationis
2681 2326 3000 2404 deferens,

690 2424 1002 2506 multique
1068 2422 1176 2486 alii
1235 2420 1601 2486 Orientales
1667 2424 1866 2498 secuti
1930 2426 2116 2498 sunt,
2182 2422 2296 2505 qui
2350 2422 2570 2486 Photii
2628 2426 2696 2487 et
2750 2422 3007 2489 Bardae

610 2568 616 2574 -
690 2521 1060 2586 violentiam
1108 2519 1465 2604 fugiebant.
1558 2520 1937 2584 Accuratius
1984 2523 2142 2583 tunc
2184 2518 2488 2584 Nicolaus
2531 2543 2632 2585 res
2680 2521 3006 2587 Constan-

686 2617 959 2701 tinopoli
1004 2621 1218 2702 gestas
1265 2616 1523 2681 edoctus
1570 2624 1693 2682 est.
1768 2616 1942 2680 Hinc
1986 2638 2203 2680 mense
2233 2616 2441 2699 Aprili
2490 2640 2545 2682 a.
2596 2620 2723 2682 863
2756 2619 3007 2683 Romae

687 2717 758 2779 in
803 2714 1115 2798 synodum
1174 2715 1547 2779 convocavit
1605 2715 1842 2778 multos
1889 2714 2120 2777 Italiae
2177 2713 2527 2797 episcop08,
2585 2721 2651 2779 et
2707 2714 3009 2780 recitatis

402 2824 629 2896 Damnatio
692 2809 988 2875 omnibus
1032 2808 1381 2891 scripturis
1436 2808 1512 2873 de
1558 2828 1792 2893 yraeco
1846 2829 2135 2874 sermone
2190 2809 2264 2873 in
2319 2808 2604 2878 latinum
2657 2812 3007 2890 conversis,

439 2887 598 2928 Ph⁰t¹¹'
693 2930 1005 2991 causaque
1050 2907 1333 2972 discussa
1362 2906 1667 2971 Pontifex
1712 2909 1779 2970 in
1819 2906 2123 2995 Photium
2152 2908 2805 2989 vtulit,damnafflonis
2851 2933 3002 2974 sen-

639 2919 993 3110 'tentiam,
1051 3027 1180 3088 qua
1226 3005 1397 3068 omni
1446 3002 1824 3069 sacerdotali
1873 3004 2114 3068 honore
2171 3009 2237 3068 et
2295 3005 2556 3069 nomine
2603 3011 2831 3070 exutus
2880 3012 3007 3079 est,

689 3102 877 3186 eique
934 3103 1053 3165 sub
1109 3101 1551 3178 anathemate,
1616 3123 1744 3184 quo
1803 3101 2067 3165 nonnisi
2122 3101 2191 3164 in
2246 3103 2471 3165 mortis
2518 3103 2788 3168 articulo
2835 3105 3002 3167 solvi

689 3203 935 3282 posset,
998 3197 1445 3275 interdictum,
1509 3219 1591 3261 ne
1646 3198 1838 3261 sacris
1891 3198 2065 3261 ultra
2110 3218 2176 3260 se
2232 3198 2608 3263 ministeriis
2653 3199 3008 3285 ingereret,

692 3299 806 3358 aut
873 3295 1201 3378 Ignatium
1275 3293 1633 3378 legitimum
1705 3293 2137 3376 patriarcham
2203 3294 2626 3377 perturbaret.
2736 3297 2815 3360 In
2878 3295 3004 3360 hac

693 3391 885 3455 etiam
962 3389 1205 3473 synodo
1275 3390 1635 3454 damnatus·
1691 3394 1789 3454 est
1854 3389 2198 3474 Gregorius
2271 3391 2711 3474 Syracusanus
2783 3392 3004 3457 Photii

692 3487 1048 3562 ordinator,
1115 3487 1413 3570 omnique
1461 3486 1841 3552 sacerdotali
1894 3488 2250 3552 ministerio
2312 3489 2403 3551 ita
2456 3493 2689 3552 exutus
2736 3494 2863 3566 est,
2926 3496 3000 3554 ut

693 3585 753 3648 ei
798 3605 938 3667 spes
984 3583 1415 3647 restitutionis
1457 3587 1579 3655 aut
1608 3585 2068 3649 satisfactionis
2099 3584 2275 3656 locus
2322 3585 2392 3648 in
2421 3586 2711 3668 qualibet
2756 3587 3007 3669 synodo

625 3748 626 3751 Ἴ
691 3679 1254 3761 intercluderetur,
1317 3683 1382 3744 et
1442 3681 1894 3745 denuntiatum
1959 3679 2334 3762 anathema,
2398 3683 2452 3744 si
2509 3684 2731 3746 munia
2783 3684 2999 3767 aliqua

693 3777 1112 3843 sacerdotalia
1154 3777 1388 3855 obiret,
1444 3778 1545 3841 vel
1590 3785 1819 3841 contra
1871 3778 2198 3862 Ignatium
2252 3777 2474 3841 turbas
2535 3779 2812 3843 excitare
2861 3801 2999 3863 per·

694 3880 890 3959 geret.
1000 3872 1190 3938 Omni
1255 3894 1503 3957 quoque
1558 3874 1831 3938 clericali
1887 3875 2098 3939 officio
2155 3875 2274 3938 hac
2326 3875 2395 3937 in
2456 3876 2700 3956 synodo
2761 3876 2999 3959 privati

659 3948 876 4046 lsnnt,
933 3971 1040 4052 qui
1097 3992 1135 4032 a
1180 3969 1416 4033 Photio
1472 3969 1737 4034 fuerant
1793 3971 2092 4035 ordinati.
2183 3970 2262 4033 In
2325 3971 2668 4053 pristinum
2725 3971 2997 4056 gradum

872 4181 910 4245 ¹)
948 4176 1126 4244 Epist.
1166 4178 1248 4246 6³3
1287 4178 1471 4233 Labbe
1497 4177 1650 4230 VIII.
1689 4180 1809 4231 282.
2027 4176 2070 4244 ²)
2108 4177 2282 4243 Epist.
2323 4181 2404 4244 5⁸3
2442 4177 2627 4231 Labbe
2667 4179 2787 4231 278.
