3270 5028
629 380 732 432 184
1167 378 1251 431 De
1287 377 1522 444 Imperio
1562 383 1618 433 et
1657 379 1724 432 de
1762 378 2015 433 Ecclesia
2050 393 2188 433 saec.
2228 394 2385 432 nono.

628 525 945 584 terrarum
1006 523 1199 602 atque
1260 520 1430 603 apud
1493 541 1718 584 omnes
1781 523 2013 603 gentes
2079 519 2433 603 Imperator
2495 520 2940 584 Romanorum

629 639 708 681 ex
775 619 877 680 tot
943 615 1207 680 saeculis
1274 615 1624 679 fruebatur.
1741 613 1813 679 3⁰
1873 616 1952 679 Ei
2021 617 2097 681 de
2152 618 2301 700 jure
2370 617 2775 700 competisse,
2841 621 2943 698 ut,

629 711 1162 797 quemadmodum
1239 712 1502 777 fuerant
1571 712 2045 777 Constantinus
2125 735 2200 777 ac
2270 713 2692 795 TheodosiuS,
2768 717 2942 777 esset

625 814 953 894 protector
1023 830 1098 872 ac
1172 809 1471 873 defensor
1538 809 1870 874 *Ecclesiae
1945 831 2019 874 ac
2094 811 2295 875 totius
2369 811 2693 876 societatis
2766 809 2937 874 chri-

626 906 898 970 stianae.
974 941 1048 949 —
1118 904 1262 970 Jam
1327 927 1476 969 vero
1547 905 1680 969 Leo
1744 905 1861 970 III.
1935 908 2353 972 coronatione
2427 907 2637 971 Caroli
2711 905 2938 989 Magni

626 1003 699 1067 in
747 1000 1201 1084 Imperatorem
1258 1023 1332 1065 ea
1377 1003 1541 1095 jura
1582 1002 1892 1095 illamque
1948 1001 2337 1099 dignitatem
2394 1008 2459 1066 et
2510 1004 2935 1088 majestatem,

627 1102 948 1184 quantum
994 1082 1349 1195 spectabat
1409 1099 1490 1162 ad
1553 1090 2003 1177 Occidentem,
2080 1100 2357 1165 contulit
2420 1098 2935 1176 Oar010,adeo·

628 1217 751 1280 que
817 1217 890 1258 ea
959 1195 1030 1257 in
1093 1192 1161 1258 re
1200 1192 1454 1258 merito
1514 1196 1782 1278 ponitur
1843 1188 2185 1260 translatio
2247 1196 2508 1280 Imperii
2573 1194 2936 1261 Occidentis

627 1315 666 1357 a
715 1291 972 1356 Graecis
1026 1291 1106 1354 ad
1151 1291 1452 1355 Francos,
1510 1328 1587 1335 —
1638 1290 1850 1355 Medio
1907 1314 2065 1356 aevo
2108 1297 2330 1357 autem
2383 1294 2598 1377 plures
2646 1296 2936 1357 auctores

627 1390 930 1453 videntur
985 1388 1394 1471 supposuisse
1450 1385 1948 1471 translationem
1994 1387 2263 1470 plenam
2311 1387 2588 1471 Imperii
2646 1412 2682 1452 a
2737 1388 2936 1453 Grae-

627 1488 716 1551 cis
781 1484 860 1548 ad
925 1483 1232 1548 Francos·
1349 1483 1443 1547 Ea
1512 1485 1684 1548 enim
1754 1484 2016 1568 Imperii
2092 1487 2272 1550 notio
2351 1487 2551 1570 magis
2609 1486 2937 1569 magisque

629 1605 698 1647 se
760 1582 1112 1664 evolverat,
1192 1579 1361 1664 quod
1429 1585 1597 1644 esset
1673 1581 1742 1644 in
1809 1579 2206 1664 Imperatore
2281 1581 2674 1665 suprematia
2746 1602 2939 1665 quae-

627 1679 773 1743 dam
843 1677 1242 1760 temporalis,
1307 1677 1721 1761 protectionis
1786 1681 1852 1741 et
1913 1676 2338 1755 defensioniS‚
2409 1678 2619 1761 quoad
2683 1679 2939 1741 univer-

628 1798 763 1839 sam
840 1775 1211 1838 societatem
1285 1774 1732 1851 christianam,
1814 1773 2236 1838 subordinata
2313 1777 2528 1838 tamen
2606 1772 2941 1839 directioni

632 1872 910 1935 Romani
979 1871 1311 1935 Pontificis
1387 1874 1580 1955 atque
1650 1872 1858 1954 quoad
1926 1871 2337 1934 collationem
2409 1872 2489 1935 ab
2561 1894 2635 1936 eo
2704 1870 2939 1954 depen-

629 1968 805 2033 denS.
898 1967 1075 2031 Haec
1134 1967 1336 2050 igitur
1396 1967 1711 2051 dignitas,
1772 1967 1892 2031 hoc
1943 1966 2287 2050 Imperium
2351 1968 2614 2031 nonnisi
2671 1965 2941 2031 unicum

630 2086 764 2129 esse
813 2070 1085 2148 poterat.
1164 2064 1444 2128 Maxime
1491 2084 1642 2127 vero
1688 2086 1886 2148 quum
1925 2062 2285 2147 Imperator
2319 2063 2605 2129 Orientis
2653 2053 2940 2128 animum

627 2184 780 2245 prae
839 2183 905 2225 se
968 2161 1170 2224 ferret
1229 2161 1729 2237 schismaticum,
1794 2161 1928 2242 ipse
1986 2182 2117 2224 non
2165 2182 2267 2236 re,
2331 2160 2441 2224 sed
2502 2161 2685 2225 inani
2744 2161 2938 2224 titulo

634 2256 990 2341 Imperator
1036 2279 1170 2321 esse
1217 2258 1618 2321 censebatur.

804 2354 905 2418 20.
985 2353 1296 2437 Tempore
1369 2357 1589 2417 tamen
1669 2352 1881 2417 Caroli
1930 2352 2017 2418 M.
2094 2376 2208 2437 per
2285 2354 2657 2418 institutum
2728 2353 2940 2436 Impe-

599 2451 794 2514 ·rium
858 2451 1282 2529 occidentale,
1352 2451 1580 2514 saltem
1608 2472 1777 2524 ssnon
1845 2471 2150 2534 expresse
2204 2453 2580 2535 derogatum
2644 2450 2766 2514 fuit
2825 2449 2940 2512 im-

627 2550 853 2633 periali
923 2548 1224 2633 dignitati
1288 2548 1700 2631 Imperatoris
1769 2548 1998 2612 Graeci
2066 2549 2137 2611 in
2208 2571 2325 2613 sua
2391 2547 2652 2612 ditione.
2760 2546 2938 2623 Quod

626 2667 777 2710 vero
836 2645 916 2708 ad
978 2647 1128 2729 jura
1191 2645 1304 2709 illa
1375 2645 1614 2708 attinet
1683 2666 1844 2728 quae
1910 2647 2372 2723 recensuimus,
2445 2644 2707 2708 dubium
2769 2643 2938 2707 vide·

627 2745 765 2820 tur,
847 2746 1065 2806 utrum
1126 2763 1346 2825 reapse
1409 2740 1611 2805 adhuc
1675 2740 2052 2823 Imperatori
2122 2742 2427 2806 orientali
2496 2740 2936 2805 convenerint.

629 2839 850 2915 Quoad
911 2839 1271 2922 provincias
1330 2836 1693 2902 Occidentis
1754 2837 2097 2922 regendas,
2151 2840 2261 2922 jus
2323 2841 2463 2902 erat
2524 2841 2694 2901 certe
2754 2835 2936 2901 valde

627 2941 974 3012 remotum,
1038 2935 1165 2999 imo
1226 2957 1339 3018 per
1402 2937 1670 2999 eventus
1729 2934 2114 3018 multiplices
2175 2935 2590 2999 infirmatum.
2694 2933 2935 2996 Defen-

627 3034 871 3098 sionem
949 3031 1268 3096 Ecclesiae
1347 3032 1488 3115 jam
1561 3029 1801 3094 dudum
1887 3031 1984 3094 illi
2057 3029 2487 3113 Imperatores
2571 3030 2937 3105 omiserant,

629 3135 824 3213 atque
898 3130 1097 3212 impia
1179 3129 1589 3213 oppressione
1676 3128 1734 3190 ei
1812 3126 2130 3192 dominari
2209 3128 2447 3211 passim
2521 3126 2935 3200 studuerant3

628 3248 749 3290 nec
813 3227 1246 3310 protegendae
1314 3225 1607 3291 societati
1677 3224 2062 3288 christianae
2126 3229 2315 3289 erant
2382 3247 2581 3309 pares.
2696 3225 2799 3288 Ita
2871 3229 2939 3287 et

629 3323 911 3407 dignitas
971 3323 1084 3386 illa
1146 3327 1211 3386 et
1272 3323 1575 3406 majestas
1635 3321 1989 3404 imperialis
2051 3344 2241 3405 quam
2307 3343 2584 3405 eousque
2649 3322 2764 3386 soli
2827 3321 2937 3384 ha-

629 3419 902 3495 bebant,
965 3418 1215 3482 influxu
1279 3419 1435 3482 reali
1496 3417 1665 3501 apud
1727 3418 1884 3482 alias
1947 3417 2240 3482 nationes
2301 3418 2579 3482 carebat.
2639 3452 2723 3463 —-
2785 3415 2935 3481 Non

628 3518 849 3600 potest
915 3514 1117 3598 igitur
1181 3536 1255 3579 eo
1321 3536 1513 3579 sensu
1581 3514 1705 3579 dici
1777 3515 2165 3579 translatum
2234 3538 2271 3579 a
2342 3514 2600 3579 Graecis
2670 3514 2749 3577 ad
2816 3513 2934 3578 Oa·

629 3612 842 3676 rolum
888 3610 976 3674 M.
1042 3612 1432 3676 occidentale
1497 3611 1875 3694 Imperium,
1944 3634 2017 3676 ac
2074 3613 2129 3675 si
2188 3614 2338 3697 jura
2406 3631 2569 3693 quae
2625 3611 2701 3675 de
2759 3609 2935 3693 facto

631 3704 1096 3772 mercabantur
1139 3708 1219 3771 ab
1263 3707 1768 3790 Imperatoribus
1817 3707 2095 3773 OPtanis
2141 3710 2212 3773 in
2264 3708 2674 3774 Occidentem
2722 3713 2933 3773 trans·

628 3807 762 3870 lata
824 3809 1044 3869 essent
1104 3806 1173 3868 in
1224 3805 1520 3869 Carolum
1565 3803 1686 3881 M.,
1750 3807 1853 3870 vel
1917 3806 2100 3888 quasi
2152 3811 2440 3889 potestas
2495 3806 2743 3888 aliqua,
2803 3827 2934 3889 qua

626 3902 1037 3979 fruebantur,
1117 3902 1270 3985 ipsis
1345 3906 1513 3965 esset
1582 3902 1884 3985 adempta
1958 3906 2024 3965 et
2100 3900 2327 3966 Carolo
2397 3902 2649 3979 collata.
2768 3902 2933 3977 Qua-

627 3999 966 4062 damtenus
1033 4001 1250 4062 tamen
1322 3999 1665 4063 translatio
1730 3998 1989 4083 Imperii
2058 3998 2470 4063 occidentalis
2536 3999 2659 4063 dici
2721 4002 2936 4082 potest

626 4094 911 4179 perfecta
975 4117 1086 4177 per
1151 4094 1455 4159 Leonem.
1568 4095 1830 4160 Etenim
1899 4096 2123 4160 relicta
2196 4095 2573 4179 quaestione
2645 4096 2723 4160 de
2782 4095 2934 4159 fun-
