3270 5028
661 450 732 501 98
1194 446 1341 501 XIV.
1379 446 1461 501 De
1500 446 1654 501 civili
1687 447 1754 500 R.
1792 444 2077 500 Pontificis
2115 444 2441 514 principatu.

664 589 976 653 exarchae
1045 610 1277 652 munus
1350 587 1511 651 illud
1573 588 1868 658 obtinuit
1936 586 2324 669 Eutychiae,
2396 588 2507 671 qui
2567 590 2702 673 jam
2776 589 2970 650 antea

662 685 884 749 eodem
949 684 1208 749 functus
1285 688 1443 750 erat.
1565 683 1870 760 Quamvis
1934 704 2085 748 vero
2160 682 2466 748 Pontifex
2538 704 2796 766 operam
2871 681 2972 744 de·

662 781 880 863 disset,
925 784 1000 845 ut
1039 781 1451 864 Imperatoris
1493 781 1943 846 auctoritatem
1989 784 2300 844 tueretur.
2330 783 2396 844 et
2440 781 2500 844 ei
2546 784 2770 844 contra
2801 776 2971 843 Lon·

662 877 977 963 gobardos
1038 878 1440 954 subveniret,
1510 884 1732 942 tamen
1803 877 1997 940 etiam
2065 875 2451 959 Eutychiu8‚
2514 878 2613 941 vir
2683 874 2971 954 callidus,

664 976 723 1040 ei
791 974 1079 1038 insidiari
1143 996 1276 1039 non
1344 974 1613 1039 destitit.
1721 972 1988 1038 Artibus
2049 974 2181 1037 suis
2245 994 2319 1037 eo
2371 974 2692 1058 pervenit,
2754 976 2827 1036 ut
2880 963 2971 1036 ‚ad

556 1026 582 1147 i
665 1069 1117 1135 debellandum
1174 1069 1558 1155 Gregorium
1602 1071 1687 1136 H.
1748 1071 1920 1154 ipsos
1982 1068 2443 1153 Longobardos
2503 1070 2628 1134 sibi
2677 1069 2968 1134 sociaret.

664 1168 743 1232 In
795 1167 1011 1231 animo
1065 1166 1364 1232 habuisse
1421 1167 1675 1232 videtur
1734 1165 2038 1243 exarcha,
2102 1169 2178 1231 ut
2221 1164 2636 1249 Imperatoris
2693 1166 2968 1229 auctori-

664 1270 865 1330 tatem
917 1265 1174 1348 plenius
1231 1266 1298 1328 in
1359 1263 1535 1328 Urbe
1590 1264 1995 1342 restitueret,
2058 1265 2138 1328 et‘
2182 1263 2558 1328 Pontificem
2613 1263 2970 1326 Romanos·

665 1383 791 1445 que
853 1366 1110 1445 cogeret
1156 1361 1234 1425 ad
1292 1361 1603 1425 mandata
1648 1361 2061 1444 Imperatoris
2113 1364 2343 1424 contra
2396 1381 2607 1425 sacras
2659 1357 2971 1442 imagines

664 1457 1060 1542 exequenda.

359 1557 606 1616 Eutychius
840 1555 948 1619 21.
1004 1554 1141 1630 Qua
1195 1553 1272 1617 de
1325 1575 1394 1617 re
1453 1558 1679 1619 auctor
1728 1552 1921 1616 Vitae
1979 1551 2275 1636 Gregorii
2325 1552 2410 1616 11.
2468 1551 2637 1635 apud
2692 1555 2971 1615 Anasta-

394 1623 592 1666 ⁹¹⁸¹⁰h⁸'
663 1653 858 1718 sium:
909 1649 1012 1715 Εο
1057 1669 1205 1713 vero
1251 1652 1530 1732 tempore
1575 1647 1657 1734 (a.
1695 1650 1850 1728 729)
1880 1646 2252 1730 Eutychius
2284 1647 2621 1713 Patricius
2669 1650 2728 1711 et
2777 1644 2968 1711 Luit-

655 1746 961 1831 prandus
1023 1765 1142 1810 rex
1202 1744 1502 1811 inierunt
1574 1744 1917 1811 consilium
1979 1743 2340 1826 nefarium,
2418 1749 2496 1810 ut
2568 1742 2972 1827 conyreyatis

665 1841 1056 1909 eoeercitibus
1114 1861 1234 1906 rex
1294 1841 1638 1925 subjiceret
1705 1841 1895 1907 duces
1958 1839 2380 1922 Spoletanum
2447 1845 2509 1905 et
2569 1841 2968 1906 Beneventa-

664 1938 901 2021 num,¹)
950 1943 1011 2004 et
1040 1938 1361 2005 emarchus
1390 1939 1690 2018 Romam,
1737 1941 1798 2002 et
1833 1957 1999 2019 quae
2032 1937 2292 2020 pridem
2338 1937 2414 2002 de
2445 1937 2783 2017 Pontificis
2814 1957 2970 2019 per-

665 2057 826 2102 sona
879 2036 1114 2119 jussus
1160 2035 1401 2117 fuerat
1466 2034 1776 2117 impleret.
1899 2032 2030 2113 Qui
2098 2054 2215 2099 rex
2283 2033 2613 2117 Spoletum
2691 2033 2969 2113 veniens,

665 2132 977 2216 susceptis
1038 2132 1118 2197 ab
1186 2131 1480 2212 utrisque
1537 2129 1809 2196 ducibus
1870 2130 2299 2196 sacramentis
2368 2135 2560 2213 atque
2628 2130 2971 2211 obsidibus,

665 2250 811 2296 cum
858 2233 993 2294 tota
1039 2248 1163 2293 sua
1207 2228 1459 2293 cohorte
1499 2227 1573 2292 in
1620 2225 1908 2292 Neronis
1952 2246 2249 2308 campum
2299 2227 2568 2293 secessit.
2652 2227 2759 2291 Ad
2786 2247 2972 2308 quem

665 2346 958 2410 eyressus
1002 2324 1316 2407 Pontifex
1361 2323 1543 2406 eique
1575 2327 2040 2406 praesentatus
2084 2323 2359 2398 studuit,
2405 2327 2483 2389 ut
2516 2323 2755 2406 potuit,
2800 2322 2973 2406 reqis

665 2422 915 2487 mollire
962 2421 1258 2487 animum
1291 2420 1782 2486 commonitione
1824 2419 1958 2503 pia,
2003 2419 2103 2485 ita
2142 2424 2218 2486 ut
2263 2441 2327 2485 se
2362 2423 2804 2504 prosterneret
2833 2419 2974 2503 eJ‘us

654 2518 930 2603 pedibus
990 2523 1051 2585 et
1097 2518 1510 2602 promitteret
1563 2539 1629 2583 se
1674 2517 1846 2584 nulli
1900 2518 2151 2601 inferre
2203 2517 2547 2584 laesionem
2557 2537 2582 2598 ,·
2644 2522 2836 2600 atque
2881 2514 2974 2581 sic

665 2616 753 2681 ad
796 2620 1051 2681 tantam
1113 2614 1661 2698 compunctionem
1713 2614 1853 2697 piis
1910 2613 2177 2679 monitis
2231 2615 2444 2696 flexus
2493 2619 2615 2693 est,
2675 2618 2751 2680 ut
2810 2633 2973 2697 quae

662 2714 889 2797 fuerat
947 2711 1223 2777 indutus
1269 2732 1459 2778 arma
1504 2715 1795 2791 exueret,
1852 2715 1913 2775 et
1970 2715 2124 2776 ante
2167 2732 2400 2795 corpus
2445 2710 2741 2794 Apostoli
2776 2731 2972 2793 pone-

666 2814 791 2889 ret,
837 2813 1133 2875 mantum
1149 2857 1167 2888 ,
1214 2807 1697 2874 armillausiam
1710 2855 1728 2888 ,
1777 2807 2056 2873 balteum
2074 2856 2091 2887 ,
2139 2809 2438 2892 spatham
2455 2858 2472 2887 ,
2525 2813 2718 2891 atque
2764 2827 2974 2874 ensem

665 2906 1084 2985 deauratum,
1147 2925 1394 2971 necnon
1450 2924 1753 2970 coronam
1807 2925 2103 2984 auream,
2161 2908 2221 2969 et
2275 2925 2525 2971 crucem
2579 2910 2970 2988 arqenteam.

667 3001 825 3067 Post
872 3001 1230 3067 orationem
1273 3002 1523 3085 factam
1569 3000 1922 3067 obsecravit
1967 3000 2373 3083 Pontificem,
2429 3007 2506 3067 ut
2549 3006 2976 3068 memoratum

665 3098 1018 3164 exarchum
1065 3098 1151 3163 ad
1192 3098 1376 3182 pacis
1422 3098 1829 3164 concordiam
1875 3096 2197 3180 suscipere
2244 3097 2652 3181 diynaretur,
2703 3099 2872 3182 quod
2915 3101 2976 3163 et

544 3187 548 3198 ’
663 3195 916 3278 factum
971 3200 1080 3259 est.
1137 3232 1226 3241 —-
1286 3196 1536 3260 Exinde
1588 3218 1704 3279 per
1748 3196 1997 3280 aliquot
2057 3218 2264 3262 annos
2327 3205 2468 3262 tum
2514 3220 2552 3262 a
2599 3197 2973 3281 Longobar-

667 3292 891 3356 dorum
956 3293 1370 3357 infestatione
1425 3292 1705 3358 Romani
1768 3292 2025 3357 liberati
2084 3298 2265 3376 sunt,
2324 3298 2463 3358 tum
2529 3296 2611 3359 ab
2668 3294 2972 3378 Eutychii

665 3389 1024 3453 vexatione.
1118 3388 1243 3453 Sed
1309 3388 1443 3454 Leo
1500 3389 1760 3455 Isaurus
1823 3390 2227 3455 continuavit
2289 3390 2525 3455 bellum
2589 3396 2818 3457 contra
2871 3414 2974 3457 sa-

665 3506 803 3548 cras
852 3486 1197 3570 imagines,
1264 3491 1331 3549 et
1391 3486 1570 3549 brevi
1632 3492 1778 3569 post
1836 3488 2027 3551 etiam
2091 3486 2422 3552 Romanae
2484 3488 2785 3554 ecclesiae
2846 3490 2972 3553 amss

666 3582 950 3663 plissima
1036 3582 1429 3665 patrimonia
1514 3583 1584 3646 in
1659 3581 1855 3647 Italia
1938 3583 2340 3649 meridionali
2417 3607 2488 3649 ac
2560 3584 2774 3650 Sicilia
2854 3586 2973 3650 eri-

665 3778 740 3832 tis
780 3777 1055 3833 continuis
1100 3780 1323 3847 scriptis
1370 3785 1533 3848 atque
1572 3782 2078 3837 commonitionibus
2124 3784 2195 3838 ad
2240 3799 2427 3854 regem
2471 3786 2675 3852 missis,
2723 3784 2970 3852 quamvis

665 3856 854 3910 multis
902 3857 1049 3912 datis
1097 3860 1405 3914 muneribus
1453 3860 1650 3915 saltem
1705 3863 1950 3917 omnibus
1995 3863 2109 3917 suis
2156 3864 2419 3918 nudatum
2476 3863 2666 3931 opibus
2713 3871 2970 3926 castrum,

667 3936 1016 3990 donationem
1075 3938 1406 3992 beatissimis
1455 3939 1735 4007 Apostolis
1785 3942 1952 3997 Petro
2002 3945 2060 3996 et
2109 3942 2280 3996 Paulo
2338 3943 2640 3997 antefatam
2695 3943 2971 4006 emittens,

666 4014 1149 4103 Langobardorum
1200 4034 1300 4071 rea·
1354 4019 1604 4073 restituit
1660 4024 1824 4086 atque
1880 4018 2157 4075 donavit.“
2240 4021 2378 4075 Rem
2430 4023 2487 4076 in
2534 4023 2762 4090 ancipiti
2806 4022 2971 4076 relin-

706 4109 900 4147 nimus,

667 4109 704 4160 q
847 4170 889 4241 ¹)
927 4174 1034 4228 Isti
1073 4175 1236 4231 duces
1274 4193 1331 4233 se
1368 4178 1485 4233 fere
1522 4178 1953 4246 independentes
1990 4193 2023 4231 a
2059 4194 2191 4247 rege
2227 4180 2593 4235 reddiderant.
