3270 5028
444 2307 573 2350 icolai

419 2369 566 2412 studiu

569 2382 625 2412 m.

710 433 812 483 306
1049 431 1195 484 XVI.
1238 430 1445 485 Causae
1485 429 1730 490 celebres
1768 435 1824 483 et
1858 430 2179 485 Decretales
2216 430 2672 486 Pseudo-Isidori.

888 574 1033 639 100.
1096 574 1410 637 Attamen
1470 568 1541 635 3⁰
1598 573 1971 636 nullatenus
2029 573 2289 656 speciali
2344 572 2619 656 quodam
2682 572 2873 638 modo
2942 593 3028 635 ex

707 667 882 733 hisce
930 669 1402 746 Decretalibus‚
1465 690 1539 732 ac
1576 668 1630 732 si
1686 669 1764 732 iis
1809 669 2095 753 indigeat
2139 671 2219 734 ad
2264 670 2717 734 auctoritatem
2765 673 2831 734 et
2886 668 3025 752 pri-

707 765 942 849 vilegia
997 763 1175 830 Sedis
1234 764 1645 848 Apostolicae
1708 764 2119 843 vindicanda,
2184 765 2486 830 Nicolaus
2543 766 2760 830 eadem
2824 766 3032 848 privi-

703 862 875 947 legia
919 861 1346 941 demonstrat,
1406 882 1525 925 nec
1570 883 1858 945 unquam
1902 861 2182 946 aliquam
2227 884 2306 925 ex
2351 862 2523 927 hisce
2571 862 3024 927 Decretalibus

704 951 1124 1022 nbminatim‘
1160 958 1333 1023 citat.
1448 955 1600 1034 Sed,
1671 958 1771 1021 uti
1838 958 2144 1035 vidimus,
2212 959 2665 1023 auctoritatem
2733 963 2799 1022 et
2860 959 3020 1042 jura

707 1053 1141 1119 Romanorum
1173 1055 1558 1119 Pontificum
1605 1052 1834 1136 probat
1877 1076 1955 1118 ex
1995 1055 2324 1139 principiis
2368 1055 2798 1139 generalibus,
2846 1075 3023 1137 quae

702 1151 912 1215 verbis
960 1150 1198 1215 Christi
1245 1150 1577 1227 nituntur,
1639 1154 1705 1213 et
1751 1171 1833 1213 ex·
1876 1150 2356 1227 Decretalibus,
2403 1151 2788 1229 canonibus,
2838 1151 3023 1215 aliis-

703 1270 828 1331 que
895 1248 1264 1312 traditionis
1336 1247 1735 1312 documentis
1802 1247 1965 1312 nulli
2040 1249 2515 1312 controversiae
2581 1247 2876 1312 obnoxiis
2952 1253 3021 1308 et

694 1343 940 1426 jamdiu
1015 1345 1202 1408 notiS.
1316 1343 1787 1408 Tantummodo
1853 1343 2128 1409 fortasse
2194 1344 2502 1427 implicite
2572 1349 2636 1408 et
2706 1343 3022 1428 quadam·

700 1446 893 1506 tenus
939 1440 1060 1504 dici
1101 1445 1317 1523 posset
1361 1440 1554 1504 etiam
1599 1440 1729 1504 illis
1777 1439 2525 1505 Pseudo-Decretalibus
2570 1441 2726 1516 niti,
2784 1444 3016 1523 quate-

701 1560 824 1603 nus
869 1543 1132 1620 propter
1177 1537 1584 1619 exceptiones
1631 1559 1671 1600 a
1715 1536 2092 1619 quibusdam
2139 1538 2448 1620 prolatas,
2494 1537 2849 1621 generatim
2900 1536 3021 1600 de-

700 1635 910 1699 fendit
968 1634 1252 1698 valorem
1303 1632 1765 1710 Decretalium,
1827 1654 1991 1717 quae
2052 1634 2120 1697 in
2183 1633 2409 1698 Codice
2469 1656 2601 1699 non
2667 1634 3021 1698 continen-

698 1737 835 1810 tur,
893 1736 960 1795 et
1004 1731 1216 1808 docet,
1277 1732 1469 1795 etiam
1525 1751 1603 1793 ex
1661 1731 1740 1793 iis
1788 1730 2021 1794 merito
2066 1730 2304 1793 firmari
2361 1730 2694 1814 privilegia
2744 1735 3027 1795 sanctae

702 1827 905 1892 Sedis.
998 1827 1395 1892 Nominatim
1444 1830 1664 1890 autem
1721 1847 1825 1891 eas
1883 1848 2015 1890 non
2076 1825 2328 1904 citavit,
2388 1827 2537 1909 quia
2580 1831 2766 1891 erant
2812 1826 3016 1892 docu-

699 1928 918 1989 menta
978 1946 1173 2002 nova,
1238 1946 1518 2007 eousque
1577 1924 1661 1987 in·
1709 1922 2193 2006 quaestionibus
2245 1924 2412 2006 juris
2474 1944 2512 1985 a
2571 1929 2799 1988 sancta
2844 1924 3025 1988 Sede

700 2042 831 2085 non
903 2021 1221 2097 adhibita,
1290 2020 1588 2104 quodque
1653 2020 1854 2102 aliqui
1922 2020 2198 2103 episcopi
2267 2040 2488 2083 earum
2553 2021 3012 2085 auctoritatem

700 2118 1072 2183 canonicam
1144 2119 1617 2202 impugnarent.
1724 2115 1918 2179 Haud
1983 2137 2131 2180 vero
2203 2120 2469 2199 apparet
2525 2115 2860 2182 Nicolaum
2928 2116 3023 2180 de

702 2236 920 2278 earum
970 2215 1378 2298 genuinitate
1424 2213 1618 2278 dubia
1663 2213 1938 2296 positiva
1984 2211 2304 2276 habuisse.

882 2311 1026 2373 101.
1087 2308 1224 2375 Nec
1285 2307 1355 2372 4⁰
1415 2310 1603 2374 velim
1673 2330 1942 2393 negare,
2004 2307 2342 2374 Nicolaum
2401 2308 2675 2393 cognitis
2720 2306 3016 2372 Pseudo·

698 2405 1143 2471 Decretalibus
1213 2407 1536 2470 firmatum
1605 2406 1800 2470 fuisse
1868 2407 1940 2470 in
2010 2427 2086 2470 ea
2153 2406 2383 2489 agendi
2456 2406 2588 2481 via,
2668 2427 2796 2488 qua
2865 2406 3005 2489 jam

696 2508 891 2569 antea
934 2503 1274 2581 utebatur,
1333 2526 1584 2588 quaque
1627 2501 1933 2567 studebat
1987 2501 2377 2568 difficillimis
2432 2502 2561 2567 illis
2610 2502 3017 2585 temporibus

698 2601 877 2681 Sedis
931 2601 1343 2685 Apostolicae
1406 2601 1855 2664 auctoritatem
1914 2603 1981 2663 et
2032 2601 2184 2684 jura
2239 2599 2307 2663 in
2368 2599 2570 2664 causis
2624 2598 3015 2663 ecclesiasti·

695 2699 781 2762 cis
842 2697 1258 2781 disponendis
1313 2719 1385 2762 ac
1441 2696 1815 2762 dirimendis
1870 2716 2099 2780 urgere
2155 2699 2222 2758 et
2268 2695 2610 2761 vindicare.
2702 2694 3019 2759 Pristinis

695 2795 865 2858 enim
933 2794 1360 2878 temporibuS,
1436 2793 1535 2857 uti
1604 2792 1913 2868 diximuS,
1986 2792 2323 2875 disciplina
2384 2791 2808 2857 ecclesiastica
2867 2813 3009 2854 non

694 2897 833 2955 erat
890 2891 962 2954 in
1022 2890 1319 2955 omnibus
1379 2894 1443 2953 et
1503 2889 1713 2974 quoad
1774 2889 2030 2974 singula
2087 2894 2221 2954 tam
2288 2893 2582 2954 accurate
2644 2887 3013 2952 canonibus

694 2993 758 3052 et
819 2989 1059 3072 regulis
1119 2987 1575 3064 determinata,
1637 2991 1712 3050 ut
1760 3009 1891 3052 non
1957 2987 2160 3070 possit
2217 2986 2494 3050 inveniri
2537 2985 2730 3048 variis
2788 2984 2859 3047 in
2901 3005 3005 3047 re-

690 3085 1018 3169 gionibuS,
1083 3086 1272 3148 variis
1330 3085 1399 3147 in
1464 3085 1787 3169 adjunctis
1853 3089 1918 3147 et
1978 3084 2195 3148 variis
2229 3083 2626 3166 temporibus
2686 3081 3005 3164 quaedam

692 3180 1046 3245 diversitas.
1164 3181 1530 3264 Aliquando
1601 3180 2087 3262 metropolitani
2155 3184 2219 3243 et
2281 3180 2510 3263 synodi
2577 3177 3009 3261 provinciales

692 3278 1137 3341 consentiente
1187 3275 1846 3341 Romano-Pontifice
1904 3297 2126 3340 causas
2184 3278 2619 3359 episcoporum
2680 3279 2748 3337 et
2804 3275 3001 3338 eccle-

691 3374 930 3437 siarum
986 3373 1367 3457 judicabant
1431 3378 1496 3436 et
1556 3371 2029 3447 terminabant,
2104 3372 2448 3456 aliquando
2509 3393 2688 3450 vero,
2761 3368 2870 3434 ubi
2935 3369 3003 3433 id

692 3470 1116 3533 necessarium
1177 3470 1274 3533 vel
1341 3471 1776 3552 opportunum
1833 3467 2196 3546 videbatur,
2257 3468 2601 3533 Pontifices
2657 3469 2808 3551 jura
2869 3466 2999 3549 pri-

691 3573 904 3630 matus
965 3565 1068 3628 sui
1123 3567 1350 3648 majori
1411 3563 1835 3646 amplitudine
1895 3565 2250 3649 majorique
2310 3566 2527 3649 vigore
2593 3563 3005 3628 exercebant.

688 3662 829 3726 Hoc
885 3661 1106 3727 diebus
1167 3660 1231 3726 S.
1279 3659 1527 3726 Nicolai
1579 3660 1763 3728 valde
1822 3661 2255 3725 necessarium
2319 3665 2485 3738 erat,
2551 3661 2701 3744 quia
2764 3658 2997 3723 Oriens

691 3759 771 3823 ad
819 3758 1097 3824 schisma
1152 3758 1487 3842 vergebat,
1544 3762 1609 3821 et
1665 3758 1734 3821 in
1785 3756 2058 3823 Francia
2113 3780 2186 3823 ac
2234 3757 2581 3824 Germania
2635 3756 2717 3820 ob
2771 3776 2996 3839 regum

691 3860 757 3919 et
800 3855 1155 3919 factionum
1218 3854 1620 3938 politicarum
1677 3853 2102 3919 dissensiones
2156 3856 2358 3919 multa
2412 3853 2753 3918 arbitrario
2810 3851 2999 3916 modo

689 3952 959 4029 fiebant,
1022 3951 1116 4015 ita
1180 3955 1256 4014 ut
1310 3952 1461 4034 jura
1523 3949 1741 4013 divina
1798 3957 1865 4014 et
1923 3950 2208 4015 humana
2252 3952 2669 4015 violarentur.
2761 3938 3005 4012 Merito

690 4048 891 4133 igitur
936 4047 1247 4112 Pontifex
1293 4046 1610 4110 influxum
1672 4067 1858 4110 suum
1916 4051 1991 4110 ut
2036 4046 2359 4111 Ecclesiae
2405 4047 2662 4130 capitis,
2726 4049 2794 4110 et
2844 4046 3000 4128 jura

690 4145 888 4209 insita
932 4145 1265 4228 primatus,
1310 4164 1545 4227 magno
1592 4163 1733 4206 cum
1784 4144 2003 4228 vigore
2051 4165 2342 4208 exercere
2389 4144 2567 4209 nisus
2615 4148 2731 4207 est.
2798 4141 3002 4218 Quod
