3270 5028
668 449 775 499 368
1346 444 1525 524 XVII.
1562 443 1647 495 De
1687 441 1982 496 schismate
2017 441 2301 496 PhotianO.

660 590 888 667 patres
931 584 1147 648 videre
1192 604 1322 648 non
1371 584 1539 663 licet,
1597 582 1668 646 hi
1722 580 2028 663 inquam,
2085 580 2462 663 effecerunt,
2522 587 2598 646 ut
2644 582 2780 646 Dei
2827 603 2991 645 vere

623 761 626 764 Ι
670 680 1027 746 sacerdotes
1084 680 1227 743 odio
1286 680 1682 758 haberentur
1745 682 1805 741 et
1860 678 2257 752 vitarentur,
2329 678 2618 743 Manetis
2678 678 2996 744 culturae

666 777 922 841 semina
967 777 1040 841 in
1086 775 1221 841 illis
1267 773 1840 859 disseminantes,¹)
1888 779 1947 838 et
1978 775 2254 856 animas,
2302 794 2467 856 quae
2510 796 2723 857 nuper
2769 796 2989 858 coepe-

671 878 830 937 rant
869 872 1243 956 yerminare
1278 872 1552 955 pietatis
1597 892 1838 949 semen,
1897 870 2307 936 zizaniorum
2356 872 2992 953 superseminatione

663 970 1115 1052 profanantes.
1220 968 1398 1048 Quin
1458 969 1655 1034 etiam
1711 968 1856 1031 illos
1918 966 2030 1049 qui
2089 988 2131 1031 a
2178 967 2577 1049 presbyteris
2632 969 2992 1033 chrismate

672 1065 857 1131 uncti
898 1066 1201 1148 fuerant,
1250 1066 1492 1130 iterum
1537 1066 1857 1146 inunyere
1900 1063 2031 1145 ipsi
2075 1084 2207 1129 non
2253 1062 2680 1144 horruerunt,
2744 1066 2991 1147 episco-

670 1183 787 1245 pos
833 1162 1073 1245 seipsos
1103 1162 1519 1245 jactitantes,
1567 1165 1627 1225 et
1664 1160 2192 1243 presbyterorum
2239 1159 2520 1224 chrisma
2565 1160 2805 1226 inutile
2852 1183 2995 1226 esse

671 1264 734 1324 et
775 1260 1038 1342 frustra
1083 1258 1395 1341 conferri,
1453 1262 1817 1339 portentose
1862 1257 2166 1321 docentes.
2255 1256 2436 1321 Num
2481 1258 2812 1339 reperitur
2858 1259 2993 1323 ali-

672 1358 840 1437 quis,
891 1355 1004 1438 qui
1037 1355 1229 1420 talem
1272 1375 1565 1436 unquam
1593 1354 1870 1420 auribus
1910 1352 2223 1436 acceperit
2265 1353 2734 1435 insipientiam,
2782 1376 2995 1437 quam

675 1454 792 1518 isti
837 1457 1045 1517 mente
1106 1452 1282 1534 capti
1341 1440 1580 1517 audere
1639 1472 1769 1516 non
1832 1449 2272 1516 dubitarunt?
2332 1449 2478 1514 illos
2529 1452 2824 1517 videlicet
2870 1453 2998 1535 qui

672 1548 865 1613 semel
914 1548 1093 1613 uncti
1140 1552 1295 1613 sunt
1346 1546 1718 1624 chrismate,
1779 1547 2018 1612 iterum
2064 1551 2400 1629 unqentes,
2459 1553 2519 1612 et
2568 1547 2997 1615 Christiano-

674 1667 825 1710 rum
882 1644 1129 1709 excelsa
1189 1649 1249 1708 et
1309 1644 1537 1709 divina
1609 1643 1922 1725 mysteria
1989 1647 2050 1707 et
2108 1649 2515 1709 sacramenta
2579 1647 2652 1710 in
2707 1666 3000 1729 maynas

675 1762 890 1823 nuyas
931 1739 994 1805 ‘et
1020 1737 1324 1806 'derisum
1373 1761 1685 1823 magnum
1733 1744 2179 1804 convertentes.
2274 1739 2424 1820 Sed,
2483 1741 2798 1823 inquiunt
2844 1743 2999 1807 illo-

675 1860 828 1903 rum
872 1836 1195 1919 sapientes
1242 1841 1302 1901 et
1348 1837 1516 1901 docti
1537 1836 1660 1901 „vel
1695 1836 1922 1919 potius
1965 1832 2190 1900 revera
2237 1837 2499 1903 omnino
2541 1838 2785 1903 indocti
2834 1843 2899 1903 et
2947 1860 2996 1904 a

677 1935 869 1999 rebus
913 1934 1119 1999 sacris
1165 1934 1367 1999 alieni
1408 1938 1468 1998 et
1508 1933 1834 2016 imperiti:
1877 1954 2009 1999 non
2056 1932 2199 1997 licet
2239 1934 2674 1998 sacerdotibus
2718 1955 2821 1999 eos
2871 1935 3000 2017 qui

665 2052 863 2120 ,sacro
928 2030 1311 2113 baptismate
1364 2030 1732 2095 initiantur
1784 2034 1844 2093 et
1894 2029 2284 2095 decorantur
2344 2029 2688 2095 chrismate
2739 2032 2995 2096 sancti-

674 2127 906 2208 ficare,·
969 2127 1124 2192 solis
1179 2128 1351 2193 enim
1385 2125 1821 2209 pontificibus
1883 2125 1998 2191 hoc
2061 2126 2288 2191 datum
2351 2130 2459 2190 est.
2572 2127 2698 2192 Sed
2760 2128 3000 2192 dicant
3032 2155 3079 2170 -·

676 2223 857 2300 mihi,
906 2225 1077 2288 unde
1121 2224 1297 2289 venit
1342 2224 1497 2288 haec
1542 2222 1696 2289 lex?
1741 2227 1801 2286 et
1848 2222 2150 2304 quisnam
2189 2223 2389 2306 hujus
2435 2222 2593 2305 leqis
2638 2224 2994 2290 conditor?

682 2320 886 2399 Quive
933 2341 1013 2384 ex
1059 2320 1404 2401 Apostolis,
1454 2320 1550 2384 vel
1597 2319 1930 2398 Patribus,
1976 2320 2074 2384 vel
2121 2319 2403 2401 Synodis
2446 2319 2517 2384 id
2562 2320 2828 2385 docuit?
2877 2370 2891 2385 .
2923 2370 2937 2385 .
2977 2371 2992 2383 .

678 2417 992 2482 Sacerdos
1062 2417 1350 2497 baptizat
1416 2416 1879 2499 baptizandum
1946 2416 2323 2498 perficiens:
2401 2417 2710 2498 quomodo
2772 2416 2995 2499 iyitur

677 2513 862 2579 illius
896 2512 1222 2597 puritati,
1267 2514 1455 2596 cujus
1497 2514 1635 2597 ipse
1681 2518 1775 2578 est
1820 2519 2076 2593 auctor,
2134 2512 2492 2579 custodiam
2538 2518 2598 2577 et
2644 2514 2989 2595 confirma-

678 2611 917 2676 tionem
960 2611 1220 2691 auferes
1265 2631 1306 2675 a
1348 2610 1721 2675 sacerdote?
1764 2631 1968 2692 neque
2014 2609 2392 2674 ministrum
2434 2610 2622 2676 illum
2668 2632 2799 2676 esse
2832 2631 2989 2693 per-

679 2707 894 2772 mittes
940 2707 1114 2772 tanti
1143 2707 1349 2772 doni?
1391 2729 1595 2790 neque
1632 2708 1707 2772 in
1755 2707 2080 2789 baptizato
2111 2707 2364 2788 avliqitid
2407 2709 2797 2773 sacerdotem
2832 2728 2988 2790 per·

675 2805 864 2885 ficere
909 2804 1200 2885 asseris?
1273 2805 1382 2869 Ea
1427 2804 1719 2869 videlicet
1761 2804 1838 2867 de
1860 2876 1865 2881 ,
1885 2823 2101 2883 causa,
2152 2808 2225 2868 ut
2270 2808 2424 2869 tuus
2453 2806 2748 2870 sacerdos
2792 2804 2991 2872 vanis

678 2900 1054 2966 nominibus
1112 2905 1173 2965 te
1218 2921 1577 2980 exornans,
1648 2905 1708 2964 te
1763 2900 1968 2966 solum
2031 2899 2432 2983 principem,
2503 2906 2563 2965 te
2619 2901 2988 2984 episcopum

682 2997 973 3062 ostendat
1018 2997 1092 3061 in
1132 2996 1289 3061 sella
1328 2997 1720 3062 collocatum.

395 3106 615 3178 Pfopessio
857 3096 960 3159 60.
1025 3093 1197 3158 Dein
1265 3096 1708 3158 vehementius
1769 3116 2047 3159 errorem
2111 3095 2541 3179 dogmaticum
2600 3094 2676 3158 de
2728 3113 2990 3176 proces-

207 3094 318 3293 ἦ
361 3168 566 3222 *smum
594 3167 636 3211 S·
677 3190 856 3255 sione
912 3189 1207 3271 Spiritus
1263 3189 1492 3255 Sancti
1544 3190 1794 3255 Latinis
1850 3192 2212 3275 exprobrat.
2279 3229 2368 3238 —
2430 3191 2555 3256 Sed
2613 3211 2816 3272 neque
2869 3188 2992 3254 hoc

680 3291 936 3351 tantum
984 3286 1183 3367 impie
1228 3286 1551 3368 ayendum
1587 3285 1693 3350 illi
1723 3286 2158 3364 decreverunt,
2206 3308 2428 3353 verum
2474 3287 2670 3352 etiam
2716 3287 2775 3351 si
2820 3306 2994 3368 quae

637 3384 642 3395 ⁸
680 3387 773 3447 est
819 3382 1140 3447 malorum
1185 3404 1438 3448 summa
1482 3388 1542 3446 et
1587 3403 1772 3464 apex,
1821 3383 1907 3447 ad
1952 3383 2125 3448 hunc
2161 3383 2417 3449 deducti
2461 3389 2631 3450 sunt.
2711 3384 2994 3449 Praeter

681 3480 854 3544 enim
901 3478 1337 3557 absurditates
1383 3498 1546 3560 quas
1585 3499 1792 3560 supra
1836 3480 2306 3559 recensuimus,
2365 3502 2624 3546 sacrum
2684 3481 2880 3545 etiam
2927 3485 2992 3544 et

680 3580 980 3640 sanctum
1012 3575 1389 3656 symbolum,
1436 3575 1606 3657 quod
1651 3575 1731 3641 ab
1765 3575 2062 3641 omnibus
2091 3577 2418 3657 synodicis
2463 3582 2523 3641 et
2568 3574 2993 3642 oecumenicis

682 3671 948 3737 calculis
991 3671 1515 3754 irrefrayabilem
1567 3671 1698 3736 vim
1757 3672 1945 3736 habet
1988 3677 2048 3737 et
2094 3674 2573 3753 auctoritatem,
2632 3671 2882 3756 spuriis
2927 3677 2992 3736 et

678 3768 873 3851 falsis
941 3767 1328 3850 quibusdam
1401 3768 1975 3852 disceptationibus
2054 3773 2114 3833 et
2185 3769 2419 3835 alienis
2459 3768 2860 3835 ‘rationibus
2928 3773 2991 3833 et

859 3943 904 4007 ¹)
957 3943 1062 4010 Τῆς
1097 3945 1291 3996 Μανοῢ
1339 3944 1594 4012 γεωργίας
1640 3943 1696 3995 ἕν
1732 3945 1908 4003 αὐτοῖς
1958 3945 2019 3996 τὰ
2067 3944 2337 4010 σπέρματα
2389 3945 2847 4010 κατασπείροντες;
2899 3960 2990 3996 ac-

671 4026 839 4074 cusat
863 4021 1088 4075 Latinos
1129 4023 1271 4088 quod
1295 4022 1739 4089 Manichaeismo,
1776 4023 1999 4092 reiectis
2040 4025 2379 4078 sacerdotum
2408 4023 2706 4099 connubiis,
2743 4022 2988 4076 faveant.

682 4103 784 4166 Ap.
830 4100 1032 4154 Baron.
1088 4102 1156 4154 ad
1203 4117 1252 4155 a.
1290 4103 1394 4154 863
1445 4118 1497 4155 n.
1536 4104 1604 4154 37
1653 4103 1793 4156 male
1844 4103 2084 4157 vertitur
2139 4104 2346 4171 „malae
2394 4102 2587 4157 messis
2633 4101 2882 4170 germina
2932 4101 2992 4155 in

671 4178 882 4246 seipsis
919 4180 1390 4234 disseminanteS.“
