3270 5028
1076 421 1265 483 Status
1303 437 1480 476 rerum
1519 422 1576 476 in
1615 423 1929 478 Occidente.
2588 426 2653 477 15

342 564 584 642 buerit,
649 585 731 627 ne
783 565 952 648 quod
1016 564 1266 629 facinus
1324 564 1561 630 milites
1620 565 1689 628 in
1748 565 2090 629 exarchum
2153 565 2652 629 committerent.

346 657 813 723 Auctoritatem
860 682 1041 724 suam
1083 662 1493 742 apostolicam
1543 661 1830 724 ostendit
1863 660 2150 725 Joannes
2183 659 2299 724 VI.
2347 661 2416 724 in
2464 682 2655 724 causa

347 754 411 820 S.
458 754 741 820 Wilfridi
801 756 1257 839 archiepiscopi
1305 756 1763 834 EboracensiS,
1819 756 1932 840 qui
1990 779 2181 840 quum
2242 777 2275 820 e
2328 756 2474 820 sede
2527 758 2676 840 ejer

345 857 483 916 etus
542 858 741 928 esset,
801 875 838 916 a
896 853 1144 936 synodo
1201 853 1640 936 episcoporum
1697 875 1750 918 a.
1801 853 1925 916 702
1988 853 2337 937 appellavit
2396 852 2475 916 ad
2521 834 2676 918 Ro-J

343 970 605 1011 manum
652 950 1053 1014 Pontificem.
1146 949 1435 1014 Joannes
1470 949 1583 1012 VI.
1639 949 1879 1014 Romae
1920 957 2143 1014 coacta
2188 949 2466 1033 synodo,
2515 954 2653 1015 tum

342 1043 405 1109 S.
455 1044 858 1122 Wilfridum,
928 1051 1066 1110 tum
1130 1048 1267 1129 ejus
1332 1045 1728 1109 adversarios
1791 1045 2062 1123 audivit,
2131 1052 2196 1112 et
2261 1046 2654 1110 sententiam

339 1142 521 1218 dixit,
570 1164 697 1225 qua
742 1141 805 1207 S.
848 1142 1226 1206 Wilfridum
1274 1141 1406 1205 sedi
1450 1163 1603 1206 suae
1651 1143 1956 1206 restituit.

522 1240 624 1303 16.
684 1238 937 1303 Joanne
987 1237 1100 1302 VI.
1167 1238 1267 1301 die
1330 1240 1391 1303 9.
1437 1237 1732 1302 Januarii
1783 1238 1906 1301 705
1964 1238 2298 1316 defuncte,
2364 1241 2444 1304 ad
2490 1261 2651 1322 pon·
2669 1263 2979 1306 Joannesvn.

338 1335 650 1400 tificatum
719 1342 972 1400 evectus
1044 1340 1143 1399 est
1213 1334 1315 1398 die
1388 1337 1441 1397 1.
1502 1334 1723 1398 Martii
1783 1333 2072 1399 Joannes
2127 1333 2275 1398 VII.
2354 1335 2651 1412 GraecuS,

339 1433 448 1515 qui
517 1431 767 1495 duobus
837 1432 1025 1495 annis
1102 1438 1167 1495 et
1240 1435 1484 1514 septem
1554 1431 1884 1494 mensibus
1952 1430 2276 1496 Ecclesiae
2349 1433 2649 1514 praefuit.

337 1529 512 1605 Quae
577 1529 696 1593 sub
760 1529 896 1612 ipso
961 1528 1170 1611 quoad
1236 1549 1515 1591 canones
1581 1526 1808 1610 synodi
1874 1527 2220 1591 Trullanae
2285 1529 2649 1605 acciderint,

331 1627 466 1710 jam
538 1618 833 1689 diximus.
949 1620 1085 1688 Sub
1145 1623 1364 1688 eodem
1425 1623 1744 1688 Pontifice
1814 1623 2160 1707 Aripertus
2222 1648 2336 1690 rex
2401 1625 2650 1709 Longo·

337 1722 684 1787 bardorum
742 1721 1199 1804 patrimonium
1247 1719 1507 1803 Alpium
1566 1719 1958 1797 Cottiarum,
2016 1724 2249 1805 quibus
2299 1722 2526 1786 Genua
2585 1728 2651 1786 et-

337 1823 480 1884 tota
539 1820 674 1902 ejus
738 1840 850 1882 ora
913 1818 1237 1890 maritima
1302 1838 1504 1900 usque
1565 1816 1646 1880 ad
1710 1818 1871 1881 fines
1927 1817 2174 1882 Galliae
2229 1820 2646 1884 contineban—

337 1921 467 1992 tur,
513 1936 808 1999 quaeque
855 1914 1178 1998 quondam
1226 1913 1305 1976 ad
1347 1915 1456 1997 jus
1505 1914 1910 1995 Apostolicae
1955 1912 2133 1980 Sedis
2180 1917 2648 1999 pertinuerant,

339 2012 448 2076 sed
517 2033 554 2074 a
623 2009 1068 2095 Longobardis
1140 2010 1404 2072 fuerant
1469 2010 1754 2087 ablatae,
1832 2011 1892 2074 ei
1967 2013 2281 2088 restituit,
2357 2012 2649 2095 hancque

340 2108 824 2173 restitutionem
893 2105 1103 2169 aureis
1168 2105 1473 2188 scriptam
1528 2107 1766 2170 litteris
1840 2107 2108 2172 Romam
2171 2109 2423 2173 direxit.
2529 2109 2648 2173 At·
2709 2104 2719 2117 ’

339 2227 461 2290 que
506 2205 608 2270 hic
653 2210 1016 2288 opportune
1075 2201 1351 2266 occurrit
1396 2202 2065 2286 animadvertendum,
2122 2205 2486 2290 hujusmodi
2531 2228 2644 2305 pa-
2691 2134 2775 2262 lis

335 2302 641 2366 trimonia
703 2323 817 2365 seu
881 2299 1309 2382 possessiones
1368 2297 1728 2362 Romanam
1775 2299 2129 2365 Ecclesiam
2193 2324 2328 2366 non
2388 2306 2646 2366 tantum

336 2400 406 2463 in
450 2398 673 2478 Italia,
734 2397 843 2462 sed
897 2396 967 2459 in
1023 2394 1321 2459 omnibus
1378 2394 1512 2458 fere
1568 2395 1903 2460 christiani
1958 2398 2129 2462 orbis
2184 2399 2474 2482 partibus
2531 2397 2643 2460 ha-

335 2496 562 2562 buisse.
664 2494 812 2560 Jam
872 2498 1160 2576 tempore
1218 2486 1283 2555 S.
1333 2489 1626 2576 Gregorii
1676 2491 1764 2559 M.
1814 2493 2109 2560 Romana
2170 2495 2432 2562 ecclesia
2486 2494 2646 2559 talia

333 2592 722 2676 patrimonia
782 2589 1146 2675 possidebat
1208 2588 1278 2651 in
1320 2587 1537 2669 Italia,
1599 2589 1955 2668 Dalmatia,
2024 2591 2270 2675 Sicilia,
2329 2591 2646 2670 Sardinia,

334 2689 620 2764 Corsica,
681 2688 1024 2771 Hispania,
1086 2683 1326 2759 Gallia,
1390 2686 1611 2749 Africa
1671 2693 1735 2751 et
1780 2689 1849 2753 in
1896 2690 2039 2753 aliis
2086 2689 2489 2774 regionibuS,
2548 2690 2644 2752 uti

333 2807 411 2849 ex
474 2786 670 2869 hujus
735 2783 1069 2848 Pontificis
1133 2781 1373 2845 litteris
1439 2787 1711 2847 constat.
1807 2784 1996 2849 Aliae
2062 2787 2255 2850 etiam
2321 2785 2641 2863 eeclesiae,

331 2882 708 2967 praesertim
777 2879 1260 2963 patriarchicae,
1339 2879 1573 2943 similia
1620 2882 2043 2963 patrimonia,
2121 2904 2232 2947 seu
2292 2883 2462 2947 bona
2524 2883 2641 2945 im-

332 2979 594 3044 mobilia
654 2999 927 3061 quorum
993 2975 1278 3040 redditus
1341 2974 1422 3037 ad
1489 2975 1632 3040 illas
1696 2980 2139 3060 pertinebant,
2211 2980 2640 3062 possidebant.

331 3075 810 3140 Proveniebant
879 3096 953 3137 ea
1022 3080 1161 3137 tum
1238 3093 1271 3135 e
1339 3070 1798 3138 donationibus
1875 3075 2367 3140 christianorum
2437 3075 2641 3158 Impe-

331 3177 618 3237 ratorum
678 3177 745 3235 et
811 3170 1172 3254 principum
1240 3190 1278 3231 a
1341 3172 1627 3251 tempore
1695 3170 2107 3235 Constantini
2169 3171 2255 3236 M.
2326 3177 2391 3236 et
2461 3172 2643 3235 dein-

282 3289 285 3292 ’
332 3291 508 3352 cepS,
571 3275 706 3333 tum
774 3289 808 3331 e
870 3266 991 3350 piis
1037 3265 1319 3331 fidelium
1377 3264 1610 3347 legatis
1675 3273 1740 3330 et
1796 3266 2248 3333 oblationibus
2339 3268 2438 3332 Ex
2504 3269 2643 3334 istis

329 3365 734 3450 patrimoniis
781 3386 896 3427 seu
950 3361 1369 3446 proventibus
1426 3381 1561 3424 non
1607 3366 1867 3436 tantum
1928 3365 2336 3429 ecelesiarum
2391 3365 2643 3430 instau-

329 3463 575 3531 rationi
636 3468 702 3527 et
765 3459 1094 3544 splendori
1161 3462 1355 3540 atque
1422 3477 1746 3524 sacrorum
1814 3462 2253 3527 ministrorum
2321 3467 2642 3527 sustenta-

328 3560 522 3638 tioni,
587 3559 696 3624 sed
749 3578 1103 3642 pauperum
1150 3553 1380 3630 etiam,
1442 3552 1809 3640 viduarum,
1868 3558 2291 3640 pupillorum,
2356 3560 2640 3642 peregri-

326 3679 561 3721 norum
617 3654 993 3738 indigentiis
1042 3651 1512 3717 consulebatur.
1526 3648 1573 3732 ¹)
1664 3652 1861 3718 Plura
1923 3654 2000 3718 de
2058 3654 2156 3718 his
2213 3657 2487 3720 inferius
2543 3676 2640 3719 re-

327 3756 604 3819 current.

509 3851 610 3914 17.
657 3848 814 3914 Post
863 3848 1107 3913 obitum
1156 3846 1429 3912 Joannis
1457 3845 1632 3926 VII.,
1681 3846 1793 3930 qui
1841 3846 2110 3912 decessit
2156 3846 2255 3911 die
2307 3849 2408 3913 17.
2453 3847 2639 3914 Octo·

325 3948 457 4013 bris
504 3945 662 4011 anni
710 3946 857 4022 707,
906 3944 1100 4010 Sedes
1148 3946 1497 4028 apostolica
1541 3944 1794 4034 vacavit
1837 3943 2045 4007 tribus
2091 3945 2440 4023 mensibus,
2493 3949 2640 4029 post

498 4123 549 4220 11)
589 4154 652 4208 V.
691 4154 968 4218 WouterS,
1008 4155 1075 4208 H.
1116 4155 1179 4210 Ε.
1216 4160 1257 4208 t.
1294 4155 1337 4208 I.
1378 4173 1425 4223 p.
1468 4156 1587 4210 390.
