3270 5028
897 451 979 505 De
1016 450 1401 507 Decretalibus
1437 452 2015 507 Pseudo-IsidorianiS.
2508 453 2613 506 299

297 589 574 654 nitatem
633 595 918 656 vestram
976 612 1108 658 non
1165 591 1496 675 patimur,
1568 592 1865 657 animum
1926 596 2222 658 nostrum
2284 611 2416 655 non
2490 611 2614 655 me-

298 685 606 752 diocriter
669 687 911 752 laesum
924 737 941 768 ,
1006 708 1074 752 eo
1140 688 1309 770 quod
1370 688 1721 755 secundum
1765 693 2096 772 qestorum
2141 692 2423 752 tenorem
2473 738 2486 750 .

297 783 728 865 appellantem
795 784 1083 849 eumdem
1150 784 1555 850 Rothaclium
1629 783 2068 868 Apostolicam
2135 783 2357 849 Sedem
2431 783 2612 866 depo-

297 880 582 945 sueritis.
635 931 646 943 .
698 931 710 943 .
756 930 770 945 .
822 880 984 961 Quis
1029 886 1246 947 autem
1291 881 1537 947 nesciat
1583 880 1935 947 constituta
1982 879 2398 946 Sardicensis
2448 879 2614 946 Con-

296 976 463 1056 cilii,
530 998 694 1059 quae
743 977 1166 1060 praecipiunt
1205 982 1356 1060 post
1420 978 1670 1061 aliquot
1724 977 2007 1060 capitulo
2070 978 2124 1043 Ι
2128 979 2208 1042 V:
2277 977 2398 1057 „Si
2467 976 2615 1059 quis

296 1073 629 1156 episcopus
676 1074 1022 1158 judicatus
1076 1074 1286 1158 fuerit
1332 1074 1407 1139 in
1457 1074 1699 1157 ,aliqua
1759 1095 1985 1155 causa,
2053 1079 2113 1140 et
2164 1074 2505 1157 putaverit
2549 1095 2614 1139 se

297 1170 531 1235 bonam
577 1191 842 1237 causam
886 1171 1143 1252 habere,
1202 1175 1278 1236 ut
1321 1171 1562 1236 iterum
1621 1170 1963 1237 concilium
2018 1173 2375 1257 (judicium)
2428 1192 2612 1236 reno-

295 1271 510 1347 vetur,
558 1267 617 1332 si
663 1268 839 1334 vobis
878 1267 1106 1350 placet,
1154 1267 1367 1334 sancti
1412 1267 1599 1333 Petri
1643 1268 2023 1333 memoriam
2069 1268 2489 1347 honoremus,
2538 1272 2613 1333 ut

293 1363 625 1429 scribatur
692 1364 771 1429 ab
841 1364 945 1429 his
1015 1363 1130 1446 qui
1194 1384 1460 1429 causam
1528 1364 2001 1430 examinarunt
2067 1366 2252 1429 Julio
2312 1364 2612 1429 Romano

295 1460 647 1543 EpiscopO,
706 1466 766 1526 et
811 1461 870 1526 si
900 1460 1303 1545 judicaverit
1347 1462 1796 1529 renovandum
1844 1482 1976 1526 esse
2006 1461 2368 1545 judicium,
2427 1482 2610 1526 reno-

201 1567 218 1580 ‘
293 1562 484 1623 vetur
529 1561 590 1621 et
636 1557 740 1622 det
771 1557 1092 1654 judices.“
1137 1608 1150 1621 .
1200 1607 1213 1623 .
1263 1607 1277 1621 .
1328 1558 1454 1622 Sed
1497 1558 1668 1625 sicut
1712 1559 1787 1625 in
1835 1558 2316 1642 suqqestionum
2366 1563 2610 1623 vestra-

294 1674 446 1718 rum
504 1653 877 1720 invenimus
937 1653 1233 1737 scriptis,
1296 1676 1430 1719 non
1495 1655 1798 1720 habuisse
1860 1655 2268 1721 Rotlzaclium
2328 1655 2610 1738 appella-

295 1749 497 1815 tionis
533 1771 762 1831 vocem,
803 1751 1143 1834 affirmare
1176 1750 1523 1831 conamini,
1572 1772 1640 1816 eo
1674 1752 1844 1833 quod
1883 1773 2015 1817 non
2045 1751 2347 1819 habuerit
2379 1752 2610 1817 bonam

295 1866 596 1911 causam:
655 1867 857 1928 quum
906 1851 1172 1927 constet,
1232 1868 1417 1929 saepe
1458 1848 1680 1930 fatum
1726 1848 2133 1913 Rothadium
2180 1868 2380 1930 usque
2427 1848 2612 1913 hodie

296 1943 531 2009 bonam
590 1965 655 2008 se
715 1944 947 2011 habere
990 1965 1255 2022 causam
1313 1948 1582 2030 putare,
1647 1948 1707 2008 et
1766 1944 2208 2010 venerandum
2266 1943 2610 2020 concilium

292 2061 429 2106 non
475 2041 683 2107 solum
739 2062 883 2107 eum
941 2039 1054 2123 qui
1111 2060 1375 2106 causam
1433 2040 1682 2121 habet,
1717 2040 1826 2105 secl
1879 2045 1940 2105 et
1984 2040 2173 2106 illum
2235 2041 2350 2123 qui
2396 2062 2461 2106 se
2509 2042 2608 2106 bo-

292 2158 452 2203 nam
522 2158 783 2203 causam
856 2138 1089 2203 habere
1152 2137 1378 2203 saltem
1440 2136 1810 2219 putaverit,
1881 2135 2107 2202 Sedem
2173 2137 2609 2221 Apostolicam

292 2234 625 2316 appellare
671 2234 1081 2316 permiserit,
1140 2238 1200 2298 et
1253 2233 1454 2316 hujus
1510 2234 1589 2300 ab
1653 2254 1729 2298 ea
1787 2234 2232 2299 renovandum
2278 2233 2611 2322 judicium

293 2330 660 2396 decreverit.
752 2330 1049 2401 Maxime
1095 2352 1241 2395 cum
1282 2330 1490 2415 juxta
1533 2329 2057 2396 constitutionem
2105 2335 2367 2396 sanctae
2412 2330 2612 2413 liujus

293 2428 556 2510 synodi,
632 2427 890 2493 etiamsi
964 2447 1315 2509 nunquam,
1374 2427 1816 2505 reclamasset,
1893 2447 2359 2509 nunquamque
2425 2427 2612 2493 Sedis

297 2525 704 2608 Apostolicae
771 2525 1158 2590 mentionem
1231 2525 1518 2608 fecisset,
1592 2545 1635 2589 a
1708 2524 1887 2588 vobis
1954 2524 2068 2606 qui
2136 2545 2400 2590 causam
2472 2525 2613 2607 ejus

296 2622 751 2702 examinastis,
812 2623 1125 2687 memoria
1171 2621 1383 2686 sancti
1431 2620 1618 2709 Petri
1663 2619 1979 2685 honorari
2024 2620 2359 2699 debuerat,
2420 2625 2612 2702 atque

295 2719 355 2783 ei
391 2718 731 2800 perscribi,
780 2724 855 2784 ut
901 2718 959 2784 si
992 2719 1332 2803 judicaret,
1366 2716 1815 2783 renovandum
1861 2737 1992 2781 6336
2025 2716 2374 2799 judicium,
2429 2737 2610 2782 reno-

294 2819 564 2881 varetur
632 2820 692 2880 et
764 2816 950 2882 claret
996 2814 1327 2901 judices.¹)
1446 2814 1656 2880 Simili
1727 2816 1982 2878 ratione
2044 2812 2348 2878 Nicolaus
2417 2817 2609 2878 etiam

294 2912 649 2977 Hincmaro
696 2915 945 2978 scribit:
1007 2913 1344 2979 Debuerat
1405 2915 1570 2976 certe
1624 2909 1951 2975 beatitudo
2012 2913 2156 2989 tua,
2218 2930 2417 2991 quum
2477 2909 2609 2974 Ro-

296 3007 596 3072 tliaolium
644 3007 831 3073 toties
861 3008 1375 3087 eoeaminaveras,
1425 3007 1710 3072 scribens
1757 3005 1970 3071 sancti
2002 3005 2189 3073 Petri
2233 3005 2609 3070 memoriam

293 3104 644 3184 honorare,
722 3105 986 3187 ejusque
1038 3103 1400 3187 judicium,
1485 3102 1745 3168 etiamsi
1816 3123 2160 3183 nunquam
2229 3101 2612 3184 appellasset

293 3201 464 3265 idem
510 3186 901 3281 Rothadius,
948 3200 1155 3265 modis
1200 3199 1498 3265 omnibus
1534 3196 2011 3281 praestolari.2)

472 3369 578 3432 93.
626 3367 824 3434 Vides
871 3368 1072 3452 igitur
1119 3366 1485 3449 Nicolaum,
1533 3370 1875 3449 antequam
1927 3365 2284 3430 Rothadius
2334 3365 2606 3430 Romam
2628 3375 2740 3427 Ejus
2778 3376 2942 3447 prinoi-

294 3468 605 3543 venisset‚
662 3467 799 3549 jam
852 3465 1013 3529 illud
1068 3463 1469 3547 proposuisse
1525 3463 1938 3545 principium,
1995 3462 2409 3546 depositionis
2463 3484 2608 3526 sen·
2743 3449 2830 3490 Ρη·

293 3565 572 3628 tentiam
619 3561 1016 3626 definitivam
1064 3564 1290 3625 contra
1337 3560 1729 3642 episcopum,
1789 3560 2037 3622 etiamsi
2099 3559 2428 3642 episcopus
2477 3557 2610 3623 Ro-

296 3683 466 3724 mam
522 3683 654 3724 non
718 3658 1028 3741 appellet,
1107 3656 1264 3720 ferri
1319 3678 1451 3720 non
1514 3655 1746 3719 debere
1803 3654 2044 3738 judicio
2113 3660 2375 3719 sanctae
2430 3653 2610 3720 Sedis

296 3757 466 3820 haud
513 3755 750 3820 audito.
818 3753 900 3818 In
947 3776 1063 3817 sua
1090 3775 1240 3817 vero
1289 3751 1619 3816 sententia
1665 3752 1902 3815 nititur
1938 3752 2149 3816 verbis
2196 3752 2462 3816 canonis
2490 3750 2608 3817 IV.

295 3851 542 3936 (potius
589 3851 743 3930 ΙΠ.)
790 3846 1204 3914 sardicensis.
1299 3849 1507 3924 Quum
1565 3832 1892 3931 ep‘iscopus
1940 3849 2047 3932 qui
2103 3851 2324 3913 censet
2380 3869 2446 3911 se
2502 3848 2610 3912 bo·

474 4111 516 4177 ¹)
556 4110 657 4177 Ep.
699 4110 930 4162 XXXII.
968 4109 1104 4163 Con.
1143 4109 1305 4163 Cone.
1342 4107 1598 4174 Labbaei,
1639 4107 1702 4162 T.
1738 4107 1894 4162 VIII.
1934 4108 2034 4162 col.
2073 4108 2180 4160 414
2216 4123 2330 4175 sqq.

474 4188 516 4256 ²)
552 4189 651 4256 Ep.
690 4189 951 4242 XXVIII.
993 4188 1123 4243 ibid.
1163 4188 1265 4242 col.
1302 4190 1424 4240 407.
