3270 5028
345 2052 656 2095 &Bonifatius

682 417 747 470 18
1407 413 1491 467 De
1527 413 1743 469 haeresi
1780 414 2256 469 Iconoclastarum.

678 464 1070 622 Seffn'ss‘ss'sis
1114 556 1185 620 in
1231 554 1470 635 Gallia,
1532 557 1642 639 qui
1690 555 1750 621 S.
1798 555 2201 621 Willibrordi
2262 556 2434 623 fama
2476 559 2792 624 excitatus
2850 558 2985 624 sedi

676 675 830 720 suae
874 652 1309 729 renuntiavit,
1363 651 1443 715 ad
1489 651 1788 717 Frisones
1834 651 2267 737 Evangelium
2326 655 2805 737 praedicaturus
2850 678 2981 739 per-

676 751 871 827 rexit,
937 771 1011 815 ac
1060 747 1352 814 Radbodi
1405 748 1608 812 filium
1659 748 2025 833 multosque
2088 750 2243 815 alios
2290 753 2609 817 convertit
2658 759 2724 817 et
2770 753 2987 836 bapti-

676 847 862 913 zavit.
931 882 1014 891 —
1075 845 1320 911 Eodem
1380 845 1635 909 saeculo
1704 846 1774 909 in
1837 845 2111 910 Bavaria
2174 847 2402 932 religio
2467 848 2822 913 christiana
2883 850 2988 913 fir-

676 948 853 1008 mata
937 948 1004 1007 et
1076 944 1432 1026 propagata
1495 945 1594 1005 est
1680 964 1719 1006 a
1796 939 2341 1032 &mmeramme
2415 945 2705 1028 episcopo
2768 944 2977 1010 Picta·

675 1039 914 1117 viensi,
982 1039 1094 1123 qui
1161 1037 1294 1103 sedi
1359 1059 1511 1102 suae
1571 1039 1958 1103 renuntians
2024 1038 2256 1104 Avaris
2327 1045 2392 1105 et
2458 1040 2725 1106 Hunnis
2793 1042 2980 1107 fidem·

675 1136 1151 1220 praedicaturus
1209 1135 1477 1199 abierat.
1568 1132 1695 1199 Sed
1746 1135 1941 1199 variis
2001 1137 2344 1201 obstaculis
2405 1137 2705 1203 detentus
2763 1138 2987 1203 Ratis..

676 1233 884 1298 bonae
945 1231 1234 1296 substitit
1296 1228 1508 1314 (640),
1581 1236 1649 1294 et
1710 1232 1837 1296 illis
1881 1231 1951 1295 in
1998 1232 2368 1317 regionibus
2428 1234 2826 1299 idololatriae
2885 1237 2986 1299 ie·

673 1330 849 1414 liqua
924 1327 1196 1412 vestigia
1272 1328 1529 1392 delevit.
1601 1365 1692 1374 —-
1767 1326 1830 1392 S.
1898 1328 2237 1410 Rupertus
2305 1331 2631 1414 episcopus
2691 1331 2986 1396 Worma·

674 1426 900 1490 tiensis
967 1425 1208 1507 pariter
1278 1425 1348 1488 in
1406 1424 1600 1488 variis
1671 1426 2041 1510 regionibus
2104 1425 2447 1505 Bavariae,
2518 1433 2713 1512 atque
2775 1427 2988 1493 Slavis

673 1524 744 1586 in
801 1520 1018 1604 Styria
1077 1521 1481 1605 evangelium
1544 1522 1953 1604 praedicavit.
2065 1525 2351 1590 Tandem
2411 1525 2782 1590 meritorum
2846 1527 2979 1609 ple·

674 1642 797 1684 nus
842 1618 1151 1683 Juvaviae
1193 1616 1607 1702 (Salisburgi)
1654 1619 1868 1683 sedem
1914 1642 2093 1684 suam
2140 1622 2497 1699 constituit,
2545 1623 2762 1706 ibique
2806 1644 2986 1687 anno

680 1715 804 1779 718
852 1715 1033 1779 obiit.
1104 1713 1270 1798 Ejus
1313 1714 1564 1779 labores
1605 1715 1676 1778 in
1714 1714 1990 1781 Bavaria
2036 1718 2404 1783 continuati
2446 1723 2601 1782 sunt
2645 1741 2682 1782 a
2728 1716 2791 1782 S.
2830 1716 2985 1798 Cor-

678 1810 974 1890 biniano„
1041 1811 1153 1895 qui
1210 1809 1547 1895 Frisingae
1609 1812 1940 1895 episcopus
2003 1814 2238 1878 ibidem
2302 1836 2359 1879 a.
2405 1814 2532 1878 730
2591 1815 2670 1879 ad
2734 1816 2978 1879 coelum

677 1909 994 1994 migravit.

853 2039 957 2105 20.
1020 2039 1267 2103 Notum
1328 2059 1481 2102 vero
1547 2041 1674 2116 est,
1747 2059 1900 2121 prae
1966 2039 2233 2102 caeteris
2297 2039 2690 2125 Wffilssfflffln
2756 2063 2986 2104 mona-

674 2137 859 2202 chum
924 2137 1246 2225 Anglum,
1319 2135 1425 2219 qui
1491 2139 1714 2217 postea
1776 2134 1981 2198 dictus
2047 2140 2143 2198 est
2204 2133 2270 2199 S.
2330 2134 2747 2224 Βοηὶζαζᾷ-ᾳε,
2819 2136 2982 2201 Ger-

675 2235 927 2298 maniae
989 2233 1345 2316 apostol'um
1397 2231 1628 2295 merito
1686 2231 2011 2314 appellari.
2119 2231 2181 2294 Is
2239 2233 2410 2295 enim
2464 2232 2613 2297 inde
2674 2234 2756 2296 ab
2804 2255 2985 2297 anno

678 2332 802 2395 719
856 2352 1061 2415 usque
1123 2329 1202 2392 ad
1273 2350 1511 2392 annum
1573 2326 1697 2390 755
1766 2327 1832 2390 in
1899 2328 2089 2391 variis
2159 2326 2543 2393 Germaniae
2608 2329 2986 2412 regionibus-

674 2448 747 2494 ac
809 2428 1112 2513 gentibus
1176 2425 1595 2509 Evangelium
1665 2425 2070 2508 propagavit,
2146 2445 2219 2488 ac
2281 2425 2749 2507 sapientissime
2811 2425 2977 2490 dioe-

672 2548 885 2591 cesum
944 2525 1265 2588 variarum
1329 2522 1741 2586 institutione
1815 2521 2189 2607 religionem
2252 2522 2664 2588 christianam
2724 2523 2814 2586 ibi
2878 2524 2980 2587 fir-

672 2623 893 2687 mavit.
1008 2620 1148 2696 Qua
1219 2619 1285 2683 in
1355 2641 1424 2683 re
1492 2618 1734 2702 insigni
1809 2618 1995 2682 modo
2074 2618 2511 2683 Romanorum
2584 2618 2977 2684 Pontificum

671 2741 921 2802 semper
989 2717 1188 2782 coluit
1254 2715 1731 2789 auctoritatem,
1810 2715 2075 2779 studens
2141 2714 2365 2780 iisdem
2433 2715 2660 2800 gentes
2739 2738 2812 2780 ac
2876 2737 2978 2780 re-

672 2816 897 2897 giones
944 2831 1282 2879 conversas
1339 2834 1531 2895 quam
1574 2812 1806 2875 intime
1863 2810 2203 2875 devincire.
2297 2811 2474 2895 Opus
2535 2814 2672 2897 ejus
2719 2814 2982 2877 labente

671 2912 922 2976 saeculo
987 2915 1211 2975 octavo
1277 2913 1341 2972 et
1403 2909 1672 2972 ineunte
1736 2930 1910 2972 nono
1973 2909 2170 2991 ipsius
2235 2910 2395 2972 varii
2462 2908 2751 2991 discipuli
2813 2930 2982 2975 com·

671 3008 1033 3092 pleverunt.

847 3140 953 3203 21.
1001 3136 1269 3202 Saeculo
1293 3136 1443 3201 VII.
1488 3141 1807 3217 currente,
1855 3136 2231 3220 praesertim
2266 3136 2345 3201 ab
2377 3159 2550 3202 anno
2585 3139 2731 3215 640,
2781 3136 2976 3201 etiam

672 3258 906 3321 magna
965 3257 1110 3318 pars
1172 3233 1509 3298 Slavorum
1571 3232 1652 3297 ad
1720 3232 2265 3297 christianismum
2333 3256 2641 3299 conversa
2711 3239 2809 3299 est
2868 3255 2987 3317 per·

672 3333 1105 3397 missionarios
1161 3330 1460 3395 ecclesiae
1505 3330 1854 3395 Romanae.
1947 3330 2233 3395 Joannes
2280 3330 2391 3395 IV.
2449 3335 2515 3395 et
2559 3330 2880 3395 Martinus
2926 3329 2983 3393 Ι.

630 3429 790 3494 -bac
837 3429 909 3492 in
969 3449 1040 3492 re
1077 3427 1376 3515 'multum
1424 3427 1820 3492 laborarunt.
1917 3427 2023 3491 Ita
2079 3428 2148 3491 in
2209 3427 2497 3503 Istriam,
2561 3425 2978 3501 Dalmatiam,

673 3526 1018 3604 Oroatiam,
1061 3523 1446 3606 Carniolam‚
1481 3522 1903 3599 Carinthiam,
1952 3521 2234 3606 Styriam
2267 3523 2761 3608 adjacentesque
2792 3522 2982 3587 Hun-

670 3621 889 3707 gariae
934 3624 1179 3705 parteS,
1230 3619 1458 3703 quibus
1505 3620 1576 3684 in
1617 3620 1992 3704 regionibus
2040 3620 2253 3683 variae
2300 3618 2632 3685 Slavorum
2676 3620 2983 3683 nationes

669 3718 1054 3795 residebant,
1098 3716 1325 3801 religio
1364 3715 1715 3786 christiana
1759 3720 2115 3800 propagata
2160 3715 2304 3781 fuit.

844 3840 1040 3905 Vides
1114 3840 1346 3922 igitur,
1422 3839 1823 3922 providentia
1896 3838 2115 3902 divina
2189 3837 2434 3903 factum
2504 3860 2670 3916 esse,
2750 3842 2825 3902 ut
2901 3859 2981 3902 eo

669 3943 957 4021 tempore
1026 3958 1153 4021 quo
1219 3937 1285 4000 in
1353 3935 1644 4020 pluribus
1711 3935 2055 4018 provinciis
2124 3933 2410 4001 Orientis
2472 3956 2586 4017 per
2648 3934 2985 4018 Muhame—

671 4034 982 4099 danorum
1048 4035 1341 4097 incursus
1410 4031 1639 4115 religio
1707 4031 2057 4096 christiana
2111 4031 2398 4100 ⁴maxima
2454 4052 2641 4115 passa
2703 4036 2804 4096 est
2868 4032 2979 4096 de-

669 4121 1009 4208 trimenta,
1061 4151 1384 4213 quumque
1432 4129 1690 4192 vincula
1735 4128 1904 4192 inter
1948 4128 2276 4191 ecclesiam
2332 4127 2710 4193 orientalem
2761 4132 2827 4193 et
2874 4149 2982 4193 oc·
