3270 5028
634 422 738 473 134
836 473 841 477 ,
1155 419 1302 472 XIV.
1342 418 1425 472 De
1463 417 1613 471 civili
1648 418 1717 470 R.
1753 417 2041 472 Pontificis
2074 418 2398 486 principatu.
2505 418 2511 423 ’

633 562 888 626 foedere
953 558 1214 625 reddere
1280 560 1604 633 civitatee,
1669 580 1736 622 se
1808 559 2008 623 modis
2076 559 2373 623 omnibus
2439 560 2768 643 professus
2835 568 2937 624 est

632 658 1051 733 redditurum.
1154 655 1243 720 Et
1294 655 1505 719 denuo
1564 655 1947 719 confirmato
2002 657 2326 720 anteriore
2381 661 2568 738 pacto
2621 707 2635 719 .
2696 708 2709 721 .
2761 706 2776 719 .
2835 680 2931 720 re·

632 756 850 819 stituit
892 754 1062 837 ipsas
1095 753 1389 817 civitates
1418 752 1741 834 praelatas
1785 751 2025 816 addens
2068 757 2136 816 et
2175 760 2453 817 castrum
2483 754 2655 836 quod
2700 775 2936 838 cogno-

560 882 571 925 ρ
634 852 918 915 minatur
956 850 1367 914 Comiaclum.
1458 848 1557 912 De
1602 848 1837 932 quibus
1891 849 2187 913 omnibus
2240 850 2514 932 acceptis
2562 851 2937 914 civitatibus

560 936 567 995 ἕ
633 948 1046 1012 donationem
1105 948 1174 1009 in
1237 946 1491 1027 scriptis
1547 967 1586 1008 a
1642 944 1718 1010 Β.
1765 944 1961 1008 Petro
2022 950 2217 1028 atque
2274 968 2312 1010 a
2371 952 2595 1010 sancta
2641 946 2940 1011 Romana

635 1045 901 1109 ecclesia
964 1044 1065 1108 vel
1128 1041 1425 1106 omnibus
1487 1043 1559 1106 in
1618 1046 1998 1125 perpetuum
2053 1042 2478 1107 Pontificibus
2528 1044 2940 1127 Apostolicae

635 1139 782 1206 Sedi
831 1140 1005 1203 misit
1052 1138 1526 1223 possidendam,
1584 1160 1748 1222 quae
1803 1144 1871 1202 et
1916 1159 2119 1223 usque
2171 1138 2486 1204 hactenus
2533 1141 2604 1204 in
2650 1136 2974 1204 archivio=

635 1242 898 1302 sanctae
968 1242 1225 1299 nostrae
1295 1236 1596 1300 ecclesiae
1664 1235 1992 1300 recondita
2056 1239 2336 1300 tenetur.
2446 1234 2553 1300 Ad
2625 1239 2933 1321 recipien-

635 1334 747 1397 das
806 1354 958 1396 vero
1020 1332 1191 1414 ipsas
1255 1332 1549 1395 civitates
1612 1332 1787 1394 misit
1850 1331 1984 1414 ipse
2048 1331 2609 1398 christianissimus
2664 1332 2939 1399 Franco·

634 1452 775 1494 rum
842 1450 953 1493 rex
1022 1449 1208 1492 suum
1271 1428 1734 1507 consiliarium,
1805 1427 1866 1491 id
1938 1431 2036 1492 est
2096 1427 2447 1507 Eulradum
2508 1429 2934 1493 venerabilem

634 1527 936 1591 abbatem
999 1529 1065 1588 et
1124 1524 1586 1607 presbyterum.
1695 1524 1781 1587 Et
1835 1525 2145 1589 continuo
2208 1527 2347 1609 ejus
2408 1526 2739 1590 eximietas
2794 1527 2936 1591 feli-

633 1624 792 1688 citer
852 1643 995 1687 cum
1058 1622 1189 1686 suis
1254 1621 1639 1685 exercitibus
1699 1620 2041 1686 Franciam
2104 1622 2455 1703 repedavit.
2567 1622 2940 1688 Praenomi—

632 1724 827 1784 natus
873 1723 1088 1783 autem
1138 1717 1454 1782 Fulradus
1500 1718 1885 1782 venerabilis
1929 1719 2126 1783 abbas
2182 1725 2248 1784 et
2300 1719 2630 1802 presbyter
2683 1721 2936 1785 Raven-

633 1817 886 1882 natium
950 1820 1163 1898 partes
1220 1836 1361 1878 cum
1424 1814 1633 1878 missis
1684 1816 1823 1899 jam
1881 1815 2000 1879 fati
2055 1816 2387 1901 Aistulphi
2449 1817 2616 1900 regis
2676 1820 2939 1903 conjun-

632 1934 821 1997 geuS,
885 1915 950 1976 et
1007 1933 1123 1995 per
1166 1911 1455 1995 singulas
1511 1912 1882 1995 ingrediens
1937 1912 2265 1985 civitates,
2326 1919 2463 1977 tam
2511 1913 2936 1997 Pentapoleos

633 2031 826 2093 quam
884 2013 949 2072 et
1010 2007 1354 2085 Aemiliae,
1424 2029 1658 2090 easque
1719 2007 2033 2091 recipiens
2092 2013 2159 2071 et
2221 2009 2474 2074 obsides
2532 2032 2649 2093 per
2705 2034 2937 2075 unam-

633 2127 955 2190 quamque
1003 2105 1332 2183 auferens,
1393 2108 1592 2186 atque
1640 2106 1944 2187 primates
2000 2127 2215 2168 secum
2273 2128 2401 2169 una
2453 2128 2597 2170 cum
2649 2109 2936 2172 clavibus

631 2206 962 2286 portarum
1022 2202 1354 2277 civitatum
1421 2201 1747 2271 deferens,
1824 2200 2088 2264 Romam
2151 2203 2512 2286 conjunxit.
2621 2202 2708 2267 Et
2769 2205 2938 2288 ipsas

633 2299 842 2363 claves
907 2309 1041 2361 tam
1107 2296 1591 2361 Ravennatium
1658 2299 1865 2371 urbis,
1935 2320 2252 2381 quamque
2320 2299 2711 2364 diversarum
2783 2302 2937 2365 civi—

633 2403 844 2459 tatum
889 2396 1087 2477 ipsius
1133 2393 1613 2458 Ravennatium
1666 2394 2079 2472 exarchatUS,
2137 2416 2270 2458 una
2314 2417 2458 2459 cum
2505 2398 2942 2480 suprascripta

337 2511 576 2556 civitatum
633 2491 978 2557 donatione
1034 2490 1113 2556 de
1170 2491 1260 2556 eis
1319 2514 1357 2556 a
1409 2513 1524 2556 suo
1572 2513 1722 2576 rege
1784 2491 2014 2557 emissa
2066 2493 2135 2557 in
2194 2493 2590 2558 confessione
2635 2492 2709 2557 Β.
2763 2493 2939 2559 Petri

366 2574 557 2617 “adim
632 2610 906 2672 ponens,
967 2588 1170 2652 eidem
1226 2587 1538 2671 Apostolo
1596 2595 1665 2653 et
1717 2591 1855 2674 ejus
1915 2590 2174 2653 Vicario
2235 2591 2642 2655 sanctissimo
2702 2591 2938 2674 Papae,

633 2691 829 2768 atque
876 2685 1173 2749 omnibus
1219 2687 1357 2769 ejus
1401 2686 1876 2750 successoribus
1910 2686 2328 2751 Pontificibus
2373 2688 2749 2769 perenniter
2794 2710 2937 2771 pos·

629 2780 926 2845 sidendas
973 2785 1167 2864 atque
1229 2781 1657 2866 disponendas
1715 2782 2007 2862 tradidit,
2070 2782 2133 2846 id
2188 2786 2287 2846 est
2326 2782 2734 2859 Ravennam,
2792 2784 2940 2847 Ari-

631 2878 931 2954 minium,
992 2878 1359 2956 Pisaurum,
1423 2878 1728 2956 Concam,
1794 2879 2074 2961 Fanum,
2143 2878 2444 2957 Cesenas,
2513 2877 2937 2965 Senogallias,

632 2974 927 3052 Aesium,
979 2973 1214 3040 Forum
1261 2974 1594 3058 Pompilii,
1639 2975 1877 3040 Forum
1923 2975 2108 3052 Livii,
2164 2998 2304 3040 cum
2354 2981 2564 3041 castro
2609 2976 2940 3047 Sussubim

634 3067 922 3134 Montem
998 3070 1275 3148 Feretri,
1351 3072 1689 3148 Acerrem,
1764 3073 2248 3156 Agiomontem,
2326 3071 2613 3137 Montem
2683 3073 2938 3150 Lucati,

632 3165 916 3244 Serram,
984 3166 1334 3232 Castellum
1395 3170 1601 3232 sancti
1666 3167 1932 3249 Marini,
1995 3169 2303 3245 Bobium,
2374 3169 2724 3247 Urbinum,
2793 3170 2939 3235 Cal-

633 3264 826 3342 lium,
889 3263 1197 3339 Lucilios,
1255 3265 1660 3349 Eugubium,
1719 3272 1785 3329 et
1835 3265 2248 3330 Comiaclum.
2337 3265 2606 3332 Necnon
2663 3272 2730 3331 et
2784 3268 2937 3332 civi—

632 3362 831 3423 tatem
879 3358 1304 3425 Narniensem
1363 3382 1526 3445 quae
1581 3382 1617 3422 a
1678 3360 1835 3424 duce
1881 3359 2212 3444 Spoletino
2271 3384 2384 3444 per
2430 3364 2690 3428 evoluta
2736 3386 2938 3428 anno-

632 3477 772 3518 rum
820 3458 1031 3539 spatia
1078 3459 1248 3540 parti
1291 3457 1724 3521 Romanorum
1774 3456 1984 3520 fuerat
2030 3458 2309 3522 ablata.“

810 3553 912 3617 59.
962 3551 1039 3615 In
1073 3552 1192 3617 hac
1224 3554 1553 3619 civitatum
1603 3555 2086 3618 enumeratione
2130 3553 2378 3637 aliquot
2409 3554 2701 3619 civitates
2748 3557 2938 3619 omis·

632 3670 740 3713 sae
794 3654 976 3726 sunt,
1036 3672 1196 3733 quas
1243 3658 1498 3716 constat
1544 3673 1622 3714 ex
1668 3651 2066 3714 documentis
2121 3651 2289 3714 illius
2332 3652 2594 3729 aetatis,
2653 3673 2937 3734 praeser-

632 3746 751 3809 tim
799 3767 875 3809 ex
923 3748 1156 3811 litteris
1205 3746 1517 3830 Stephani
1552 3746 1692 3822 111„
1741 3748 1929 3812 etiam
1972 3746 2142 3831 juris
2189 3751 2450 3834 sanctae
2495 3746 2675 3811 Sedis
2725 3749 2938 3825 fuisse,

634 3863 685 3906 e.
731 3864 791 3927 g.
851 3841 1192 3918 Faventia,
1249 3842 1487 3921 Imola,
1548 3842 1874 3914 Bononia,
1913 3842 2238 3917 ,Ferrarffi
2344 3843 2468 3907 Eas
2525 3865 2656 3907 non
2716 3846 2937 3909 statim

633 3939 899 4004 tradidit
951 3939 1364 4023 Aistulphus,
1430 3962 1501 4004 ac
1565 3946 1788 4024 postea
1835 3940 2181 4004 Pontifices
2245 3942 2703 4023 reclamarunt3
2767 3940 2938 4004 unde

633 4036 867 4100 dixeris
926 4041 1248 4100 auctorem
1309 4038 1700 4102 recensuisse
1754 4036 2044 4100 civitates
2099 4036 2367 4101 traditas
2423 4058 2499 4099 ex
2557 4037 2938 4101 documento

633 4154 863 4198 coaevo
909 4133 1309 4197 restitutioni
1357 4134 1597 4217 primae
1648 4153 1759 4215 per
1812 4133 2217 4215 Aistulphum
2265 4133 2493 4197 factae.
2578 4133 2938 4198 Adverten·
