3270 5028
644 409 714 460 30
1374 406 1456 461 De
1492 406 1708 462 haeresi
1735 408 2213 463 Iconoclastarum.

641 548 890 632 porales
936 548 1137 612 statui
1183 547 1254 611 in
1301 569 1426 626 eos,
1475 549 1588 632 qui
1626 550 1779 633 jura
1825 571 2045 615 eorum
2091 551 2475 616 violaverint
2522 559 2588 617 et
2633 554 2805 618 bona
2850 553 2946 619 di-

641 645 978 727 ripuerint.
1093 641 1169 707 Si
1224 641 1372 724 quis
1428 663 1577 708 vero
1633 663 1889 727 requm,
1952 646 2076 722 ait,
2140 646 2569 727 sacerdotum,
2618 647 2949 731 judicum,

635 759 1190 822 personarumque
1243 738 1681 804 saecularium
1745 739 1915 805 hanc
1971 741 2453 807 constitutionis
2516 748 2777 809 nostrae
2822 765 2946 828 pa-

633 834 866 919 yinam
909 855 1259 919 aqnoscens
1308 839 1534 900 contra
1578 855 1720 900 eam
1766 836 1986 902 venire
2032 837 2396 918 tentaverit,
2444 840 2789 922 potestatis
2833 840 2945 906 ho·

638 930 945 1013 norisqne
988 930 1095 996 sui
1137 929 1458 1014 dignitate
1505 937 1753 1011 careat,
1811 953 2119 1014 reumque
2163 955 2229 999 se
2272 934 2495 1001 divino
2532 936 2790 1018 judicio
2836 958 2945 1003 ex-

639 1027 832 1092 istere
877 1028 952 1092 de
985 1032 1306 1110 perpetua
1348 1027 1703 1111 iniquitate
1748 1030 2154 1117 coqnoscaffl)
2211 1068 2299 1077 —
2355 1034 2712 1117 Scriptores
2759 1057 2947 1118 porro

640 1127 851 1210 graeci
898 1126 1011 1208 qui
1054 1125 1299 1191 factum
1348 1123 1645 1209 Gregorii
1693 1125 1780 1189 II.
1827 1127 2148 1206 referunt,
2198 1129 2490 1194 laudibus
2535 1131 2729 1195 etiam
2773 1131 2948 1195 hunc

638 1222 1022 1288 Pontificem
1069 1221 1364 1298 efferunt,
1412 1222 1695 1305 adeoque
1724 1223 2103 1300 ostendunt,
2147 1246 2222 1289 ea
2255 1230 2471 1290 aetate
2501 1228 2699 1291 talem
2731 1232 2946 1292 aucto-

639 1320 852 1383 ritatis
896 1341 1083 1383 usum
1129 1318 1421 1382 habitum
1467 1319 1666 1382 fuisse
1707 1324 1781 1382 ut
1826 1319 2208 1404 legitimum,
2256 1323 2629 1387 nullatenus
2674 1324 2825 1388 vero
2871 1330 2951 1388 ut

639 1415 968 1480 doctrinae
1012 1415 1337 1480 Ecclesiae
1385 1417 1797 1481 contrarium.

815 1565 919 1630 33.
997 1562 1335 1640 Infirmum
1410 1585 1665 1647 quoque
1749 1566 1847 1626 est
1920 1569 2378 1648 argumentum
2452 1565 2791 1629 deductum
2867 1589 2945 1630 ex

640 1661 926 1745 epistolis
994 1659 1317 1744 Gregorii,
1395 1668 1714 1743 quatenus
1792 1681 2009 1723 earum
2081 1665 2421 1726 contextus
2490 1684 2625 1726 non
2688 1662 2949 1726 videtur

637 1778 995 1842 supponere
1051 1756 1474 1821 defectionem
1520 1755 1749 1819 Italiae
1795 1757 1876 1819 ab
1935 1757 2212 1840 Imperio
2269 1757 2590 1821 orientali.
2680 1757 2946 1823 Etenim

640 1859 712 1918 ut
760 1855 1131 1918 omittamus
1186 1854 1660 1937 quaestionem,
1721 1874 1803 1917 an
1862 1854 2195 1918 contextui
2252 1860 2568 1938 repugnet
2623 1857 2948 1938 separatio

638 1951 719 2015 ad
764 1954 1016 2032 tempus
1062 1952 1348 2032 peracta,
1410 1949 1719 2031 epistolae
1764 1949 1915 2014 illae
1962 1972 2123 2025 non,
2187 1950 2284 2013 uti
2331 1949 2494 2034 Pagi
2550 1951 2945 2027 existimant,

639 2069 814 2112 anno
886 2046 1011 2109 730
1080 2045 1257 2108 brevi
1317 2049 1470 2108 ante
1536 2050 1808 2110 mortem
1873 2045 2165 2130 Gregorii
2234 2047 2511 2129 scriptae
2578 2054 2762 2125 sunt,
2835 2048 2946 2112 sed

627 2146 765 2228 jam
814 2164 987 2206 anno
1038 2141 1162 2204 727
1211 2144 1275 2205 et
1325 2142 1470 2206 728.
1555 2139 1858 2205 Jamvero
1905 2163 2105 2225 quum
2153 2142 2288 2206 Leo
2331 2141 2594 2208 Isaurus
2638 2145 2706 2207 in
2756 2165 2948 2208 saeva

637 2262 754 2304 sua
797 2239 1131 2322 impietate
1184 2237 1584 2322 persisteret,
1639 2238 1957 2320 potuisset
2015 2238 2553 2322 subsequentibus
2610 2240 2800 2305 annis
2849 2241 2948 2304 ita

634 2334 942 2400 Pontifex
1009 2336 1080 2398 in
1138 2356 1285 2397 eum
1351 2333 1895 2412 animadvertere,
1970 2337 2045 2398 ut
2104 2335 2490 2418 reipublicae
2553 2341 2749 2420 atque
2812 2329 2984 2400 Ec?

635 2433 862 2497 clesiae
923 2430 1352 2499 incolumitati
1410 2429 1793 2512 provideret.
1857 2467 1944 2477 —-·
2006 2429 2238 2516 Neque
2301 2432 2616 2516 principia
2677 2434 2747 2496 in
2801 2433 2945 2497 istis

638 2530 923 2613 epistolis
984 2528 1275 2612 exposita
1334 2531 1634 2611 pugnant
1693 2549 1809 2611 per
1862 2550 1957 2604 se,
2022 2550 2165 2592 cum
2226 2527 2343 2591 tali
2416 2550 2536 2593 usu
2600 2530 2943 2613 potestatis

635 2627 1018 2710 pontificiae.
1126 2624 1473 2689 Habentur
1532 2623 1792 2705 quidem
1847 2624 1919 2686 in
1979 2624 2252 2707 epistola
2313 2625 2518 2707 prima
2570 2626 2712 2691 illa:
2781 2624 2943 2703 Scis,

637 2721 1033 2804 Imperator,
1108 2724 1370 2785 sanctae
1438 2718 1780 2783 Romanae
1846 2718 2174 2784 Ecclesiae
2243 2719 2543 2801 doqmata
2609 2742 2742 2786 non
2808 2720 2941 2786 Im-

625 2823 1010 2903 peratorum
1067 2837 1228 2896 esse,
1293 2815 1401 2881 sed
1448 2813 1872 2895 Pontificum,
1938 2836 2102 2897 quae
2155 2820 2296 2881 tato
2350 2815 2574 2882 debent
2624 2818 2945 2901 doqmati-

633 2916 797 2981 zari.
909 2914 1163 2980 Idcirco
1225 2911 1502 2987 ecclesiis
1553 2911 1920 2994 praepositi
1981 2915 2138 2977 sunt
2205 2912 2551 2993 Pontifices
2619 2934 2661 2979 a
2722 2914 2941 2996 reipu-

637 3013 836 3079 blicae
907 3009 1184 3096 neyotiis
1255 3008 1651 3074 abstinentes
1662 3027 1688 3087 ,·
1762 3011 1823 3072 et
1904 3005 2343 3091 Imperatores
2413 3030 2563 3092 erqo
2638 3010 2945 3075 similiter

636 3110 715 3176 ab
758 3106 1199 3175 ecclesiasticis
1236 3104 1626 3184 abstineant,
1676 3108 1737 3169 et
1783 3124 1947 3185 qaae
1990 3104 2116 3169 sibi
2161 3105 2499 3170 commissa
2528 3110 2686 3172 sant
2730 3127 2943 3189 capes·

635 3211 802 3272 sant.
912 3204 1168 3273 .C'essa
1213 3207 1273 3268 et
1319 3202 1595 3284 quiesce,
1652 3205 1792 3266 tum
1837 3200 2079 3283 synodo
2123 3200 2393 3266 minime
2446 3222 2607 3284 opus
2662 3203 2802 3267 erit.

636 3304 725 3369 Et
778 3305 848 3367 in
849 3255 1124 3367 ‘alteia
1190 3297 1737 3396 Qamadmodum
1783 3295 2096 3379 Pontifex
2146 3296 2644 3405 introspiciendi
2698 3298 2773 3365 in
2818 3320 2940 3382 pa-

639 3398 872 3465 latium
922 3400 1302 3480 potestatem
1346 3415 1480 3460 non
1539 3374 1730 3458 habet
1771 3413 1847 3458 ac
1905 3392 2257 3475 diqnitates
2314 3393 2530 3477 reqias
2593 3394 2941 3477 deferendi,

637 3496 730 3562 sic
770 3515 885 3560 nec
928 3494 1298 3576 Imperator
1348 3491 1423 3556 in
1476 3489 1771 3555 ecclesias
1824 3488 2320 3572 introspiciendi
2381 3495 2442 3555 et
2492 3490 2822 3557 electiones
2867 3491 2942 3557 in

819 3741 861 3805 ¹)
899 3740 1127 3808 Gregor.
1165 3738 1238 3791 M.
1269 3736 1452 3804 Epist.
1490 3736 1552 3789 L.
1590 3735 1747 3788 XIII.
1787 3751 1869 3803 ep.
1908 3738 1957 3799 8,
1995 3738 2044 3787 9.
2086 3736 2168 3787 10.
2217 3763 2286 3770 -
2332 3734 2555 3803 Negant
2600 3735 2816 3802 quidam
2852 3736 2948 3789 ad·

637 3819 871 3875 versarii
905 3818 1136 3873 Romani
1154 3815 1437 3870 Pontificis
1475 3811 1536 3883 (J
1538 3829 1693 3880 anne,
1731 3813 1781 3867 S.
1812 3813 1867 3879 6)
1905 3812 2304 3882 genuinitatem
2342 3813 2534 3866 harum
2573 3813 2947 3882 epistolarum,

639 3900 735 3954 sed
773 3899 959 3954 eadem
996 3895 1377 3964 peremptoriis
1413 3891 1753 3962 argumentis
1793 3897 2025 3945 constat.
2080 3891 2238 3945 Unde
2276 3890 2548 3945 Gallicani
2585 3907 2649 3947 eo
2687 3892 2947 3961 confuge·

637 3984 791 4044 runt,
845 3986 908 4033 ut
943 3977 1035 4031 vel
1077 3980 1336 4042 tanquam
1387 3988 1588 4028 meram
1637 3969 2081 4039 imprecationem
2132 3985 2198 4023 ea
2233 3970 2405 4023 verba
2441 3975 2801 4038 exponerent,
2851 3971 2946 4025 vel

639 4073 858 4113 sensum
906 4053 1192 4110 arbitrarie
1241 4052 1661 4120 restringerent.
1746 4049 1812 4103 V.
1862 4048 2303 4117 Hergenrother,
2363 4047 2571 4103 Kirche
2627 4050 2737 4103 und
2784 4049 2948 4103 Staat

638 4136 687 4190 S.
727 4138 857 4204 1263
893 4135 1132 4200 Molitor,
1170 4132 1273 4187 Die
1310 4130 1599 4186 Decretale
1643 4130 1751 4183 Per
1795 4126 2155 4181 Venerabilem
2192 4128 2263 4194 (a.
2305 4129 2482 4195 1876.)
2521 4127 2572 4180 S.
2609 4130 2730 4181 219.
