3270 5028
355 1158 574 1212 Principia

362 1219 581 1274 quaedam.

639 447 742 500 286
988 445 1135 499 XVI.
1175 443 1383 499 Causae
1421 444 1664 499 celebres
1704 450 1761 498 et
1795 444 2113 499 Decretales
2148 442 2389 497 Pseudo·
2393 443 2606 497 Isidori.

640 586 951 652 stantiam
995 586 1369 651 nullatenus
1415 586 1494 651 ab
1524 583 1825 682 antiquo
1871 587 2019 670 jure
2072 584 2409 668 differunt3
2466 584 2593 649 imo
2641 547 2844 649 etiam
2899 584 2982 647 in

641 683 912 767 antiqua
976 682 1313 792 disciplina
1378 683 1506 746 ista
1569 684 1806 765 passim
1872 689 1940 746 et
2002 704 2134 746 non
2195 704 2341 746 raro
2404 685 2768 746 occurrunt.
2870 679 2983 745 Ut

640 800 789 845 vero
850 779 1085 844 eadem
1129 778 1332 863 magis
1392 783 1703 862 urgerent
1761 778 1911 843 inde
1975 801 2012 841 a
2068 778 2319 843 saeculo
2381 799 2554 842 nono
2606 778 2977 849 mediante,

645 875 955 942 Romanis
1000 874 1419 940 Pontificibus
1457 876 1566 960 jus
1612 876 1741 940 fuit
1779 875 2134 954 indubium,
2178 875 2477 962 societati
2521 879 2741 938 autem
2790 873 2975 938 chri-

643 974 895 1039 stianae
939 972 1005 1036 id
1052 971 1178 1036 fuit
1225 976 1677 1055 opportunum.
1724 1009 1809 1019 —-

840 1164 941 1229 75.
1041 1163 1318 1228 Romani
1402 1162 1752 1228 Pontifices
1836 1167 2060 1248 quovis
2141 1168 2428 1246 tempore
2509 1163 2630 1227 sibi
2714 1162 2976 1228 conscii

645 1260 945 1338 fuerunt,
1014 1282 1090 1324 ex
1158 1260 1573 1324 institutione
1644 1261 1861 1325 divina
1934 1263 2247 1346 primatus
2323 1281 2542 1325 curam
2617 1263 2684 1323 et
2750 1260 2976 1342 provi·

644 1357 931 1421 dentiam
981 1357 1183 1421 totius
1232 1355 1549 1421 Ecclesiae
1604 1346 1760 1440 ipsis
1818 1379 1960 1423 esse
2008 1358 2441 1434 commissam,
2505 1378 2699 1440 seque
2753 1356 2973 1441 juris-

641 1453 988 1518 dictionem
1036 1452 1425 1518 ordinariam
1469 1453 1702 1517 habere
1758 1455 1824 1517 in
1871 1455 2238 1520 universam
2285 1452 2639 1518 Ecclesiam
2696 1474 2971 1517 omnes-

643 1571 767 1633 que
815 1549 1050 1613 fideles.
1141 1547 1329 1613 Hanc
1372 1569 1522 1614 vero
1568 1571 1930 1632 supremam
1986 1550 2433 1615 auctoritatem
2489 1549 2773 1632 profecto
2823 1572 2972 1614 non

643 1646 983 1711 arbitrario
1058 1645 1244 1709 modo
1322 1667 1611 1710 exercere
1688 1645 1954 1728 licebat,
2024 1647 2136 1712 sed
2203 1644 2553 1712 secundum
2617 1645 2971 1731 Evangelii

644 1743 928 1827 regulaS,
1002 1741 1216 1824 prouti
1289 1740 1359 1804 in
1429 1743 1620 1806 variis
1690 1748 2047 1827 temporum
2125 1743 2460 1828 adjunctis·
2509 1743 2575 1807 id
2642 1748 2969 1827 opportu-

644 1861 798 1903 num
865 1837 1232 1917 videbatur,
1307 1838 1400 1901 ita
1467 1839 1748 1921 quidem,
1824 1845 1897 1906 ut
1971 1840 2417 1924 applicationis
2490 1839 2686 1924 hujus
2753 1839 2971 1922 juris-

645 1935 944 2000 dictionis
1005 1939 1201 2018 atque
1256 1934 1549 2018 gubernii
1613 1937 1923 2019 quaedam
1982 1937 2257 2001 varietas
2311 1937 2488 2001 varia
2543 1941 2757 2019 posset
2816 1957 2969 2000 esse

647 2035 880 2097 aetate.
1015 2030 1354 2115 Quumque
1435 2032 1786 2096 secundum
1872 2034 2161 2098 ordinem
2241 2033 2457 2098 omnia
2521 2034 2594 2095 in
2669 2032 2973 2098 Ecclesia

646 2129 786 2193 fieri
847 2127 1214 2206 conveniat,
1276 2129 1410 2212 jam
1481 2128 1704 2212 primis
1772 2131 2040 2195 saeculis
2112 2130 2424 2215 quaedam
2495 2129 2760 2213 regulae
2821 2133 2968 2193 sta-

647 2229 830 2289 tutae
890 2225 1343 2301 inveniuntur,
1406 2225 1635 2308 quibus
1689 2232 1829 2290 tum
1887 2227 2101 2310 quoad
2153 2227 2481 2311 episcopos
2542 2230 2684 2290 tum
2745 2226 2969 2309 quoad

650 2321 1014 2387 Romanum
1091 2320 1475 2385 Pontificem
1549 2321 2126 2388 administrationis
2199 2322 2422 2387 modus
2495 2322 2970 2387 determinare-

647 2424 772 2485 tur.
877 2417 1191 2482 Attamen
1251 2417 1564 2501 ejusmodi
1617 2421 1885 2483 statutis
1948 2423 2141 2503 atque
2201 2419 2554 2484 canonibus
2622 2419 2755 2483 sive
2820 2440 2971 2503 par-

646 2516 1010 2581 ticularium
1058 2514 1192 2579 sive
1249 2513 1643 2598 generalium
1709 2517 2125 2597 synodorum,
2180 2539 2302 2582 nec
2361 2518 2432 2581 in
2489 2539 2608 2581 sua
2652 2516 2968 2581 substan-

646 2613 740 2677 tia
809 2634 882 2677 ac
951 2610 1353 2697 plenitudine
1423 2612 1732 2697 restringi
1803 2618 2061 2697 poterat
2132 2619 2420 2698 potestas
2485 2613 2966 2698 jurisdictionis

649 2708 830 2775 Sedis
868 2708 1313 2793 Apostolicae,
1368 2728 1488 2772 nec
1538 2714 1844 2792 poterant
1890 2710 1989 2774 illi
2034 2733 2313 2776 canones
2369 2709 2595 2774 haberi
2644 2714 2719 2774 ut
2762 2710 2967 2793 plane

648 2805 929 2871 absoluti
997 2809 1063 2870 et
1128 2804 1458 2888 completi,
1535 2805 1773 2888 quibus
1841 2828 2029 2872 omne
2104 2808 2479 2872 exercitium
2549 2806 2966 2870 auctoritatis

647 2902 1037 2969 Pontificum
1098 2900 1667 2979 determinaretur,
1737 2902 1837 2967 vel
1903 2910 2158 2988 praeter
2224 2925 2386 2987 quos
2452 2924 2789 2986 nunquam
2861 2902 2964 2965 illi

647 3020 838 3085 agere
914 3003 1194 3083 possent.
1317 2995 1674 3062 Multorum
1750 3009 2096 3064 canonum'
2144 2999 2537 3083 synodorum
2614 2999 2963 3082 particula-

647 3096 815 3162 rium
882 3117 997 3179 per
1063 3116 1129 3159 se
1195 3115 1328 3158 non
1381 3115 1457 3158 ea
1520 3099 1661 3158 erat
1727 3099 1992 3173 natura,
2055 3100 2132 3161 ut
2197 3094 2425 3159 iisdem
2467 3095 2745 3160 Romani
2788 3094 2966 3160 Pon-

649 3195 850 3259 tifices
928 3191 1519 3276 obstringerentur,
1596 3213 1718 3256 nec
1787 3193 2004 3258 omnia
2063 3215 2229 3277 quae
2296 3192 2581 3256 accidere
2652 3196 2966 3274 poterant

647 3288 889 3375 regulis
948 3288 1090 3353 istis
1151 3287 1677 3352 continebant-ur.
1786 3288 1924 3353 Imo
1991 3289 2246 3373 quando
2307 3288 2374 3353 id
2434 3310 2554 3372 pro
2610 3289 2782 3352 bono
2837 3287 2962 3352 Ec·

649 3385 876 3453 clesiae
936 3385 1366 3450 necessarium
1413 3386 1513 3448 vel
1569 3391 2007 3468 opportunum
2056 3385 2425 3463 videbatur,
2485 3407 2603 3468 pro
2663 3405 2964 3467 suprema

648 3505 764 3547 sua
837 3482 1224 3547 auctoritate
1298 3479 1556 3546 modum
1630 3481 1868 3563 agendi
1938 3481 2282 3546 Pontifices
2355 3482 2751 3545 constituere
2826 3487 2966 3564 pot-

648 3586 859 3659 erant,
901 3578 1020 3661 vel-
1055 3577 1420 3643 modificare
1464 3578 1911 3661 dispositiones
1964 3579 2226 3661 priores,
2317 3577 2423 3641 Ex
2476 3577 2694 3642 indole
2741 3582 2965 3642 autem

649 3676 963 3761 primatus
1033 3675 1155 3759 ipsi
1216 3673 1566 3739 Pontifices
1641 3674 1762 3739 hac
1836 3676 1909 3739 in
1979 3696 2050 3738 re
2118 3674 2397 3757 supremi
2461 3674 2714 3759 judices
2787 3678 2963 3752 sunt,

647 3794 766 3839 nec
828 3772 1018 3837 alteri
1087 3771 1397 3836 tribunali
1463 3772 1768 3856 subjecti,
1832 3772 2122 3855 quamvis
2196 3775 2547 3835 teneantur
2617 3792 2827 3853 aequa
2892 3791 2966 3834 ac

641 3871 819 3955 justa
877 3868 1129 3933 ratione
1189 3889 1439 3952 semper
1504 3869 1863 3953 procedere.
1975 3867 2640 3932 Animadvertendum
2703 3888 2963 3951 quoque

649 3972 774 4045 est,
831 3964 1066 4050 passim
1127 3965 1431 4049 prudenti
1486 3965 1858 4029 oeconomia
1921 3965 1989 4027 in
2044 3965 2354 4029 exercitio
2409 3986 2563 4028 suae
2617 3963 2963 4046 potestatis

647 4084 794 4128 usos
858 4083 997 4127 esse.
1041 4060 1422 4135 PontificeS,
1481 4061 1576 4125 ita
1622 4065 1697 4124 ut
1757 4083 1892 4125 non
1956 4060 2117 4125 illud
2173 4061 2463 4125 facerent
2522 4059 2692 4144 quod
2736 4061 2964 4124 stricto

639 4162 789 4247 jure
847 4159 976 4224 iuis
1039 4158 1468 4242 competebat,
1527 4157 1643 4222 sed
1703 4166 1777 4222 ut
1839 4158 1919 4221 ad
1980 4156 2329 4221 discordias
2383 4157 2485 4221 vel
2545 4156 2967 4220 schismatum
