3270 5028
1058 432 1289 487 Photius
1327 433 1863 500 pseudopatriarcha.
2512 438 2616 489 359

304 571 567 638 beatum
632 571 897 638 Petrum
970 577 1028 637 et
1097 573 1171 637 in
1238 572 1417 637 beato
1486 572 1682 638 Petro
1749 573 1956 638 simus
2024 573 2269 655 adepti,
2339 595 2458 640 nos
2523 596 2617 639 co-

294 674 474 753 ¹qunt
519 690 759 750 nosque
814 670 1200 753 compellunt
1246 669 1535 734 omnium
1589 669 1822 735 habere
1876 669 2374 735 sollicitudinem
2428 670 2618 737 eccle-

307 765 570 831 siarum
614 766 821 846 Deil)

487 874 590 937 49.
653 870 777 937 Sed
835 878 908 937 ut
953 873 1321 937 ostenderet
1366 872 1701 948 Pontifex,
1766 879 2164 958 quantopere
2227 872 2620 938 desideraret

218 974 223 977 ’
308 970 483 1053 pacis
544 974 611 1034 et
676 970 1051 1034 concordiae
1114 970 1676 1047 restaurationem,
1743 991 1811 1033 se
1873 974 2170 1053 paratum
2233 970 2493 1034 exhibet
2546 976 2620 1034 ut

308 1064 550 1151 Ignatii
617 1072 682 1129 et
739 1065 959 1130 Photii
1019 1088 1267 1129 causam
1335 1088 1505 1129 novo
1567 1066 1847 1129 examini
1902 1066 2221 1149 subjiciat.
2320 1063 2447 1129 Sed
2506 1064 2621 1130 hoc

304 1162 660 1227 secundum
705 1160 1201 1243 indulgentiam,
1248 1162 1484 1245 inquit,
1532 1161 1952 1240 concedimus,
1999 1182 2128 1226 non
2178 1160 2506 1225 licentiam
2550 1161 2620 1225 id

304 1258 634 1342 efficiendi
675 1279 804 1341 pro
855 1257 1036 1342 libito
1082 1257 1425 1340 cujuslibet
1469 1257 1840 1322 tribuimus.
1920 1259 2019 1322 Ab
2056 1259 2425 1342 Apostolica
2456 1258 2618 1323 Sede

309 1357 607 1421 videlicet
648 1357 956 1440 appellari
1011 1378 1142 1420 non
1196 1378 1407 1438 posse,
1462 1356 1571 1420 sed
1627 1378 1767 1419 eam
1816 1378 1955 1419 esse
2005 1378 2374 1439 supremum
2408 1357 2620 1421 ‘tribu-

255 1529 260 1534 '
311 1457 449 1528 nal,
511 1454 667 1517 scite
713 1453 1166 1517 animadvertit
1210 1457 1273 1515 et
1321 1453 1566 1535 probat.
1640 1447 1971 1536 'Proponit
2016 1453 2220 1536 igitur
2268 1457 2331 1517 et
2377 1458 2620 1528 monet,

308 1556 385 1615 ut
432 1551 728 1635 Ignatius
774 1555 839 1613 et
867 1549 1137 1614 Photius
1175 1549 1442 1612 Romam
1467 1550 1742 1612 ‘veniant
1787 1550 1866 1613 ad
1903 1548 2341 1613 renovandum
2391 1571 2619 1613 causae

308 1669 610 1723 examen,
671 1647 862 1730 idque
909 1646 1141 1710 merito
1198 1668 1235 1709 a
1290 1669 1359 1710 se
1421 1645 1729 1729 postulari
1785 1645 2069 1710 ostendit
2129 1647 2417 1730 exemplo
2463 1647 2620 1711 Julii

311 1744 674 1820 PontificiS,
732 1744 840 1827 qui
899 1743 1221 1827 quondam
1269 1741 1702 1806 Athanasium
1761 1746 1827 1805 et
1872 1737 2266 1806 adversarios
2313 1745 2452 1826 ejus
2497 1742 2622 1806 Ro-

311 1864 484 1905 mam
531 1841 877 1905 accersivit.
968 1838 1089 1904 Sed
1143 1840 1195 1902 si
1242 1840 1535 1923 Ignatius
1579 1845 1664 1901 et·
1693 1837 1960 1903 Photius
2007 1840 2227 1902 venire
2275 1845 2624 1923 nequeant,

313 1938 662 2022 acquiescit
708 1942 776 2000 ut
824 1936 1115 2019 deputati
1164 1937 1537 2010 mittantur,
1599 1939 1665 1997 et
1711 1936 1974 2015 quinam
2023 1956 2101 1998 ex
2150 1940 2332 2017 parte
2380 1936 2621 2018 Ignatii

314 2034 629 2118 dirigendi
686 2036 819 2096 sint
861 2033 1127 2096 Romam
1189 2032 1591 2096 determinat.
1686 2030 1925 2106 PorrO,
1982 2031 2235 2107 scribit,
2293 2030 2353 2095 si
2403 2031 2625 2096 venire

310 2129 415 2194 illi
450 2150 575 2211 per
604 2149 669 2193 se
699 2132 1044 2210 nequeunt,
1082 2126 1303 2210 primo
1349 2125 1605 2207 quidem
1651 2126 1781 2208 ipsi
1814 2127 2002 2209 cujus
2045 2127 2143 2191 rei
2174 2147 2372 2193 causa
2403 2128 2625 2192 venire

312 2248 445 2291 non
507 2226 753 2304 valent,
816 2224 1003 2290 nobis
1058 2245 1182 2307 per
1241 2223 1722 2305 satisfactorias
1781 2243 1938 2287 suas
2001 2223 2252 2288 litteras
2312 2223 2620 2289 indicent.

317 2322 571 2387 Deinde
630 2322 898 2387 veniant
954 2322 1030 2385 de
1089 2321 1193 2385 his
1253 2319 1368 2402 qui
1428 2340 1572 2384 cum
1621 2318 2037 2401 Syracusano
2091 2320 2405 2402 Greqorio
2468 2326 2624 2386 sunt

310 2423 621 2501 quotquot
661 2419 1013 2499 voluerint,
1070 2418 1235 2482 vices
1280 2420 1678 2482 caeterorum
1724 2421 2008 2481 tenentes
2053 2417 2167 2498 qui
2211 2422 2368 2483 sunt
2411 2417 2623 2501 ipsius

301 2518 540 2600 partis.
632 2517 999 2581 Mittantur
1042 2514 1238 2580 etiam
1285 2514 1361 2578 cle
1406 2519 1601 2596 parte
1646 2510 1907 2596 anatii
1961 2513 2425 2597 archiepiscopi
2480 2517 2620 2597 qui-

312 2612 487 2692 dam,
537 2613 869 2678 Antonius
919 2612 1163 2695 Cyzici,
1211 2611 1514 2676 Basilius
1569 2609 2092 2689 Thessalonicae,
2155 2611 2623 2677 Constantinus

313 2711 644 2788 Larissae,
687 2710 1057 2775 Theodorus
1094 2706 1742 2790 Syracusanor-um,²)
1786 2708 2247 2790 Metrophanes
2278 2708 2619 2797 Smyrnae,

307 2813 373 2870 et
420 2807 674 2873 Paulus
719 2807 1049 2889 episcopus
1094 2805 1302 2871 Ponti
1323 2804 1689 2884 Heracliae,
1738 2804 2081 2886 hequmeni
2127 2809 2345 2870 autem
2391 2805 2624 2871 Niceta

311 2903 806 2986 Clzrysopoleos,
868 2902 1184 2969 Nicolaus
1240 2901 1461 2966 Stadii
1474 2950 1490 2980 ,
1568 2901 1923 2966 Dositheus
1984 2898 2252 2980 Osiiclii,
2317 2902 2624 2967 Lazarus

203 2994 204 2997 ’
303 2998 659 3082 presbyter,
709 3005 769 3062 et
813 2998 1167 3062 monachus
1212 2999 1326 3079 qui
1367 2997 1615 3063 dicitur
1664 2995 1972 3074 Cazaris,·
2034 2998 2148 3079 qui
2191 2998 2325 3063 nisi
2367 2998 2623 3080 fuerint

313 3096 515 3176 missi,
563 3099 885 3178 suspectos
930 3116 1040 3158 vos
1085 3093 1378 3158 reddetis,
1464 3096 1562 3158 Ex
1610 3100 1790 3178 parte
1835 3096 2053 3160 Photii
2092 3101 2158 3160 et
2205 3096 2622 3179 Imperatoris

310 3195 511 3258 etiam
558 3214 992 3277 quoscumque
1038 3193 1378 3257 voluerint,
1412 3193 1587 3256 mitti
1633 3214 1819 3275 posse
1866 3192 2128 3271 indicat,
2177 3199 2371 3274 atque
2417 3193 2620 3257 omni·

314 3291 433 3354 ’ons
499 3290 629 3354 illis
701 3289 1147 3373 praesentibus
1221 3310 1489 3352 examen
1560 3289 2032 3352 instituendum
2101 3291 2621 3372 sententiamque

314 3387 659 3451 ferendam.
753 3384 1004 3464 Quibus
1050 3404 1129 3448 ea:
1174 3387 1453 3464 utraque
1489 3389 1685 3464 parte
1731 3385 2255 3450 convenientibus
2299 3389 2360 3448 et
2404 3405 2619 3449 coram

306 3487 539 3547 nostra
573 3480 955 3563 praesentia
983 3484 1044 3543 et
1066 3480 1362 3561 fratrum
1393 3484 1453 3543 et
1485 3480 1998 3563 coepiscoporum
2030 3485 2403 3546 nostrorum
2435 3480 2622 3545 audi-

314 3579 414 3657 tis,
462 3577 620 3659 quid
646 3577 1045 3659 quaestionis
1073 3576 1250 3641 inter
1284 3580 1631 3657 utramque
1667 3583 1927 3659 partem
1959 3577 2306 3657 emerserit,
2351 3577 2622 3658 facilius

2703 880 2894 924 Offertur

2661 954 2822 984 novum
2851 956 2922 986 ex-

2729 1015 2865 1048 amen.

307 3695 737 3757 aqnoscamus
790 3677 851 3738 et
909 3672 1211 3738 canonice
1265 3672 1656 3756 finiamus.3)
1752 3675 1975 3739 Monet
2021 3676 2273 3739 demum
2321 3675 2621 3739 Nicolaus
2718 3666 2739 3688 ⁸

489 3848 529 3913 ¹)
567 3849 747 3916 Epist.
786 3853 868 3917 8²3
907 3849 1088 3902 Labbe
1114 3848 1267 3901 VIII.
1308 3851 1427 3901 314.

488 3926 529 3992 2)
565 3927 720 3993 Vide,
759 3928 848 3980 hic
886 3927 1286 3981 commemorari
1320 3927 1665 3998 Theodorum
1704 3927 2010 3995 episcopum
2052 3928 2464 3996 Syracusanum.
2529 3929 2618 3981 In-

307 4012 519 4061 certum
558 4011 666 4071 est,
712 4012 896 4059 utrum
934 4007 981 4059 is
1020 4007 1087 4059 ab
1125 4005 1348 4074 Ignatio
1385 4006 1443 4058 in
1479 4006 1657 4059 locum
1695 4005 1947 4074 Gregorii
1994 4007 2229 4073 depositi
2274 4007 2441 4061 fuerit
2479 4008 2619 4061 ordi-

307 4089 491 4148 natuS,
533 4101 604 4136 an
639 4101 768 4138 vero
808 4086 1094 4153 episcopus
1124 4085 1241 4153 jam
1280 4084 1446 4137 fuerit
1484 4090 1664 4141 antea.

494 4162 536 4229 ³)
575 4163 748 4230 Epist.
786 4167 860 4218 8²².
908 4195 973 4200 -—
1020 4164 1193 4217 Juvat
1231 4163 1690 4228 animadvertere,
1740 4180 1807 4218 ex
1843 4164 1993 4218 hisce
2030 4164 2244 4217 Nicolai
2277 4164 2508 4229 litteris.
2554 4164 2619 4217 ob
