3270 5028
624 431 729 481 412
1301 426 1478 479 XVII.
1517 427 1598 480 De
1643 424 1935 479 schismate
1973 424 2259 478 Photian0.

627 576 902 652 pararet.
1006 568 1239 630 Merito
1296 566 1373 630 de
1429 567 1565 649 ipso
1621 567 1928 649 episcopi,
1993 566 2105 649 qui
2168 567 2249 629 ab
2292 563 2552 649 Ignatio
2607 563 2981 648 quondam

631 666 1029 743 defecerant,
1093 664 1161 727 in
1221 663 1437 727 libello
1485 685 1612 746 quo
1679 664 1895 728 oblato
1960 664 2029 726 in
2080 662 2349 726 Concilii
2400 662 2672 726 Actione
2712 661 2802 725 H.
2864 663 2980 724 la·

637 784 820 845 psum
870 784 1056 825 suum
1102 760 1422 844 deprecati
1472 764 1654 838 sunt,
1720 760 1796 822 ad
1863 760 1962 823 sui
2029 759 2501 823 excusationem
2553 758 2775 823 Photii
2831 760 2973 821 in-

628 858 837 921 dolem
908 857 1370 936 describenteS,
1448 855 1769 919 dixerant:
1853 854 2025 934 Quia
2097 859 2239 918 erat
2304 853 2409 918 vir
2477 853 2612 918 alia
2678 854 2969 936 quidem

631 952 917 1034 loquem,
966 957 1025 1016 et
1071 952 1208 1017 alia
1255 951 1569 1034 comitam,
1621 956 1681 1015 et
1729 971 1991 1033 operam
2033 951 2198 1015 dans
2240 950 2609 1031 mendacio;
2670 972 2749 1015 ex
2795 955 2970 1015 arte

623 1048 971 1131 yentilium
1004 1069 1250 1130 semper
1285 1047 1689 1130 proponebat
1722 1047 1904 1127 bona,
1952 1047 2321 1112 deveniebat
2363 1052 2580 1111 autem
2618 1048 2692 1113 in
2721 1047 2920 1112 mala
2935 1066 2968 1126 ,·

628 1148 689 1209 et
744 1150 885 1209 erat
934 1149 1167 1226 potens
1223 1144 1308 1209 ad
1366 1144 1808 1226 superandum
1870 1148 1930 1208 et
1986 1143 2455 1226 decipiendum,
2517 1149 2593 1210 ut
2650 1166 2783 1210 non
2848 1148 2966 1209 est

625 1242 844 1323 factus
902 1262 1016 1306 nee
1075 1240 1183 1321 fiet
1238 1240 1413 1305 ullus
1474 1240 1885 1320 hominumn
1975 1243 2260 1326 Impigro
2326 1243 2542 1307 labore
2604 1242 2961 1306 devinctos

628 1340 751 1402 sibi
810 1340 1082 1404 retinuit
1128 1340 1392 1414 amicOS,
1455 1339 1790 1421 discipulos
1854 1344 1919 1403 et
1977 1340 2247 1404 asseclas
2303 1362 2477 1420 suOS,
2541 1361 2613 1403 ac
2667 1360 2807 1402 sese
2869 1341 2960 1400 ut

629 1457 847 1499 verum
894 1435 1343 1519 patriarcham,
1390 1434 1534 1500 illos
1581 1440 1656 1498 ut
1688 1457 1900 1499 veram
1949 1435 2276 1499 ecclesiam
2309 1435 2626 1510 exhibuit3
2667 1456 2960 1498 munera

629 1533 821 1596 etiam
867 1532 1250 1615 episcopalia
1296 1532 1363 1594 in
1416 1533 1665 1596 occulto
1698 1533 2058 1615 complevit,
2105 1533 2420 1616 simulque
2467 1532 2764 1596 affectata
2813 1531 2956 1614 pie·

628 1632 764 1692 tate
810 1632 875 1692 et
921 1629 1271 1713 gravitate,
1299 1632 1394 1708 ⁸et
1440 1628 1803 1692 eruditione
1857 1651 1981 1712 qua
2026 1629 2481 1711 praecellebat,
2536 1628 2951 1711 splendorem

633 1724 966 1808 quemdam
1014 1748 1086 1788 ac
1131 1725 1353 1808 magni
1406 1725 1684 1789 nominis
1731 1726 1968 1789 famam
2023 1725 2440 1791 conservavit.
2534 1724 2745 1789 Etiam
2792 1747 2946 1788 cum

628 1822 779 1885 viris
828 1820 1190 1886 Occidentis
1235 1819 1653 1903 Romanisve,
1714 1826 2029 1905 quantum
2090 1822 2369 1899 videtur,
2425 1821 2673 1887 studuit
2727 1823 2948 1887 amici-

630 1918 787 1981 tiam
835 1919 1068 1996 colere,
1124 1921 1196 1981 ut
1255 1939 1470 1981 eorum
1528 1918 1768 1982 auxilio
1827 1922 1892 1981 et
1951 1919 2196 1982 influxu
2251 1920 2580 1983 occasione
2642 1918 2792 1982 data
2842 1920 2946 1984 uti

631 2019 861 2097 posset.
953 2013 1325 2078 Zachariam
1383 2014 1819 2078 Ananiensem
1876 2019 1943 2079 et
1999 2015 2157 2079 alios
2218 2015 2525 2098 quosdam
2584 2016 2641 2078 ei
2698 2015 2947 2080 favisse

632 2111 959 2194 probabile
1004 2117 1101 2175 est
1141 2134 1217 2175 ex
1252 2111 1591 2175 eventibus
1641 2112 2128 2196 posterioribus3
2178 2112 2284 2176 sed
2318 2113 2487 2195 quod
2514 2112 2668 2176 satis
2699 2104 2946 2175 mirum

632 2210 758 2284 est,
818 2208 1237 2272 Anastasium
1285 2206 1859 2272 Bibliothecarium
1906 2230 2159 2291 quoque
2205 2209 2515 2272 auxilium
2560 2231 2747 2271 suum
2796 2231 2945 2291 pro-

633 2304 877 2369 misisse
921 2304 1184 2382 Photi0‚
1244 2308 1434 2386 atque
1480 2304 1785 2367 Photium
1843 2305 1910 2368 in
1971 2327 2044 2369 eo
2092 2327 2405 2389 sperasse,
2465 2327 2542 2368 ex
2587 2328 2721 2369 una
2765 2308 2944 2390 ejus-

632 2400 774 2464 dem
823 2400 1041 2465 Photii
1090 2400 1363 2483 epistola
1408 2400 1487 2463 ad
1533 2402 1952 2465 Anastasium
1997 2402 2415 2466 manifestum
2459 2400 2612 2483 fit.²)

812 2652 853 2719 ¹)
890 2653 1072 2707 Labbe
1098 2654 1250 2708 VIII.
1293 2655 1441 2706 1000.

810 2731 854 2798 2)
900 2732 1155 2800 Epistola
1203 2733 1337 2786 haec
1387 2733 1525 2787 satis
1576 2733 1805 2787 obscura
1858 2738 2041 2787 exstat
2096 2749 2179 2800 ap.
2231 2733 2627 2788 Montacutium
2682 2750 2763 2802 ep.
2814 2734 2939 2800 1703

577 2817 596 2825 “
632 2825 715 2877 ap.
755 2810 960 2879 Migne,
998 2813 1059 2865 P.
1100 2812 1163 2866 G.
1203 2813 1321 2865 CII.
1358 2815 1492 2880 8783
1540 2829 1625 2880 ap.
1663 2812 1963 2866 Baronium
1999 2812 2171 2866 latine
2211 2813 2279 2865 ad
2316 2829 2364 2865 a.
2402 2815 2522 2879 878,
2567 2830 2620 2866 n.
2662 2815 2709 2878 l,
2746 2812 2939 2866 melius

633 2905 814 2943 versa:
874 2891 1138 2958 „Photius
1195 2891 1492 2944 Anastasio
1546 2892 1866 2959 presbytero
1923 2897 1979 2946 et
2030 2891 2443 2946 bibliothecario
2493 2892 2710 2946 Romae.
2771 2924 2836 2932 —
2890 2894 2936 2944 A

634 2984 791 3022 sacra
846 2971 1059 3036 quidem
1110 2969 1193 3038 (ut
1230 2970 1409 3025 estin
1446 2969 1761 3041 proverbio)
1819 2971 2080 3025 instituta
2134 2986 2221 3024 res
2278 2976 2380 3034 est,
2467 2970 2605 3037 (Ἀφ’
2654 2973 2798 3037 ἱερᾶς
2843 2970 2936 3037 μέν

632 3067 739 3111 σοι,
793 3047 851 3100 τὸ
904 3051 1288 3116 παροιμιῶδες,
1344 3051 1375 3101 ὅ
1429 3048 1572 3117 ἀγὼν
1627 3051 1861 3118 Diogen.
1914 3050 2066 3103 Cont.
2121 3051 2173 3117 β.
2221 3051 2330 3116 36).
2415 3049 2490 3102 At
2546 3050 2724 3104 serius
2782 3066 2935 3116 quam

633 3129 896 3193 oportuit.
967 3129 1081 3183 Nec
1126 3145 1257 3184 vero
1310 3128 1594 3182 consilium
1645 3130 1998 3196 reprehendo.
2073 3129 2246 3183 Video
2297 3135 2477 3183 autem
2522 3135 2736 3196 tempus
2789 3145 2937 3196 prae-

632 3206 867 3262 teriisse.
944 3208 1097 3274 Quod
1142 3207 1274 3261 mihi
1314 3207 1537 3261 videtur
1581 3225 1690 3262 non
1727 3208 2071 3276 ineleganter
2118 3208 2429 3277 aenigmate
2478 3208 2802 3276 significari:
2852 3225 2934 3262 oc-

632 3285 905 3340 casionem
950 3303 1142 3354 nempe
1197 3304 1230 3340 3
1282 3287 1461 3341 fronte
1518 3287 1796 3341 intonsam
1845 3302 1990 3353 esse,
2046 3303 2185 3354 pone
2232 3303 2362 3342 vero
2411 3288 2639 3341 calvam.
2713 3287 2767 3340 Si
2817 3287 2934 3354 quis

632 3365 775 3418 enim
815 3366 1047 3433 tempori
1094 3365 1356 3432 defuerit,
1408 3367 1690 3432 exclusus,
1718 3366 1991 3434 ‘quamvis
2044 3366 2381 3420 occasionem
2426 3366 2720 3421 innumeris
2755 3382 2934 3434 prose·

632 3452 829 3510 quatur
866 3445 1100 3512 artibuS,
1149 3445 1378 3513 adipisci
1415 3461 1522 3498 non
1570 3443 1805 3513 potest.“
1865 3446 2061 3513 (Jager
2095 3445 2155 3498 L.
2194 3445 2321 3498 VII.
2358 3462 2411 3512 p.
2451 3448 2578 3498 253:
2627 3446 2934 3500 L’occasion

631 3540 665 3576 a
702 3525 796 3578 des
836 3524 1076 3578 cheveux
1112 3525 1275 3594 longs
1315 3541 1414 3591 par
1452 3525 1681 3587 devant,
1725 3523 1767 3577 il
1803 3524 1923 3577 faut
1960 3524 2015 3577 la
2053 3524 2240 3591 saisir;
2293 3524 2428 3577 mais
2468 3525 2572 3578 elle
2609 3529 2695 3579 est
2732 3526 2934 3579 chauve

631 3619 730 3670 par
779 3602 1037 3669 derriere,
1098 3608 1155 3657 et
1201 3603 1476 3670 lorsqu’on
1523 3604 1579 3656 la
1621 3604 1785 3657 laisse
1833 3619 2045 3670 passer,
2096 3618 2165 3656 on
2214 3620 2283 3657 ne
2333 3608 2464 3670 peut
2510 3603 2633 3671 plus
2675 3604 2731 3658 la
2777 3602 2934 3656 saisir

631 3682 861 3748 quelque
899 3681 1063 3736 effort
1102 3683 1258 3748 qu’on
1303 3682 1485 3746 fasse.)
1563 3682 1700 3751 „Sed
1735 3683 1871 3736 bene
1922 3688 2008 3736 est
2055 3684 2198 3750 quod
2234 3698 2387 3736 mens
2434 3690 2494 3743 et
2528 3683 2786 3737 voluntas
2825 3688 2931 3748 tua,

633 3761 722 3814 vel
773 3775 921 3827 ser0,
977 3761 1281 3815 misericors
1331 3761 1453 3814 fuit.
1537 3762 1845 3815 Amicorum
1896 3761 2039 3815 enim
2085 3767 2199 3828 est,
2256 3777 2362 3815 non
2409 3762 2654 3817 utilitate
2699 3762 2933 3830 gratiam

632 3839 842 3904 metiri,
894 3840 989 3895 sed
1027 3840 1307 3908 proposito
1354 3846 1411 3894 et
1448 3840 1880 3895 benevolentia.“
1921 3870 1989 3877 --
2027 3840 2218 3906 ,Homo
2266 3839 2497 3894 callidus
2544 3848 2602 3896 et
2638 3847 2931 3913 veterator,

632 3918 713 3972 ait
751 3919 1021 3974 Baronius
1065 3920 1100 3974 1.
1154 3936 1196 3973 c.
1248 3937 1299 3973 n.
1350 3923 1399 3974 8.
1448 3923 1522 3985 9.,
1580 3919 1971 3973 consuetudine
2024 3920 2338 3974 litterarum
2394 3920 2576 3987 aliqua
2632 3937 2751 3973 cum
2797 3920 2932 3973 Ana-

634 3998 805 4054 stasio
855 4000 996 4054 Bibl.
1036 4000 1313 4054 Romanae
1352 3998 1505 4053 Sedis
1556 3998 1830 4052 contraxit
1878 3997 2333 4065 familiaritatem,
2383 4013 2539 4064 quem
2591 3999 2732 4065 apud
2777 3997 2931 4071 ,10311-

634 4093 754 4131 116111
806 4078 967 4132 Pont.
1019 4079 1305 4146 plurimum
1352 4093 1513 4147 posse
1563 4077 1746 4131 sciret.
1802 4118 1812 4130 .
1855 4119 1866 4130 .
1907 4118 1919 4130 .
1968 4077 2119 4132 Haec
2167 4077 2396 4131 Photius
2448 4078 2518 4130 ad
2565 4077 2928 4140 Anastasium‚

636 4172 835 4223 magna
872 4162 934 4208 ut
971 4163 1203 4223 apparet
1239 4157 1610 4212 intercedente
1651 4156 1796 4211 inter
1842 4172 1934 4211 eos
1975 4172 2042 4210 ex
2086 4155 2361 4211 amicitiae
2399 4172 2499 4210 usu
2533 4155 2752 4221 fiducia3
2803 4172 2929 4223 quae
