3270 5028
677 476 781 525 436
1357 473 1536 528 XVII.
1573 474 1657 529 De
1687 475 1982 528 schismate
2019 475 2304 528 Photiano.

679 612 1086 677 ordinatione
1145 635 1423 698 canones
1485 617 1698 699 quoad
1755 621 2036 680 aetatem
2088 616 2325 679 servati
2387 637 2519 680 non
2582 620 2844 691 essent,
2915 618 3022 674 at-

679 729 802 791 que
852 710 1048 772 etiam
1105 709 1426 775 ordinatio
1490 714 1559 776 in
1619 712 1955 777 diaconum
2014 734 2126 795 per
2180 711 2481 775 Photium
2540 716 2607 776 et
2662 730 3024 776 consecra-

677 805 770 868 tio
829 805 898 868 in
952 805 1380 888 patriarcham
1442 831 1555 891 per
1613 810 1977 893 episcopum
2028 808 2415 888 Photianum
2473 800 2669 871 dubia
2727 806 3021 869 suscita-

676 905 851 977 rent,
912 923 1056 965 mox
1114 903 1193 965 ad
1247 904 1461 969 omnia
1515 906 1916 971 resarcienda
1973 905 2371 969 interventio
2429 904 2608 969 Sedis
2665 901 3022 985 Apostoli·

678 1019 789 1060 cae
848 997 1137 1081 quaesita
1197 1004 1312 1063 est.
1416 999 1686 1086 Scripsit
1740 1002 1942 1085 igitur
2000 1002 2132 1066 Leo
2187 1001 2523 1084 Augustus
2582 1001 2659 1064 ad
2720 998 3023 1081 Stepha-

648 1116 836 1192 ,num
879 1093 952 1158 V.
1026 1094 1435 1176 Pontificem,
1511 1099 1764 1181 scripsit
1834 1104 1900 1162 et
1968 1096 2302 1182 Stylianus
2371 1103 2508 1162 tam
2576 1117 2719 1173 SUO,
2800 1117 3017 1178 quam

680 1191 964 1254 omnium
1046 1188 1450 1257 sacerdotum
1530 1193 1818 1259 Orientis
1898 1195 2248 1259 catholicae
2332 1192 2803 1258 communionis
2890 1213 3020 1254 no-

680 1285 933 1366 mine,¹)
980 1289 1289 1374 illumque
1335 1297 1678 1375 rogarunt,
1728 1296 1801 1354 ut
1847 1293 2227 1356 violatorum
2277 1293 2343 1355 in
2392 1289 2797 1355 ordinatione
2854 1286 3018 1351 Ste-

679 1384 877 1467 phani
926 1407 1243 1450 canonum
1292 1389 1549 1452 veniam
1596 1387 2003 1470 concederet,
2062 1396 2126 1453 et
2169 1389 2402 1471 populo
2449 1389 2837 1471 ignosceret,
2890 1386 3019 1467 qui

679 1480 901 1544 fraude
967 1481 1180 1546 Photii
1246 1483 1578 1569 deceptus,
1654 1491 1799 1568 post
1858 1486 2106 1551 obitum
2172 1483 2241 1548 S.
2306 1482 2547 1569 Ignatii
2608 1482 2704 1545 illi
2770 1502 3013 1543 rursus

680 1771 947 1849 scelera,
1005 1772 1314 1850 declarat,
1381 1776 1697 1857 quomodo
1756 1776 1888 1840 Leo
1952 1798 2095 1840 eum
2156 1775 2444 1860 ejecerit,
2508 1777 2855 1857 rogatque,
2932 1773 3013 1833 ut

685 1866 1014 1947 Pontifex,
1080 1869 1394 1935 damnans
1459 1895 1631 1951 eum,
1708 1874 1989 1958 benigne
2058 1874 2388 1956 dispenset
2452 1892 2592 1934 cum
2657 1868 2799 1931 aliis
2862 1866 3014 1949 epi-

680 1966 913 2047 scopiS,
969 1965 1080 2050 ‘qui
1128 1969 1207 2032 ab
1253 1990 1326 2032 eo
1376 1968 1623 2053 decepti
1670 1971 1973 2048 fuissent,
2035 1974 2110 2032 ut
2164 1969 2257 2032 ita
2312 1990 2437 2050 pax
2483 1964 2849 2031 omnimoda
2899 1986 3016 2027 re-

678 2062 992 2127 stituatur
1069 2063 1367 2129 CPtanae
1441 2067 1767 2131 ecclesiae.
1888 2067 2087 2151 Cujus
2160 2065 2415 2149 quidem
2495 2063 2805 2146 epistolae
2881 2083 3010 2124 no-

678 2159 878 2222 tanda
936 2171 1089 2223 sunt
1150 2163 1427 2227 maxime
1490 2164 1713 2242 verba,
1780 2163 2012 2247 quibus
2076 2163 2194 2226 hoc
2259 2164 2498 2245 petitur
2562 2184 2598 2224 a
2661 2158 3010 2241 Stephano

679 2255 874 2339 Papa.
965 2255 1287 2334 Quoniam
1334 2279 1483 2322 vero
1529 2258 1785 2337 Seianae,
1834 2260 2046 2343 inquit
2089 2256 2441 2341 StylianuS,
2493 2256 2660 2338 quod
2705 2275 2746 2319 a
2776 2257 3010 2317 vestra

681 2351 1053 2432 Apostolica
1109 2352 1270 2418 Sede
1329 2355 1571 2437 corriyi
1631 2360 1691 2419 et
1755 2356 1963 2439 Juxta
2025 2374 2298 2419 canones
2369 2352 2610 2434 corripi
2675 2350 3004 2428 debemus,

679 2446 801 2511 hac
868 2447 942 2511 de
1007 2469 1204 2514 causa
1268 2449 1626 2517 humilibus
1694 2451 1797 2517 his
1864 2452 2109 2519 nostris
2170 2450 2407 2516 litteris
2475 2454 2656 2514 tuam
2726 2466 3004 2511 oramus

678 2545 1260 2626 venerabilitatem,
1331 2553 1407 2613 ut
1467 2548 1973 2613 misericorditer
2028 2548 2358 2614 nobiseum
2419 2567 2605 2630 ayaS,
2679 2552 2745 2610 et
2805 2546 2999 2629 plura

677 2644 1063 2729 hujusmodi.

862 2785 999 2850 132.
1058 2784 1424 2870 Stephanus
1477 2787 1780 2852 Pontifex
1839 2809 2036 2872 quum
2094 2787 2476 2851 nonnullam
2526 2782 2990 2848 dissensionem

679 2881 852 2945 inter
898 2880 1179 2965 Styliani
1234 2889 1300 2948 et
1346 2884 1758 2966 Imperatoris
1817 2885 2068 2947 litteras
2132 2882 2738 2962 animadvertisset‚'
2770 2876 2992 2943 timuit

679 3000 760 3042 ne
814 2979 935 3043 sibi
994 2980 1429 3063 obreperetur.
1540 2980 1674 3045 Leo
1740 2981 1910 3044 enim
1970 2979 2328 3063 Imperator
2381 2978 2749 3061 scripserat,
2824 2974 2992 3039 Pho-

681 3076 846 3138 tium
889 3080 1116 3158 sponte
1163 3098 1230 3139 se
1279 3077 1679 3141 abdicantem
1730 3078 2017 3162 quietam
2060 3078 2259 3141 vitam
2307 3076 2596 3159 elegisse3
2656 3071 2994 3155 Stylianus

681 3193 833 3236 vero
891 3172 1196 3238 Photium
1262 3197 1299 3238 a
1365 3173 1715 3239 Catholicis
1780 3176 2056 3258 ejectum
2118 3172 2459 3237 asserebat.
2563 3169 2995 3246 Quamobrem

681 3269 984 3333 Pontifex
1050 3272 1593 3354 dispensationem
1659 3294 1852 3356 quam
1916 3270 2235 3354 rogabant
2298 3268 2649 3352 suspendit.
2752 3263 2996 3329 Scribit

678 3363 985 3429 Pontifex
1048 3369 1317 3449 epistola
1379 3390 1432 3432 a.
1482 3369 1608 3431 888
1674 3368 1850 3432 data:
1912 3365 2076 3449 „Sed
2140 3367 2216 3431 de
2278 3366 2510 3430 Photio
2572 3363 2829 3448 quidem
2893 3362 2995 3451 ita

682 3484 793 3525 vos
855 3463 1222 3548 scripsistis3
1286 3465 1429 3528 illas
1477 3487 1625 3529 vero
1684 3464 2092 3548 Imperatoris
2149 3465 2399 3528 litteras
2463 3484 2657 3546 quum
2722 3460 2990 3542 legisse-

680 3581 840 3635 mUS,
894 3560 1142 3623 easdem
1190 3584 1227 3624 a
1275 3561 1507 3624 vestris
1566 3563 1784 3645 procul
1842 3561 2062 3626 abesse
2121 3561 2558 3644 comperimus
2649 3556 2756 3621 Ita
2812 3555 2990 3618 enim

679 3676 746 3717 se
804 3655 1161 3721 habebant:
1221 3658 1390 3741 quod
1449 3657 1718 3722 Photius
1783 3659 2062 3741 quietam
2127 3658 2328 3721 vitam
2390 3656 2605 3739 elegit.
2700 3653 2984 3734 Quapro-

679 3757 822 3833 pter
884 3754 952 3816 in
1016 3752 1420 3819 dubitatione
1468 3776 1810 3819 versamur.
1924 3753 2203 3817 Multum
2261 3753 2434 3817 enim
2503 3748 2806 3825 interest,
2871 3747 2987 3811 ab·

678 3849 1119 3926 renuntiasse,
1180 3856 1245 3915 et
1298 3850 1631 3935 expulsum
1694 3872 1846 3915 esse.
1947 3849 2084 3914 Nos
2138 3851 2340 3934 igitur
2393 3849 2632 3932 absque
2687 3846 2988 3928 diligenti

678 3944 1095 4027 inquisitione
1167 3949 1612 4033 qualecunque
1673 3948 1987 4032 judicium
2061 3948 2341 4031 proferre
2419 3967 2549 4009 non
2621 3963 2985 4027 possumne.

863 4211 900 4278 ¹)
938 4212 1002 4264 V.
1043 4210 1225 4264 Labbe
1261 4210 1357 4263 1x.
1396 4213 1514 4263 368.
