3270 5028
948 440 1154 493 Causae
1192 439 1384 506 quibus
1423 437 1660 493 schisma
1695 421 2098 508 praeparatum.
2576 442 2681 493 333

369 604 519 667 pere
582 582 777 657 velle,
851 584 953 647 vel
1000 584 1229 648 saltem
1289 603 1459 645 vana
1519 580 1869 664 jactantia⁴
1904 602 2143 645 nomen
2207 580 2336 644 sibi
2399 581 2684 645 tribuere

367 678 540 763 quod
598 700 743 741 eum
793 679 1124 762 exprimat.
1235 676 1298 741 N
1302 678 1589 762 egabant
1645 681 1862 741 tamen
1912 676 2158 741 CPtani
2221 677 2285 741 id
2343 700 2416 741 ea
2466 680 2686 761 appel-

368 775 610 840 latione
656 775 970 852 intendi,-
1001 777 1285 859 aliasque
1334 774 1792 857 explicationes
1855 774 2305 856 appellationis
2361 774 2535 837 illius
2582 775 2686 838 da·

369 872 549 937 bant.
653 870 921 936 Poterat
978 872 1275 937 videlicet
1346 870 1695 953 appellatio
1758 870 2046 934 adhiberi
2117 876 2191 934 ut
2254 892 2466 934 merus
2531 874 2686 935 titu-

370 968 469 1033 lus
530 968 946 1044 honorificus,
1009 970 1169 1051 quin
1228 968 1509 1051 praecise
1567 988 1798 1030 sensus
1860 970 2215 1051 urgeretur.
2309 966 2517 1042 Quum
2570 989 2686 1051 pa-

363 1064 689 1128 triarchae
751 1086 992 1130 nomen
1053 1066 1304 1148 passim.
1355 1066 1790 1128 assumeretur
1850 1064 2042 1127 etiam
2099 1063 2181 1127 ab
2241 1063 2383 1127 aliis
2444 1069 2686 1129 metro-

370 1161 675 1245 politanis
724 1159 1013 1239 GraeciS,
1065 1162 1174 1245 qui
1222 1160 1459 1224 fastum
1507 1158 1868 1242 diligebant
1913 1164 1979 1223 et
2023 1158 2390 1242 splendidos
2437 1159 2685 1238 titulos,

369 1260 724 1341 potuerunt
793 1259 1119 1340 praesules
1186 1253 1435 1322 CPtani
1502 1255 1682 1320 illam
1745 1256 2239 1340 appellationem
2303 1261 2379 1319 ut
2446 1256 2687 1340 epithe-

369 1360 487 1418 ton
532 1375 773 1418 ornans
820 1376 1012 1418 sensu
1076 1353 1350 1438 quodam
1409 1352 1697 1437 generali
1754 1352 2085 1430 adhibere,
2150 1355 2468 1436 quatenus
2517 1352 2684 1417 chri·

361 1449 661 1515 stiaomm
728 1452 827 1515 vel
900 1448 1283 1515 catholicum
1352 1450 1762 1535 significaret.
1884 1447 1990 1514 Sic
2057 1450 2252 1514 etiam
2320 1450 2686 1532 patriarcha

370 1547 802 1611 Armenorum
863 1549 1214 1619 καθόλικος
1280 1547 1661 1630 appellatur.
1760 1544 2107 1610 Praeterea
2174 1568 2410 1610 nomen
2471 1548 2681 1610 οἰκου-

361 1647 563 1727 μένης
620 1643 847 1708 Graeci
911 1646 1145 1728 passim
1208 1643 1604 1708 adhibebant
1666 1647 1742 1707 ut
1804 1640 2169 1724 Imperium
2232 1644 2684 1726 exprimerent,

367 1748 692 1823 quatenus
766 1740 925 1803 alias
1002 1741 1294 1824 regiones
1379 1761 1417 1802 a
1491 1740 1781 1803 barbaris
1852 1738 2206 1803 inhabitari
2282 1739 2684 1823 adsignifica-

367 1837 549 1900 bant.
652 1834 842 1900 Unde
905 1836 1336 1920 patriarcham
1401 1836 1881 1901 oecumenicum
1944 1834 2151 1901 dicere
2206 1840 2513 1919 poterant
2578 1858 2684 1920 pa·

364 1933 711 1997 triarcham
743 1933 1033 2015 Imperii3
1082 1937 1147 1997 et
1196 1933 1506 2018 ejusmodi
1545 1932 2081 2017 significationem
2123 1932 2424 1996 videntur
2459 1931 2685 1997 Graeci

366 2030 622 2094 saeculo
692 2051 863 2093 nono
937 2030 1185 2093 nomini
1259 2030 1645 2095 attribuisse.
1757 2028 2005 2093 Tamen
2072 2051 2146 2094 eo
2205 2035 2492 2113 tempore
2559 2051 2684 2113 quo

362 2126 658 2191 Joannes
705 2124 1055 2190 Nesteutes
1113 2148 1348 2191 nomen
1412 2126 1787 2209 assumpsit,
1849 2126 2041 2189 etiam
2086 2125 2292 2190 Roma
2349 2126 2501 2190 urbs
2548 2134 2686 2190 erat

368 2222 660 2305 Imperii,
739 2228 805 2286 et
873 2222 993 2287 hac
1060 2244 1317 2306 quoque
1386 2222 1787 2287 restrictione
1856 2222 2206 2304 appellatio
2282 2244 2397 2305 per
2473 2244 2540 2287 se
2613 2244 2685 2288 eo

365 2319 648 2404 ferebat,
708 2324 781 2384 ut
827 2320 1044 2403 aliqua
1079 2319 1590 2402 praeeminentia
1638 2339 1791 2401 prae
1839 2317 2136 2381 omnibus
2184 2319 2492 2402 episcopis
2538 2341 2684 2401 sup·

364 2422 734 2498 poneretur.
828 2414 1018 2479 Certe
1066 2416 1440 2480 tendentiae
1487 2414 1860 2478 ambitionis
1906 2413 2184 2495 periculo
2225 2413 2477 2497 plenae,
2525 2436 2685 2499 quae

363 2512 581 2576 inerat
641 2513 860 2577 multis
915 2511 1317 2595 praesulibus
1379 2510 1685 2589 CPtanis,
1750 2532 1982 2574 nomen
2040 2510 2200 2575 illud
2261 2512 2545 2595 apprime
2594 2535 2688 2576 re-

362 2608 754 2692 spondebat,
826 2613 893 2674 et
949 2610 1098 2695 jure
1162 2610 1393 2673 merito
1451 2607 1799 2673 Pontifices
1863 2629 1999 2671 sese
2063 2608 2213 2672 huic
2277 2609 2473 2674 titulo
2537 2631 2688 2681 con-

361 2709 622 2771 stanter
668 2703 1178 2790 opposuerunffl)

547 2980 590 3046 ¹)
647 2983 757 3034 Cfr.
813 2970 1254 3049 Hergenr’other,
1317 2981 1549 3034 Photius
1605 2981 1648 3035 Ι.
1706 2980 1757 3034 S.
1818 2983 1919 3034 178
1976 2997 2090 3048 sqq.
2145 3011 2213 3018 —
2269 2980 2494 3034 Saeculo
2548 2997 2688 3035 nono

366 3061 626 3114 videntur
665 3059 859 3113 Graeci
894 3074 1089 3112 nomen
1127 3059 1207 3112 ita
1253 3059 1609 3126 interpretati
1649 3075 1792 3125 esse,
1844 3065 1908 3113 ut
1950 3065 2209 3126 tanquam
2246 3059 2465 3126 Imperii
2514 3060 2687 3113 orien-

369 3138 518 3193 talis
551 3137 918 3206 patriarcham
964 3137 1276 3206 episcopum
1322 3137 1598 3191 CPtanum
1649 3137 2047 3206 significarent.
2120 3137 2322 3193 Scribit
2357 3138 2686 3205 Anastasius

370 3217 510 3271 Bibl.
562 3216 802 3271 Praefat.
855 3216 915 3269 in
963 3208 1227 3282 synodum
1274 3216 1386 3269 VII
1440 3216 1508 3269 ad
1554 3216 1823 3271 Joannem
1860 3216 2040 3270 VIII.:
2105 3217 2202 3284 „In
2252 3231 2314 3270 eo
2365 3232 2495 3270 sane
2546 3219 2688 3285 quod

365 3296 686 3363 frequenter
736 3296 1100 3350 universalem
1155 3295 1211 3347 in
1259 3296 1364 3348 hac
1387 3304 1390 3307 ·
1415 3296 1622 3362 synodo
1661 3294 1860 3349 Graeci
1895 3295 2264 3362 patriarcham
2316 3310 2471 3348 suum
2505 3295 2687 3350 incon-

368 3377 657 3430 venienter
711 3375 1017 3443 appellant,
1084 3374 1445 3442 Apostolatus
1499 3379 1688 3428 vester
1741 3373 2045 3428 adulationi
2090 3375 2315 3428 veniam
2377 3375 2471 3429 det
2525 3391 2692 3443 saepe

370 3452 633 3522 praelatis
673 3452 786 3508 suis
822 3469 931 3508 non
971 3453 1088 3509 sine
1122 3452 1545 3521 reprehensione
1589 3453 1806 3521 placere
1857 3452 2211 3508 studentium.
2286 3453 2489 3508 Verum
2515 3470 2687 3521 ‚quum

365 3534 514 3603 apud
561 3533 1098 3600 Constantinopolim
1150 3532 1361 3600 positus
1414 3532 1730 3600 frequenter
1775 3531 2012 3586 Graecos
2067 3549 2225 3600 super
2280 3533 2379 3586 hoc
2426 3534 2687 3587 vocabulo

365 3612 845 3678 reprehenderem,
883 3618 940 3665 et
973 3611 1152 3665 fastus
1191 3612 1279 3666 vel
1318 3611 1672 3680 arrogantiae
1709 3612 2120 3680 redarguerem,
2160 3612 2506 3678 asserebant,
2546 3612 2688 3678 quod

368 3707 480 3745 non
516 3691 639 3745 ideo
679 3689 1105 3753 oecumenicum,
1150 3707 1307 3758 quem
1345 3689 1505 3744 multi
1541 3689 1909 3744 universalem
1945 3690 2313 3758 interpretati
2339 3698 2496 3757 sunt,
2544 3691 2686 3744 dice-

369 3775 494 3824 rent
552 3769 948 3837 patriarcham,
1005 3770 1148 3837 quod
1203 3769 1443 3824 universi
1500 3768 1648 3824 orbis
1704 3774 1893 3824 teneat
1946 3769 2344 3837 praesulatum,
2401 3771 2496 3824 sed
2545 3770 2688 3836 quod

365 3848 586 3902 cuidam
638 3848 788 3916 parti
843 3848 989 3903 orbis
1046 3849 1273 3917 praesit,
1330 3864 1469 3916 quae
1522 3865 1555 3902 a
1611 3847 1941 3902 Christianis
1997 3848 2302 3916 habitatur3
2365 3865 2491 3903 nam
2546 3849 2687 3915 quod

365 3926 570 3980 Graeci
618 3943 946 3982 oecumenen
992 3932 1219 3994 vocant,
1269 3943 1302 3980 a
1338 3926 1555 3981 Latinis
1605 3943 1715 3981 non
1763 3927 1936 3980 solum
1987 3928 2158 3993 orbi8‚
2209 3944 2241 3981 a
2279 3928 2432 3996 cujus
2469 3928 2688 3989 univer·

372 4004 597 4061 salitate
618 4030 622 4034 ⁸
643 4005 969 4060 universalis
1020 4006 1372 4075 appellatur,
1411 4023 1603 4060 verum
1650 4007 1817 4061 etiam
1874 4007 2141 4062 habitatio
2195 4007 2284 4063 vel
2331 4007 2483 4062 locus
2534 4008 2685 4065 habi·

366 4083 561 4137 tabilis
598 4085 992 4152 nuncupaturf‘
1025 4085 1239 4152 (Labbe
1262 4085 1389 4139 VII.
1426 4085 1536 4150 30.)
1608 4085 1765 4141 Haec
1801 4085 2127 4141 Graecorum
2168 4086 2461 4155 explicatio
2499 4087 2687 4154 inepta

367 4162 603 4217 dicenda
640 4171 815 4229 esset,
866 4164 910 4217 si
951 4163 1347 4230 asseruissent,
1398 4164 1729 4221 oecumenici
1764 4164 2115 4233 patriarchae
2164 4181 2361 4227 nomen
2399 4171 2687 4233 propterea
