3270 5028
623 401 727 452 232
959 398 1106 451 XVI.
1149 399 1355 453 Causae
1395 397 1634 453 celebres
1674 403 1731 453 et
1765 399 2084 453 Decretales
2121 397 2576 453 Pseudo-Isidori.

624 539 945 625 quentiori
1007 561 1129 604 usu
1199 541 1311 624 qui
1378 544 1597 622 postea
1666 540 2020 604 communis
2082 540 2289 605 factus
2352 546 2481 617 est,
2556 538 2951 604 constitutio

623 658 867 727 poenae
900 636 1148 723 ffissstur
1196 634 1590 721 reprobatio,
1642 641 1708 701 et
1751 636 2129 701 vocabulum
2175 629 2790 719 praedestinationis
2797 629 2947 698 ³1:³0}-

625 723 956 807 servatum,
981 724 1203 798 estlad
1241 733 1701 817 designandam
1748 732 2233 816 dispositionem
2281 755 2545 816 operum
2572 733 2720 810 Dei,
2768 753 2949 816 quae

625 829 991 894 conducunt
1039 830 1381 913 adwvitam.
1413 835 1775 906 aeternam,
1832 850 2089 894 necnon
2127 831 2339 913 ipsius
2386 831 2556 905 vitae
2612 833 2977 909 aeternae..

626 925 813 989 Unde
867 926 1070 1003 videS,
1128 926 1442 1011 quomodo
1487 925 1875 991 Hincmarus
1921 925 2303 992 Rhemensis
2364 927 2618 991 unicam
2669 926 2950 1010 praede-

627 1021 1047 1087 stinationem
1092 1024 1615 1108 propugnaverit.

803 1179 904 1243 14.
974 1179 1311 1243 Dissensio
1375 1185 1563 1243 aucta
1621 1185 1719 1243 est
1777 1200 1883 1254 eo,
1944 1178 2110 1262 quod
2173 1177 2284 1241 alii
2344 1178 2615 1242 aliorum
2663 1182 2949 1242 senten-

623 1276 748 1339 tias
805 1276 969 1338 male
1031 1274 1476 1359 intelligerent
1533 1279 1600 1339 et
1658 1275 2271 1358 interpretarentur,
2324 1280 2389 1338 et
2447 1274 2708 1338 diversis
2763 1275 2950 1359 regi·

624 1373 741 1436 bus
808 1371 979 1436 inter
1046 1393 1113 1435 se
1182 1371 1634 1436 dissidentibus
1700 1374 1918 1454 partes
1987 1372 2317 1454 oppositae
2396 1371 2737 1436 convenire
2797 1393 2945 1436 non

621 1473 914 1551 possent,
988 1472 1062 1532 ut
1125 1490 1345 1532 sensus
1408 1489 1558 1532 suos
1621 1469 1882 1551 pacifice
1946 1469 2322 1532 conferrent
2386 1472 2450 1532 et
2515 1468 2945 1550 explicarent.

623 1563 826 1628 Simul
881 1586 956 1628 ac
1000 1586 1150 1629 vero
1205 1565 1511 1648 episcopi,
1568 1565 1795 1648 sopitis
1852 1584 2081 1647 regum
2131 1562 2377 1628 Galliae
2436 1569 2501 1628 et
2549 1563 2947 1629 Germaniae

620 1661 975 1736 discordiiS,
1045 1662 1420 1737 convenire,
1482 1661 1560 1725 de
1620 1661 1963 1725 sententiis
2027 1646 2232 1724 variis
2276 1682 2465 1746 agere
2528 1683 2759 1745 easque
2822 1684 2945 1725 ex-

618 1779 857 1840 ponere
902 1762 1192 1841 possent,
1253 1780 1398 1821 mox
1454 1779 1672 1841 pacem
1732 1761 1799 1820 et
1854 1757 2259 1821 concordiam
2317 1759 2609 1821 inierunt
2666 1763 2732 1822 et
2774 1780 2944 1821 con-

616 1855 964 1918 troversiae
1032 1856 1180 1918 finis
1248 1855 1590 1918 institutus
1659 1860 1778 1918 est.
1890 1853 2087 1918 Anno
2157 1853 2451 1919 videlicet
2522 1855 2648 1923 860
2715 1876 2942 1919 mense
2993 1918 3000 1923 .

622 1949 888 2014 Octobri
954 1953 1167 2034 plures
1238 1952 1514 2034 episcopi
1571 1973 1649 2014 ex
1721 1951 2198 2034 quatuordecim
2267 1951 2612 2033 provinciis
2673 1950 2939 2014 Tullum

326 1961 684 2195 eonsensusxin
730 2045 1161 2132 Lotharingia
1206 2051 1670 2125 convenerunt,
1716 2052 1910 2130 atque
1956 2047 2189 2111 ibidem
2240 2048 2559 2112 communi
2604 2048 2940 2112 sententia

307 2133 573 2175 P¹f³⁰⁸¹¹¹¹¹¹¹¹·
618 2145 956 2209 ediderunt
1016 2145 1351 2228 epistolam
1414 2144 1785 2228 synodalem
1850 2145 1930 2208 ab
1991 2144 2347 2209 Hincmaro
2411 2145 2801 2221 confectam,
2862 2146 2936 2208 in

604 2217 745 2420 {aa
789 2241 1077 2306 doctrina
1132 2241 1445 2306 catholica
1495 2240 2157 2324 contra-Pelagianos
2214 2241 2400 2305 simul
2458 2245 2523 2304 et
2567 2240 2934 2304 Praedesti-

665 2339 916 2402 atianos
981 2342 1129 2420 apte
1197 2337 1522 2420 proposita
1589 2335 1792 2419 fuit.¹)
1901 2335 2367 2402 Godescbalcus
2439 2344 2654 2402 tamen
2724 2360 2933 2422 usque

616 2434 696 2497 ad
743 2439 1013 2498 mortem
1060 2435 1280 2518 ipsius,
1328 2455 1490 2517 quae
1536 2436 1813 2519 contigit
1860 2456 2034 2499 anno
2083 2435 2242 2509 868,
2290 2435 2359 2498 in
2406 2436 2754 2500 sententiis
2797 2436 2934 2498 suis

512 2573 521 2576 ἡ
616 2533 918 2615 perstitit.
1012 2531 1431 2595 Hincmarum
1483 2534 1678 2596 etiam
1735 2533 2146 2617 impugnavit
2191 2554 2296 2611 eo,
2354 2533 2528 2616 quod'
2569 2533 2638 2596 in
2686 2531 2932 2616 hymno

616 2628 935 2693 Ecclesiae
979 2628 1175 2691 verba
1240 2626 1326 2691 Tc
1377 2626 1560 2693 trina
1605 2627 1843 2693 Deitas
1905 2628 2353 2713 expunxisset,
2415 2651 2611 2714 quum
2672 2650 2747 2692 ea
2807 2629 2932 2692 tri-

613 2725 960 2810 theismum
1019 2725 1118 2789 vel
1176 2725 1613 2790 Arianismum
1676 2748 1896 2810 sapere
1953 2730 2274 2802 censeret,
2344 2726 2650 2809 illumque
2697 2723 2933 2793 Sabel-

612 2821 890 2885 lianismi
938 2822 1277 2886 accusavit.
1356 2822 1493 2897 Qua
1525 2822 1594 2886 in
1641 2845 1710 2886 re
1757 2827 1931 2887 certe
1980 2823 2246 2897 erravit3
2293 2823 2490 2886 verba
2527 2822 2639 2885 illa
2685 2826 2931 2894 tamen,

612 2939 775 3001 quae
832 2917 915 2982 ab
974 2918 1115 2981 aliis
1162 2917 1694 2997 defendebantur,
1756 2919 1921 3003 quod
1985 2922 2159 2983 recte
2208 2920 2439 3001 exponi
2500 2919 2782 3001 possint,
2852 2919 2924 2982 in

613 3013 841 3079 Officio
912 3015 1338 3081 ecclesiastico
1405 3020 1874 3080 remanserunt.
1944 3052 2026 3061 —-
2085 3014 2402 3079 Auctores
2467 3014 2753 3099 quidam,
2825 3015 2928 3078 uti

614 3109 944 3176 Gilbertus
1007 3111 1320 3196 Manguin
1383 3113 1453 3175 in
1515 3134 1630 3176 sua
1678 3112 2184 3177 Dissertatione:
2258 3108 2593 3175 Vindictae
2644 3109 2926 3191 praede-

611 3206 989 3273 stinationis
1037 3212 1097 3271 et
1137 3207 1414 3290 qratiae,
1465 3214 1530 3272 et
1574 3207 1958 3292 Roncaglia:
2018 3207 2366 3271 Animadv.
2410 3206 2484 3271 in
2532 3204 2810 3270 Dissert.
2859 3206 2927 3270 V.

612 3302 879 3368 Natalis
929 3304 1297 3369 Alexandri
1353 3304 1425 3370 in
1487 3323 1645 3368 saec.
1692 3303 2016 3382 IX.—X.,
2082 3304 2483 3382 existimant,
2548 3302 2930 3368 Godeschal·

613 3424 752 3465 cum
815 3404 1164 3467 immunem
1230 3403 1425 3466 fuisse
1487 3425 1526 3465 a
1587 3402 2331 3466 Praedestinatianorum
2395 3400 2676 3481 haeresi,
2741 3402 2927 3484 cujus

611 3497 693 3561 ab
739 3498 1119 3563 adversariis
1163 3503 1496 3563 accusatus
1544 3502 1661 3563 est.
1753 3497 1880 3563 Sed
1929 3499 2219 3581 plerique
2266 3501 2585 3581 auctoreS‚
2649 3496 2747 3561 uti
2791 3495 2923 3559 Na·

609 3596 760 3658 talis
809 3595 1180 3659 Alexander
1225 3600 1290 3659 et
1335 3594 1735 3673 Sirmondus,
1793 3596 1930 3679 ejus
1986 3595 2345 3659 doctrinam
2400 3593 2599 3659 fuisse
2644 3593 2925 3657 haereti-

610 3713 746 3755 cam
793 3696 1089 3771 censent,
1149 3692 1504 3775 meritoque
1552 3691 2042 3776 Hergenrother
2100 3691 2583 3769 animadvertit,
2646 3693 2785 3753 tum
2844 3711 2924 3752 ex

611 3789 906 3871 operibus
963 3789 1469 3853 adversariorum
1527 3787 1943 3853 Godeschalci
1991 3791 2130 3851 tum
2184 3809 2261 3851 ex
2321 3787 2704 3872 fragmentis
2764 3786 2923 3851 scri·

789 4050 828 4117 1)
866 4050 932 4102 V.
972 4050 1175 4104 Concil.
1202 4050 1461 4104 Tullense
1498 4066 1582 4116 ap.
1622 4048 1805 4103 Labbe
1834 4047 1987 4100 VIII.
2028 4050 2146 4100 702.
2186 4078 2253 4083 —-
2292 4047 2399 4101 Cfr.
2439 4048 2504 4100 de
2542 4062 2705 4100 causa
2743 4045 2921 4099 Gode-

609 4129 813 4183 schalci
841 4130 1268 4199 Hergenrother,
1299 4130 1367 4183 K.
1400 4129 1463 4183 G.
1492 4130 1537 4182 I.
1567 4128 1618 4181 S.
1649 4129 1953 4194 694--7033
1985 4127 2221 4194 Sprotte‚
2252 4126 2511 4181 Servatus
2532 4125 2733 4193 Lupus,
2760 4122 2808 4192 ἓ.
2837 4127 2918 4177 12.
