3270 5028
943 432 1239 487 Concilium
1278 433 1679 488 oecumenicum
1707 441 1975 487 octavum.
2513 436 2616 488 395

296 573 499 639 vellet
545 574 624 637 ad
670 572 936 639 Concilii
984 572 1344 639 Sessionem
1402 579 1650 639 sextam
1698 574 1803 639 cui
1848 575 1983 658 ipse
2029 575 2280 652 aderat,
2339 596 2475 639 non
2520 597 2614 640 re-

295 671 612 734 stiterunt
671 672 889 756 legati:
1000 670 1476 735 Auctoritatem
1548 671 1723 735 enim
1791 669 2072 735 Romani
2132 671 2468 736 Pontificis
2545 694 2616 737 ac

295 767 672 832 sententiae
718 769 855 852 ejus
888 768 1046 833 satis
1091 755 1594 844 vindicaverant,
1641 789 1884 851 suaque
1915 766 2347 833 declaratione
2392 773 2615 852 aperta

297 866 370 926 et
415 863 599 927 firma
627 869 952 940 caverant,
1001 885 1084 927 ne
1131 864 1609 929 introductione
1641 862 1862 928 Photii
1904 867 1970 927 et
2001 865 2365 949 sequacium
2414 866 2614 949 ipsius

295 981 514 1024 coram
562 958 842 1043 Synodo,
883 962 1137 1045 juribus
1187 959 1367 1025 Sedis
1415 960 1824 1043 Apostolicae
1869 960 2161 1045 derogari
2212 966 2441 1045 posset.
2514 963 2611 1026 Ex

295 1055 487 1121 dictis
535 1060 749 1121 autem
798 1058 1057 1141 colliges
1104 1056 1315 1122 minus
1360 1061 1665 1122 accurata
1712 1078 1880 1132 esse,
1926 1079 2092 1141 quae
2138 1058 2359 1123 Illmus
2404 1058 2613 1124 Maret

296 1152 488 1216 affert
542 1152 661 1217 hac
716 1155 786 1218 in
838 1176 1057 1237 causa,
1116 1158 1191 1217 ut
1255 1153 1560 1218 doctrinis
1621 1153 1752 1217 suis
1809 1158 2193 1235 argumenta
2253 1156 2613 1238 conquirat.

300 1248 717 1335 Exaggerata
760 1256 915 1315 sunt
960 1273 1122 1334 quae
1169 1250 1349 1315 dicit:
1396 1248 1526 1313 Les
1556 1246 1940 1329 magistrats
1984 1251 2045 1312 et
2090 1248 2178 1313 les
2222 1252 2500 1331 e'vequeS,
2525 1267 2614 1315 ‘se

293 1345 580 1426 fondcmt
624 1366 779 1411 sa‘ns
824 1346 1015 1412 doute
1073 1366 1191 1411 sur
1237 1346 1324 1410 les
1379 1344 1694 1427 exemples
1739 1344 1846 1408 des
1905 1344 2172 1409 conciles
2215 1343 2609 1432 precedentes,

292 1442 530 1525 furerat
588 1442 934 1508 unanimes
978 1445 1021 1507 ὰ
1066 1442 1415 1508 demander
1469 1441 1534 1506 Za
1575 1439 1860 1506 revision
1872 1495 1882 1526 ¹.
1914 1441 2203 1506 detaillee
2253 1442 2342 1508 du
2386 1448 2613 1526 proces

295 1538 377 1603 de
429 1539 709 1605 Photius
776 1544 835 1604 et
905 1540 981 1604 de
1037 1561 1136 1604 ses
1188 1538 1551 1622 partisans.
1655 1531 1908 1618 „Qu'obz
1975 1538 2117 1604 leur
2172 1538 2381 1604 donne
2447 1561 2613 1605 com-

299 1635 739 1717 manication,
798 1635 1218 1715 disaie‘nt-ilS,
1282 1636 1391 1700 des
1443 1634 1761 1700 decisions
1816 1636 1892 1699 de
1939 1634 2175 1715 Rome,
2239 1640 2300 1701 et
2355 1636 2492 1701 s'ils
2536 1658 2618 1702 ‘ne

287 1738 576 1815 penvent
621 1753 749 1815 pas
794 1753 860 1798 se
901 1731 1224 1815 Justifier,
1284 1731 1475 1813 qu’ils
1524 1731 1897 1797 demeurent
1956 1732 2400 1799 condamne3.“
2491 1734 2619 1798 Les

299 1830 506 1911 Ze'qats
566 1829 656 1893 du
704 1827 901 1894 Saint
958 1828 1142 1913 Sie'qe
1196 1828 1626 1911 s'opposerent
1688 1830 1731 1894 ἀ
1776 1833 1930 1894 cette
1988 1829 2306 1895 revision:
2363 1830 2479 1911 „Il
2537 1852 2618 1897 ‘ne

299 1946 469 1990 ‘nous
516 1929 610 1990 est
656 1945 782 2007 pas
827 1926 1104 2009 permiS,
1163 1924 1725 2007 repondirent-iZ3‚
1783 1925 2056 1991 d’abolir
2115 1925 2204 1991 les
2245 1928 2619 2010 juyements

299 2022 412 2087 des
458 2021 749 2105 pontifes
808 2022 1162 2088 romain3.“
1177 2022 1225 2105 1)
1317 2023 1568 2087 Revera
1623 2040 1958 2108 processus
2022 2022 2258 2087 revisio
2311 2045 2435 2107 per
2482 2023 2618 2089 sin-

297 2117 460 2201 yula
506 2122 883 2185 nullatenus
929 2122 1256 2204 postulata
1302 2120 1449 2198 fuit,
1496 2119 1604 2184 sed
1653 2143 1763 2203 spe
1808 2122 2254 2186 submissionis
2301 2123 2401 2185 vel
2447 2123 2618 2206 pacis

302 2215 661 2300 Imperator
724 2224 788 2282 et
849 2217 1102 2301 patricii
1161 2217 1540 2294 voluerunt,
1610 2221 1686 2281 ut
1740 2216 1975 2282 Photio
2039 2222 2104 2281 et
2167 2217 2420 2283 asseclis
2483 2220 2617 2303 ejus

303 2315 679 2397 legerentur
732 2315 990 2379 litterae
1043 2312 1405 2404 PontificiS,
1463 2318 1528 2378 et
1583 2314 1788 2379 fusius
1840 2314 1918 2377 iis
1975 2319 2401 2397 exponeretur
2446 2315 2620 2400 judi·

303 2411 472 2474 cium
518 2411 757 2475 factum
808 2417 872 2475 et
904 2411 1234 2475 sententia
1279 2411 1431 2487 lata,
1472 2413 1682 2492 utque
1712 2411 2290 2495 interrogarentur,
2339 2412 2492 2496 quid
2539 2414 2617 2477 ad

305 2506 460 2571 haec
506 2507 989 2591 responderent.
1081 2506 1222 2570 Hac
1273 2506 1525 2571 ratione
1583 2507 1968 2585 censebant,
2031 2522 2136 2573 eos
2181 2509 2283 2572 vel
2343 2508 2421 2573 ad
2477 2510 2618 2573 sub-

305 2604 671 2668 missionem
717 2604 964 2683 adduci,
1010 2604 1110 2667 vel
1146 2604 1544 2687 apertissime
1590 2603 1667 2667 de
1699 2627 1815 2667 sua
1850 2605 2194 2688 iniquitate
2243 2603 2616 2687 convinci.²)

306 2700 537 2783 Legati
582 2723 733 2766 vero
780 2701 1049 2765 sollicite
1096 2720 1312 2764 curam
1361 2699 1671 2779 habuere,
1731 2723 1813 2764 ne
1854 2701 1953 2764 vel
2015 2701 2350 2765 minimum
2405 2701 2618 2766 laede·

303 2800 483 2860 retur
541 2818 835 2880 suprema
897 2801 1183 2880 potestas
1242 2794 1655 2878 Apostolicae
1708 2795 1936 2874 Sedis„
1995 2819 2159 2879 quae
2224 2799 2615 2862 sententiam

303 2893 563 2958 tulerat.
621 2929 706 2938 —
754 2890 990 2958 Scribit
1049 2893 1194 2956 dein
1242 2892 1454 2955 Maret
1500 2893 1542 2955 l.
1593 2914 1674 2957 c.:
1728 2889 2017 2973 Paisque
2072 2890 2127 2955 Ie
2177 2891 2429 2958 Concile
2474 2914 2616 2959 con-

306 2992 502 3061 sentit
549 2989 591 3052 ἀ
634 3008 716 3052 ‘ne
752 3008 880 3069 pas
924 3007 1386 3052 recommencer
1433 2987 1487 3051 le
1534 2989 1763 3069 proces
1807 2987 1882 3052 de
1927 2987 2231 3068 Photius',
2286 2988 2339 3053 il
2384 2994 2514 3072 put
2559 2994 2621 3054 et

488 3215 525 3281 ¹)
562 3214 648 3267 Du
691 3213 909 3268 Concile
948 3215 1172 3282 general
1210 3219 1267 3268 et
1304 3216 1369 3267 de
1406 3213 1461 3267 la
1497 3214 1627 3282 paix
1661 3213 1974 3287 religieuse‚
2011 3220 2157 3269 tome
2195 3216 2240 3268 Ι.
2278 3208 2328 3284 pL
2367 3218 2485 3269 323.

481 3291 524 3360 ⁸)
563 3294 682 3347 Hac
717 3294 774 3345 in
812 3309 869 3348 re
909 3292 1130 3346 nimium
1171 3293 1301 3359 quid
1338 3294 1631 3348 concedere
1667 3293 1892 3346 videtur
1924 3293 2271 3360 Muzzarelli‚
2323 3296 2448 3349 dum
2488 3295 2619 3349 scri·

308 3373 413 3426 bit:
483 3373 697 3441 „Igitur
745 3372 1019 3426 sciendum
1072 3378 1182 3437 est,
1242 3362 1388 3438 quod
1436 3372 1670 3426 Actione
1719 3378 1914 3439 quarta
1963 3388 2213 3440 proceres
2261 3375 2621 3442 pertinaciter

306 3451 714 3520 flagitaverant,
752 3451 1049 3504 instaurari
1078 3449 1347 3519 judicium
1378 3455 1568 3504 contra
1593 3450 1848 3503 Photium
1887 3454 1945 3505 et
1982 3451 2098 3519 ejus
2137 3453 2395 3520 asseclas,
2436 3471 2618 3520 quam-

308 3531 392 3585 vis
431 3547 464 3584 a
500 3529 724 3584 Nicolao
764 3531 1078 3596 damnatOS,
1128 3533 1501 3597 protestantes
1540 3529 1710 3583 aliter
1756 3545 1814 3582 se
1852 3545 1959 3583 non
2007 3532 2405 3599 subscripturos
2442 3534 2617 3602 gestis

2672 1243 2920 1290 Gallicano-

2651 1318 2746 1348 rum
2770 1308 2930 1360 opinio.

309 3609 675 3678 synodalibus
732 3609 809 3663 Et
848 3615 1039 3663 sancta
1075 3610 1311 3676 synodus
1348 3625 1445 3676 per
1473 3608 1887 3675 Metrophanem
1924 3611 2321 3676 metropolitam
2360 3611 2618 3680 Smyrnae
2720 3658 2721 3661 ,

307 3690 447 3743 hanc
492 3688 815 3742 instantiam
864 3687 1313 3754 approbaverat.“
1412 3688 1513 3754 (De
1563 3694 1774 3741 auctor.
1821 3687 1939 3740 RR.
1990 3689 2098 3742 ΡΡ.
2148 3695 2189 3742 t.
2239 3691 2340 3756 II.‚
2397 3707 2439 3744 c.
2490 3693 2615 3745 XII.

308 3767 357 3836 ξ.
408 3768 482 3831 7.)
565 3768 645 3820 Eo
697 3782 799 3833 quo
849 3767 1079 3820 diximus
1131 3769 1290 3821 modo
1339 3783 1452 3822 rem
1503 3766 1879 3833 explicandam
1929 3783 2236 3834 censemus),
2292 3771 2617 3837 praesertim

308 3862 467 3913 quum
505 3851 772 3899 annueret
808 3846 1001 3913 petitis
1027 3846 1231 3900 Baanis
1269 3847 1386 3913 ipse
1415 3846 1823 3912 MetrophaneS,
1859 3845 2050 3900 Photii
2083 3848 2431 3903 adversarius
2470 3865 2618 3903 acer-

308 3925 501 3990 rimus,
555 3924 642 3990 qui
683 3924 916 3979 Romani
953 3925 1237 3979 Pontificis
1286 3925 1613 3980 sententiam
1661 3930 1853 3978 contra
1900 3925 2053 3978 illum
2094 3941 2305 3994 semper
2341 3929 2616 3982 tuebatur.

309 4004 595 4058 Caeterum
632 4020 740 4057 non
786 4009 870 4057 est
918 4019 1012 4056 cur
1058 4020 1350 4072 negemus,
1398 4004 1679 4071 praesules
1726 4009 1781 4058 et
1826 4019 2077 4072 proceres
2117 4005 2364 4061 Orientis
2411 4007 2615 4074 passim

308 4099 423 4136 cum
464 4083 695 4150 quadam
734 4082 1015 4136 simultate
1051 4083 1309 4136 influxum
1344 4083 1873 4150 praeponderantem
1911 4084 2258 4138 auctoritatis
2292 4086 2446 4140 Sedis
2477 4088 2617 4154 Apo-

307 4161 530 4216 stolicae
565 4162 621 4214 in
660 4161 887 4230 negotia
926 4161 1191 4217 ecclesiae
1232 4162 1484 4216 CPtanae
1524 4159 1912 4215 considerasse.
