3270 5028
372 1523 564 1566 Litterae

314 1584 487 1628 Nicolai
534 1598 623 1628 cor-

390 1650 556 1701 ruptae.

648 428 764 480 3500
1324 427 1503 481 XVII.
1543 426 1627 480 De
1659 425 1954 481 schismate
1991 426 2279 481 Photiano.

649 565 886 645 liatur,
949 565 1140 647 quasi
1192 565 1475 631 validior
1519 565 1708 647 fieret
1762 566 2098 649 depositio,
2157 566 2272 632 ubi
2324 565 2510 631 Sedis
2552 568 2992 652 Apostolicae

637 684 762 745 per
808 661 1089 727 vicarios
1132 682 1282 728 suos
1326 663 1688 728 auctoritas
1733 663 2079 746 adfuisset,
2140 683 2286 729 cum
2327 663 2400 728 in
2454 663 2560 729 his
2610 686 2724 730 nec
2770 666 2987 731 illius

646 758 1026 841 interfuerit
1070 731 1450 840 auctoritas,
1490 780 1606 825 nec
1651 759 1836 824 missi
1878 759 1982 825 illi
2019 759 2417 826 vicariorum
2462 781 2658 843 more,
2705 766 2780 827 ut
2823 762 2977 846 epi·

645 856 845 921 stolae
888 855 1050 920 dant
1093 853 1393 938 intelliqi,
1436 855 1696 938 fuerint
1740 856 2063 922 destinati.
2079 858 2121 937 1)

823 955 927 1019 38.
982 956 1139 1019 Post
1181 954 1339 1018 haec
1385 954 1881 1019 conciliabulum
1929 954 2104 1020 istud
2157 954 2351 1019 aliam
2405 956 2752 1020 sessionem
2799 957 2979 1021 cele·

644 1051 887 1128 bravit,
946 1051 1017 1115 in
1064 1072 1193 1134 qua
1251 1054 1326 1114 ut
1379 1051 1462 1116 ad
1512 1052 1784 1134 speciem
1841 1073 2004 1135 quae
2049 1050 2355 1116 Pontifici
2412 1053 2649 1135 scripta
2693 1053 2978 1117 fuerant
3062 1052 3072 1062 ’

645 1147 1091 1231 adimplerent,
1138 1148 1217 1213 de
1264 1148 1511 1212 haeresi
1538 1146 2081 1213 Iconoclastarum
2114 1153 2405 1232 egerunt,
2453 1152 2517 1212 et
2556 1148 2635 1214 de
2680 1149 2974 1215 admini-

643 1245 960 1309 stratione
1008 1267 1082 1309 ac
1127 1245 1461 1328 disciplina
1506 1245 1926 1310 ecclesiastica
1971 1245 2178 1310 varios
2236 1266 2515 1310 canones
2572 1251 2973 1311 sanxerunt.

646 1339 724 1405 In
771 1364 844 1406 ea
892 1344 1152 1407 tantum
1197 1342 1478 1407 sessione
1522 1342 1726 1406 lectae
1771 1345 1928 1405 sunt
1974 1340 2228 1412 Nicolai
2273 1341 2561 1423 litterae,
2616 1365 2736 1409 nec
2779 1344 2971 1408 inte·

642 1459 797 1523 grae
856 1460 930 1504 ac
984 1438 1334 1522 genuinae,
1392 1437 1502 1502 sed
1556 1437 1654 1502 uti
1712 1459 1820 1501 eas
1872 1436 2136 1501 Photius
2194 1442 2558 1506 mutaverat
2619 1443 2684 1503 et
2737 1461 2969 1504 corru-

644 1539 846 1620 perat.
945 1532 1499 1615 Quandoquidem,
1544 1534 1768 1599 scribit
1814 1532 2124 1599 Nicolaus,
2159 1533 2469 1599 Pontifex
2488 1584 2502 1612 ,
2560 1553 2636 1598 ea
2682 1534 2967 1617 epistola

642 1652 775 1696 non
822 1629 1028 1696 solum
1089 1629 1166 1695 de
1220 1628 1428 1695 sacris
1469 1628 1902 1713 imaqinibus,
1963 1650 2191 1695 verum
2250 1629 2447 1695 etiam
2508 1630 2584 1695 de
2628 1631 2971 1698 audiendo

641 1727 857 1810 fratre
922 1732 983 1792 et
1045 1726 1402 1810 co’e'piscopo
1466 1730 1689 1791 nostro
1754 1725 2021 1810 Ienatio
2095 1726 2483 1793 sententiam
2547 1728 2971 1811 Apostolicae

645 1823 831 1890 Sedis
876 1823 1277 1902 continebat,·
1332 1827 1393 1888 et
1454 1843 1563 1888 vos
1617 1844 1760 1888 eam
1812 1822 1887 1888 in
1939 1843 2139 1889 eausa
2196 1824 2450 1906 quidem
2473 1824 2754 1908 ,anatii
2798 1846 2960 1891 con-

643 1920 993 1986 sacerdotis
1035 1918 1249 1985 nostri
1295 1939 1459 2002 quae
1499 1920 1696 2004 prius
1724 1919 2040 1985 ventilata
2082 1924 2196 2000 est,
2244 1920 2565 1986 nescimus
2610 1921 2797 2003 qu'us
2842 1922 2965 1987 usi

644 2016 928 2095 consili0,
975 2015 1234 2081 silentio
1280 2015 1690 2096 contexistis,·
1746 2015 1954 2081 solum
1999 2017 2169 2083 hanc
2220 2021 2467 2100 postea,
2525 2018 2782 2108 quando
2820 2040 2966 2101 pro

643 2113 1052 2179 veneratione
1096 2132 1438 2177 sacrarum
1476 2111 1859 2195 ima-qinum
1889 2113 2177 2195 synodus
2221 2113 2478 2179 collecta
2522 2118 2634 2194 est,
2688 2114 2959 2180 demon-

643 2214 927 2276 strantes
938 2230 963 2291 ,·
1025 2207 1322 2292 quamvis
1363 2209 1438 2273 in
1482 2208 1569 2273 iis
1615 2229 1781 2290 quae
1822 2209 2060 2275 ibidem
2106 2231 2188 2275 ex
2228 2230 2305 2275 ea
2347 2209 2506 2275 lecta
2550 2215 2738 2293 sunt,
2785 2233 2960 2277 non-

643 2308 830 2374 nulla
876 2306 1129 2386 addita,
1176 2306 1384 2371 multa
1429 2309 1716 2384 mutata,
1761 2306 1965 2389 plura
2011 2306 2346 2372 subtracta
2390 2308 2838 2395 reperiantur,
2887 2313 2956 2374 et

633 2425 759 2487 per
804 2403 1023 2469 omnia
1069 2402 1223 2467 talis
1268 2422 1311 2466 a
1353 2401 1531 2466 vobis
1574 2400 1824 2484 effecta,
1882 2408 1958 2469 ut
2003 2408 2122 2469 aut
2164 2403 2337 2470 nihil
2384 2409 2503 2469 aut
2535 2425 2784 2487 parum
2823 2405 2950 2471 ali·

645 2500 803 2585 quid
856 2523 975 2567 nos
1014 2522 1134 2585 per
1185 2520 1326 2564 eam
1383 2499 1458 2564 de
1512 2498 1730 2565 crebro
1789 2498 1948 2567 dicti
1990 2499 2250 2583 Ignatii
2306 2500 2696 2584 disposuisse
2749 2523 2957 2570 causa

642 2595 1054 2677 videamur.2)
1141 2596 1328 2662 Inter
1372 2598 1499 2663 alia
1551 2599 1784 2663 mirum
1840 2600 2269 2683 corruptionis
2317 2599 2620 2666 Nicolaus
2675 2623 2953 2666 comme-

642 2703 854 2762 morat
900 2696 1291 2779 exemplum,
1350 2716 1428 2758 ex
1475 2716 1602 2778 quo
1647 2693 1869 2760 Photii
1921 2697 2174 2761 animus
2218 2696 2600 2760 vaferrimus
2643 2702 2710 2762 et
2754 2698 2953 2762 ambi·

643 2794 823 2859 tione
869 2793 1153 2877 repletus
1196 2792 1537 2856 manifeste
1582 2793 1972 2876 agnoscitur.
2064 2789 2428 2873 Siquidem,
2482 2792 2576 2856 ait
2622 2793 2951 2870 Pontifex,

643 2910 787 2955 eum
841 2909 958 2953 nos
1010 2887 1186 2953 inter
1242 2886 1378 2952 alia
1433 2907 2132 2967 commemorassemus,
2194 2888 2365 2969 quod
2416 2887 2742 2954 multoties
2803 2909 2949 2954 con·

641 2989 872 3052 ventus
912 2985 1133 3068 factus
1176 2984 1387 3067 fuerit
1440 2987 1818 3051 sanctorum
1863 2982 2172 3062 Patrum,
2229 3004 2271 3049 a
2323 2983 2559 3066 quibus
2614 2989 2675 3049 et
2719 2984 2949 3050 delibe-

640 3087 862 3148 ratum
942 3101 1018 3146 ac
1086 3080 1490 3146 observatum
1572 3078 1848 3159 exstitit,
1937 3079 2220 3161 qualiter
2295 3080 2532 3163 absque
2610 3081 2953 3147 Romanae

642 3179 829 3246 Sedis
873 3177 1287 3259 Romanique
1332 3175 1673 3256 Pontificis
1725 3197 2038 3242 consensu
2083 3177 2337 3242 nullius
2384 3176 2786 3262 insurqentis
2835 3177 2951 3242 de-

644 3274 1049 3342 liberationis
1093 3273 1412 3339 terminus
1441 3273 1746 3338 daretur:
1789 3293 1900 3337 vos
1928 3273 2224 3339 erasistis
2267 3273 2607 3356 „absque“,
2654 3279 2716 3339 et
2740 3274 2944 3339 inter-

633 3371 953 3456 posuistis
993 3374 1241 3451 „cum“,
1298 3368 1669 3454 siqnificare
1727 3369 1965 3435 scilicet
2009 3374 2436 3436 attentantes:
2493 3370 2950 3435 Deliberatum

640 3469 890 3552 fuerat*
910 3487 954 3532 a
990 3466 1234 3532 sanctis
1277 3465 1611 3545 Patribus,
1658 3469 1735 3531 ut
1780 3486 1924 3532 cum
1974 3466 2160 3532 Sedis
2201 3466 2613 3555 Apostolicae
2657 3471 2718 3531 et
2760 3465 2942 3531 eccle-

643 3566 779 3631 siae
821 3568 1072 3629 vestrae
1118 3582 1430 3628 consensu
1475 3561 1684 3626 omnis
1728 3561 1827 3648 rei
1865 3562 2023 3643 finis
2068 3563 2288 3629 debeat
2331 3563 2594 3631 omnino
2632 3561 2946 3646 proferri,

644 3683 790 3728 cum
831 3660 949 3726 hoc
989 3659 1138 3740 fieri
1184 3679 1431 3741 semper
1473 3658 1660 3724 nulla
1706 3658 1962 3724 ratio-ne
2005 3660 2243 3740 valeat,
2300 3661 2481 3727 nullo
2523 3680 2796 3742 prorsus
2835 3679 2940 3724 ex-

643 3757 848 3841 emplo
887 3761 1142 3842 yestum
1169 3759 1480 3839 patescat,
1508 3755 1902 3837 praesertim
1934 3777 2079 3822 cum
2117 3756 2271 3823 haec
2301 3757 2672 3841 Apostolica
2701 3776 2951 3838 semper

645 3855 837 3920 Sedes
881 3854 956 3919 in
1002 3872 1167 3918 sana
1209 3852 1335 3933 fide
1366 3850 1756 3936 perstiterit,
1802 3856 2019 3918 vestra
2061 3873 2211 3918 vero
2255 3852 2541 3934 ecclesia,
2594 3855 2940 3936 (quantum

644 3951 731 4017 ad
762 3949 1220 4035 praesulatum
1255 3947 1604 4032 pertinet),
1662 3948 2049 4030 infirmitate
2093 3969 2278 4033 saepe
2322 3949 2669 4034 lanquerit,
2717 3970 2791 4015 ac
2820 3967 2946 4032 per

819 4161 862 4228 ¹)
896 4160 1076 4215 Praei.
1114 4161 1183 4214 ad
1222 4159 1383 4215 Conc.
1413 4160 1568 4217 VIII,
1922 4156 1965 4224 ²)
2000 4158 2176 4227 Epist.
2211 4162 2260 4212 9.
