<?xml version="1.0" encoding="UTF-8"?>
<!DOCTYPE html PUBLIC "-//W3C//DTD XHTML 1.0 Transitional//EN"
    "http://www.w3.org/TR/xhtml1/DTD/xhtml1-transitional.dtd">
<html xmlns="http://www.w3.org/1999/xhtml" xml:lang="en" lang="en">
 <head>
  <title>
</title>
<meta http-equiv="Content-Type" content="text/html;charset=utf-8" />
  <meta name='ocr-system' content='tesseract 3.04.00' />
  <meta name='ocr-capabilities' content='ocr_page ocr_carea ocr_par ocr_line ocrx_word'/>
</head>
<body>
  <div class='ocr_page' id='page_1' title='image "./dissertationess04junggoog_0064.png"; bbox 0 0 3270 5028; ppageno 0'>
   <div class='ocr_carea' id='block_1_1' title="bbox 331 2144 412 2327">
    <p class='ocr_par' dir='ltr' id='par_1_1' title="bbox 331 2144 412 2327">
     <span class='ocr_line' id='line_1_1' title="bbox 331 2144 412 2327; baseline -0.358 1"><span class='ocrx_word' id='word_1_1' title='bbox 331 2144 412 2327; x_wconf 66' lang='lat' dir='ltr'>t„</span> 
     </span>
    </p>
   </div>
   <div class='ocr_carea' id='block_1_2' title="bbox 416 2135 611 2179">
    <p class='ocr_par' dir='ltr' id='par_1_2' title="bbox 416 2135 611 2179">
     <span class='ocr_line' id='line_1_2' title="bbox 416 2135 611 2179; baseline -0.01 -1"><span class='ocrx_word' id='word_1_2' title='bbox 416 2135 611 2179; x_wconf 80' lang='lat' dir='ltr'><strong>Examen</strong></span> 
     </span>
    </p>
   </div>
   <div class='ocr_carea' id='block_1_3' title="bbox 389 2197 674 2300">
    <p class='ocr_par' dir='ltr' id='par_1_3' title="bbox 389 2197 674 2300">
     <span class='ocr_line' id='line_1_3' title="bbox 389 2197 674 2251; baseline -0.007 -11"><span class='ocrx_word' id='word_1_3' title='bbox 389 2197 608 2251; x_wconf 84' lang='lat' dir='ltr'>cripturae</span> <span class='ocrx_word' id='word_1_4' title='bbox 629 2199 674 2239; x_wconf 84' lang='lat' dir='ltr'>et</span> 
     </span>
     <span class='ocr_line' id='line_1_4' title="bbox 413 2258 658 2300; baseline 0 0"><span class='ocrx_word' id='word_1_5' title='bbox 413 2258 658 2300; x_wconf 77' lang='lat' dir='ltr'>raditionis.</span> 
     </span>
    </p>
   </div>
   <div class='ocr_carea' id='block_1_4' title="bbox 686 441 2275 499">
    <p class='ocr_par' dir='ltr' id='par_1_4' title="bbox 686 441 2275 499">
     <span class='ocr_line' id='line_1_5' title="bbox 686 441 2275 499; baseline -0.003 -1"><span class='ocrx_word' id='word_1_6' title='bbox 686 447 758 499; x_wconf 80' lang='lat'>58</span> <span class='ocrx_word' id='word_1_7' title='bbox 1423 443 1506 498; x_wconf 90' lang='lat' dir='ltr'>De</span> <span class='ocrx_word' id='word_1_8' title='bbox 1546 441 1763 497; x_wconf 89' lang='lat' dir='ltr'>haeresi</span> <span class='ocrx_word' id='word_1_9' title='bbox 1799 442 2275 497; x_wconf 83' lang='lat' dir='ltr'>Iconoclastarum.</span> 
     </span>
    </p>
   </div>
   <div class='ocr_carea' id='block_1_5' title="bbox 681 577 3006 4244">
    <p class='ocr_par' dir='ltr' id='par_1_5' title="bbox 681 577 3005 2114">
     <span class='ocr_line' id='line_1_6' title="bbox 868 577 3000 668; baseline -0.004 -18"><span class='ocrx_word' id='word_1_10' title='bbox 868 586 969 651; x_wconf 87' lang='lat'>67.</span> <span class='ocrx_word' id='word_1_11' title='bbox 1041 585 1260 650; x_wconf 86' lang='lat' dir='ltr'>Rebus</span> <span class='ocrx_word' id='word_1_12' title='bbox 1325 584 1629 668; x_wconf 76' lang='lat' dir='ltr'>peractis,</span> <span class='ocrx_word' id='word_1_13' title='bbox 1699 583 1928 649; x_wconf 89' lang='lat' dir='ltr'>Patres</span> <span class='ocrx_word' id='word_1_14' title='bbox 1996 582 2628 665; x_wconf 71' lang='lat' dir='ltr'>Constantinopolim</span> <span class='ocrx_word' id='word_1_15' title='bbox 2695 601 2807 663; x_wconf 88' lang='lat' dir='ltr'>per</span> <span class='ocrx_word' id='word_1_16' title='bbox 2870 577 3000 642; x_wconf 93' lang='lat' dir='ltr'>Im-</span> 
     </span>
     <span class='ocr_line' id='line_1_7' title="bbox 688 677 3003 766; baseline -0.005 -19"><span class='ocrx_word' id='word_1_17' title='bbox 688 686 1013 766; x_wconf 86' lang='lat' dir='ltr'>peratores</span> <span class='ocrx_word' id='word_1_18' title='bbox 1070 683 1315 747; x_wconf 87' lang='lat' dir='ltr'>evocati</span> <span class='ocrx_word' id='word_1_19' title='bbox 1375 686 1559 757; x_wconf 80' lang='lat' dir='ltr'>sunt3</span> <span class='ocrx_word' id='word_1_20' title='bbox 1621 703 1701 744; x_wconf 87' lang='lat' dir='ltr'>ex</span> <span class='ocrx_word' id='word_1_21' title='bbox 1758 702 1974 745; x_wconf 92' lang='lat' dir='ltr'>eorum</span> <span class='ocrx_word' id='word_1_22' title='bbox 2033 701 2142 743; x_wconf 94' lang='lat' dir='ltr'>ore</span> <span class='ocrx_word' id='word_1_23' title='bbox 2199 679 2369 742; x_wconf 89' lang='lat' dir='ltr'>enim</span> <span class='ocrx_word' id='word_1_24' title='bbox 2424 677 2547 760; x_wconf 87' lang='lat' dir='ltr'>ipsi</span> <span class='ocrx_word' id='word_1_25' title='bbox 2593 697 2759 760; x_wconf 90' lang='lat' dir='ltr'>quae</span> <span class='ocrx_word' id='word_1_26' title='bbox 2816 678 3003 759; x_wconf 84' lang='lat' dir='ltr'>gesta</span> 
     </span>
     <span class='ocr_line' id='line_1_8' title="bbox 681 769 3002 861; baseline -0.004 -18"><span class='ocrx_word' id='word_1_27' title='bbox 681 783 904 845; x_wconf 82' lang='lat' dir='ltr'>essent</span> <span class='ocrx_word' id='word_1_28' title='bbox 969 779 1037 842; x_wconf 92' lang='lat' dir='ltr'>in</span> <span class='ocrx_word' id='word_1_29' title='bbox 1103 776 1362 861; x_wconf 83' lang='lat' dir='ltr'>Synodo</span> <span class='ocrx_word' id='word_1_30' title='bbox 1425 777 1648 842; x_wconf 89' lang='lat' dir='ltr'>audire</span> <span class='ocrx_word' id='word_1_31' title='bbox 1712 777 2076 842; x_wconf 82' lang='lat' dir='ltr'>voluerunt.</span> <span class='ocrx_word' id='word_1_32' title='bbox 2181 774 2361 852; x_wconf 82' lang='lat' dir='ltr'>Quod</span> <span class='ocrx_word' id='word_1_33' title='bbox 2431 773 2675 839; x_wconf 88' lang='lat' dir='ltr'>factum</span> <span class='ocrx_word' id='word_1_34' title='bbox 2739 777 2836 836; x_wconf 89' lang='lat' dir='ltr'>est</span> <span class='ocrx_word' id='word_1_35' title='bbox 2896 769 3002 834; x_wconf 88' lang='lat' dir='ltr'>die</span> 
     </span>
     <span class='ocr_line' id='line_1_9' title="bbox 692 868 3004 954; baseline -0.003 -15"><span class='ocrx_word' id='word_1_36' title='bbox 692 877 796 940; x_wconf 85' lang='lat'>23.</span> <span class='ocrx_word' id='word_1_37' title='bbox 834 874 1164 950; x_wconf 87' lang='lat' dir='ltr'>Octobris;</span> <span class='ocrx_word' id='word_1_38' title='bbox 1210 874 1281 938; x_wconf 90' lang='lat' dir='ltr'>in</span> <span class='ocrx_word' id='word_1_39' title='bbox 1326 874 1598 939; x_wconf 84' lang='lat' dir='ltr'>solemni</span> <span class='ocrx_word' id='word_1_40' title='bbox 1645 895 1949 938; x_wconf 90' lang='lat' dir='ltr'>consessu</span> <span class='ocrx_word' id='word_1_41' title='bbox 1992 873 2213 937; x_wconf 85' lang='lat' dir='ltr'>habito</span> <span class='ocrx_word' id='word_1_42' title='bbox 2258 872 2328 935; x_wconf 93' lang='lat' dir='ltr'>in</span> <span class='ocrx_word' id='word_1_43' title='bbox 2368 870 2606 954; x_wconf 91' lang='lat' dir='ltr'>palatio</span> <span class='ocrx_word' id='word_1_44' title='bbox 2638 868 3004 953; x_wconf 87' lang='lat' dir='ltr'>Magnaura</span> 
     </span>
     <span class='ocr_line' id='line_1_10' title="bbox 686 967 3003 1046; baseline -0.003 -10"><span class='ocrx_word' id='word_1_45' title='bbox 686 973 946 1038; x_wconf 88' lang='lat' dir='ltr'>decreta</span> <span class='ocrx_word' id='word_1_46' title='bbox 991 970 1259 1036; x_wconf 84' lang='lat' dir='ltr'>Concilii</span> <span class='ocrx_word' id='word_1_47' title='bbox 1314 970 1583 1035; x_wconf 89' lang='lat' dir='ltr'>recitata</span> <span class='ocrx_word' id='word_1_48' title='bbox 1628 973 1809 1046; x_wconf 89' lang='lat' dir='ltr'>sunt,</span> <span class='ocrx_word' id='word_1_49' title='bbox 1865 969 2207 1034; x_wconf 83' lang='lat' dir='ltr'>universali</span> <span class='ocrx_word' id='word_1_50' title='bbox 2261 967 2718 1032; x_wconf 77' lang='lat' dir='ltr'>acclamatione</span> <span class='ocrx_word' id='word_1_51' title='bbox 2763 967 3003 1030; x_wconf 90' lang='lat' dir='ltr'>iterum</span> 
     </span>
     <span class='ocr_line' id='line_1_11' title="bbox 686 1062 3005 1149; baseline -0.004 -15"><span class='ocrx_word' id='word_1_52' title='bbox 686 1071 772 1134; x_wconf 89' lang='lat' dir='ltr'>ab</span> <span class='ocrx_word' id='word_1_53' title='bbox 834 1069 1132 1133; x_wconf 90' lang='lat' dir='ltr'>omnibus</span> <span class='ocrx_word' id='word_1_54' title='bbox 1195 1069 1600 1145; x_wconf 89' lang='lat' dir='ltr'>confirmata,</span> <span class='ocrx_word' id='word_1_55' title='bbox 1660 1071 1725 1130; x_wconf 90' lang='lat' dir='ltr'>et</span> <span class='ocrx_word' id='word_1_56' title='bbox 1783 1067 1976 1131; x_wconf 88' lang='lat' dir='ltr'>etiam</span> <span class='ocrx_word' id='word_1_57' title='bbox 2041 1067 2122 1129; x_wconf 91' lang='lat' dir='ltr'>ab</span> <span class='ocrx_word' id='word_1_58' title='bbox 2177 1063 2674 1149; x_wconf 88' lang='lat' dir='ltr'>Imperatoribus</span> <span class='ocrx_word' id='word_1_59' title='bbox 2733 1062 3005 1127; x_wconf 87' lang='lat' dir='ltr'>subscri-</span> 
     </span>
     <span class='ocr_line' id='line_1_12' title="bbox 692 1159 3003 1249; baseline -0.004 -19"><span class='ocrx_word' id='word_1_60' title='bbox 692 1167 913 1249; x_wconf 88' lang='lat' dir='ltr'>ptione</span> <span class='ocrx_word' id='word_1_61' title='bbox 969 1165 1242 1228; x_wconf 87' lang='lat' dir='ltr'>firmata.</span> <span class='ocrx_word' id='word_1_62' title='bbox 1334 1163 1511 1228; x_wconf 87' lang='lat' dir='ltr'>Haec</span> <span class='ocrx_word' id='word_1_63' title='bbox 1568 1167 1796 1227; x_wconf 85' lang='lat' dir='ltr'>octava</span> <span class='ocrx_word' id='word_1_64' title='bbox 1849 1163 2043 1227; x_wconf 87' lang='lat' dir='ltr'>sessio</span> <span class='ocrx_word' id='word_1_65' title='bbox 2092 1159 2331 1245; x_wconf 84' lang='lat' dir='ltr'>Synodi</span> <span class='ocrx_word' id='word_1_66' title='bbox 2391 1160 2514 1225; x_wconf 89' lang='lat' dir='ltr'>dici</span> <span class='ocrx_word' id='word_1_67' title='bbox 2559 1161 2751 1235; x_wconf 90' lang='lat' dir='ltr'>solet,</span> <span class='ocrx_word' id='word_1_68' title='bbox 2815 1159 3003 1243; x_wconf 87' lang='lat' dir='ltr'>eique</span> 
     </span>
     <span class='ocr_line' id='line_1_13' title="bbox 689 1254 3001 1343; baseline -0.003 -18"><span class='ocrx_word' id='word_1_69' title='bbox 689 1261 1066 1325; x_wconf 87' lang='lat' dir='ltr'>adscribunt</span> <span class='ocrx_word' id='word_1_70' title='bbox 1140 1260 1372 1324; x_wconf 90' lang='lat' dir='ltr'>eruditi</span> <span class='ocrx_word' id='word_1_71' title='bbox 1447 1281 1726 1325; x_wconf 89' lang='lat' dir='ltr'>canones</span> <span class='ocrx_word' id='word_1_72' title='bbox 1798 1280 2053 1343; x_wconf 86' lang='lat' dir='ltr'>quoque</span> <span class='ocrx_word' id='word_1_73' title='bbox 2117 1258 2346 1343; x_wconf 86' lang='lat' dir='ltr'>viginti</span> <span class='ocrx_word' id='word_1_74' title='bbox 2414 1259 2571 1323; x_wconf 86' lang='lat' dir='ltr'>duos</span> <span class='ocrx_word' id='word_1_75' title='bbox 2636 1279 2673 1320; x_wconf 88' lang='lat' dir='ltr'>a</span> <span class='ocrx_word' id='word_1_76' title='bbox 2738 1254 3001 1340; x_wconf 84' lang='lat' dir='ltr'>Synodo</span> 
     </span>
     <span class='ocr_line' id='line_1_14' title="bbox 687 1353 3003 1441; baseline -0.003 -19"><span class='ocrx_word' id='word_1_77' title='bbox 687 1358 915 1436; x_wconf 79' lang='lat' dir='ltr'>editoe,</span> <span class='ocrx_word' id='word_1_78' title='bbox 964 1359 1074 1441; x_wconf 91' lang='lat' dir='ltr'>qui</span> <span class='ocrx_word' id='word_1_79' title='bbox 1119 1379 1254 1420; x_wconf 90' lang='lat' dir='ltr'>rem</span> <span class='ocrx_word' id='word_1_80' title='bbox 1292 1356 1771 1434; x_wconf 81' lang='lat' dir='ltr'>hierarchicam,</span> <span class='ocrx_word' id='word_1_81' title='bbox 1818 1356 2180 1439; x_wconf 85' lang='lat' dir='ltr'>liturgicam</span> <span class='ocrx_word' id='word_1_82' title='bbox 2231 1362 2297 1418; x_wconf 91' lang='lat' dir='ltr'>et</span> <span class='ocrx_word' id='word_1_83' title='bbox 2341 1353 2809 1437; x_wconf 88' lang='lat' dir='ltr'>disciplinarem</span> <span class='ocrx_word' id='word_1_84' title='bbox 2858 1373 3003 1435; x_wconf 89' lang='lat' dir='ltr'>spe-</span> 
     </span>
     <span class='ocr_line' id='line_1_15' title="bbox 687 1449 3005 1536; baseline -0.003 -16"><span class='ocrx_word' id='word_1_85' title='bbox 687 1460 888 1520; x_wconf 89' lang='lat' dir='ltr'>ctant.</span> <span class='ocrx_word' id='word_1_86' title='bbox 981 1453 1235 1517; x_wconf 89' lang='lat' dir='ltr'>Primus</span> <span class='ocrx_word' id='word_1_87' title='bbox 1282 1475 1489 1518; x_wconf 90' lang='lat' dir='ltr'>canon</span> <span class='ocrx_word' id='word_1_88' title='bbox 1539 1453 1843 1536; x_wconf 88' lang='lat' dir='ltr'>antiquos</span> <span class='ocrx_word' id='word_1_89' title='bbox 1898 1473 2175 1516; x_wconf 90' lang='lat' dir='ltr'>canones</span> <span class='ocrx_word' id='word_1_90' title='bbox 2221 1451 2575 1522; x_wconf 85' lang='lat' dir='ltr'>confirmat,</span> <span class='ocrx_word' id='word_1_91' title='bbox 2624 1449 3005 1532; x_wconf 88' lang='lat' dir='ltr'>apostolicos</span> 
     </span>
     <span class='ocr_line' id='line_1_16' title="bbox 690 1543 3002 1634; baseline -0.003 -19"><span class='ocrx_word' id='word_1_92' title='bbox 690 1550 1033 1634; x_wconf 80' lang='lat' dir='ltr'>imprimiS,</span> <span class='ocrx_word' id='word_1_93' title='bbox 1091 1549 1317 1614; x_wconf 89' lang='lat' dir='ltr'>deinde</span> <span class='ocrx_word' id='word_1_94' title='bbox 1371 1572 1481 1613; x_wconf 85' lang='lat' dir='ltr'>sex</span> <span class='ocrx_word' id='word_1_95' title='bbox 1532 1557 1901 1614; x_wconf 85' lang='lat' dir='ltr'>sanctarum</span> <span class='ocrx_word' id='word_1_96' title='bbox 1961 1552 2026 1612; x_wconf 90' lang='lat' dir='ltr'>et</span> <span class='ocrx_word' id='word_1_97' title='bbox 2073 1547 2533 1611; x_wconf 88' lang='lat' dir='ltr'>universalium</span> <span class='ocrx_word' id='word_1_98' title='bbox 2578 1543 3002 1628; x_wconf 88' lang='lat' dir='ltr'>Synodorum,</span> 
     </span>
     <span class='ocr_line' id='line_1_17' title="bbox 691 1643 3003 1729; baseline -0.003 -17"><span class='ocrx_word' id='word_1_99' title='bbox 691 1648 884 1712; x_wconf 88' lang='lat' dir='ltr'>tertio</span> <span class='ocrx_word' id='word_1_100' title='bbox 943 1647 1236 1712; x_wconf 86' lang='lat' dir='ltr'>localium</span> <span class='ocrx_word' id='word_1_101' title='bbox 1284 1646 1693 1729; x_wconf 88' lang='lat' dir='ltr'>synodorum.</span> <span class='ocrx_word' id='word_1_102' title='bbox 1788 1643 1912 1709; x_wconf 85' lang='lat' dir='ltr'>Sed</span> <span class='ocrx_word' id='word_1_103' title='bbox 1976 1666 2185 1708; x_wconf 92' lang='lat' dir='ltr'>canon</span> <span class='ocrx_word' id='word_1_104' title='bbox 2246 1645 2369 1708; x_wconf 86' lang='lat' dir='ltr'>iste</span> <span class='ocrx_word' id='word_1_105' title='bbox 2432 1665 2565 1708; x_wconf 92' lang='lat' dir='ltr'>non</span> <span class='ocrx_word' id='word_1_106' title='bbox 2613 1648 2714 1706; x_wconf 91' lang='lat' dir='ltr'>est</span> <span class='ocrx_word' id='word_1_107' title='bbox 2770 1663 3003 1725; x_wconf 88' lang='lat' dir='ltr'>appro-</span> 
     </span>
     <span class='ocr_line' id='line_1_18' title="bbox 691 1739 3003 1826; baseline -0.003 -18"><span class='ocrx_word' id='word_1_108' title='bbox 691 1745 881 1808; x_wconf 89' lang='lat' dir='ltr'>batus</span> <span class='ocrx_word' id='word_1_109' title='bbox 935 1744 1016 1806; x_wconf 90' lang='lat' dir='ltr'>ab</span> <span class='ocrx_word' id='word_1_110' title='bbox 1077 1743 1338 1807; x_wconf 88' lang='lat' dir='ltr'>ecclesia</span> <span class='ocrx_word' id='word_1_111' title='bbox 1404 1742 1727 1820; x_wconf 87' lang='lat' dir='ltr'>Romana,</span> <span class='ocrx_word' id='word_1_112' title='bbox 1790 1763 1956 1826; x_wconf 89' lang='lat' dir='ltr'>quae</span> <span class='ocrx_word' id='word_1_113' title='bbox 2021 1762 2299 1805; x_wconf 90' lang='lat' dir='ltr'>canones</span> <span class='ocrx_word' id='word_1_114' title='bbox 2358 1744 2618 1804; x_wconf 90' lang='lat' dir='ltr'>tantum</span> <span class='ocrx_word' id='word_1_115' title='bbox 2680 1739 3003 1822; x_wconf 89' lang='lat' dir='ltr'>quinqua-</span> 
     </span>
     <span class='ocr_line' id='line_1_19' title="bbox 690 1833 3002 1925; baseline -0.003 -21"><span class='ocrx_word' id='word_1_116' title='bbox 690 1840 876 1925; x_wconf 83' lang='lat' dir='ltr'>ginta</span> <span class='ocrx_word' id='word_1_117' title='bbox 931 1839 1276 1922; x_wconf 87' lang='lat' dir='ltr'>recipiebat</span> <span class='ocrx_word' id='word_1_118' title='bbox 1331 1861 1409 1903; x_wconf 82' lang='lat' dir='ltr'>ex</span> <span class='ocrx_word' id='word_1_119' title='bbox 1468 1840 1546 1902; x_wconf 91' lang='lat' dir='ltr'>iis</span> <span class='ocrx_word' id='word_1_120' title='bbox 1607 1838 1718 1923; x_wconf 91' lang='lat' dir='ltr'>qui</span> <span class='ocrx_word' id='word_1_121' title='bbox 1776 1838 2112 1921; x_wconf 89' lang='lat' dir='ltr'>apostolici</span> <span class='ocrx_word' id='word_1_122' title='bbox 2167 1839 2656 1920; x_wconf 87' lang='lat' dir='ltr'>nuncupantur,</span> <span class='ocrx_word' id='word_1_123' title='bbox 2713 1839 2780 1899; x_wconf 92' lang='lat' dir='ltr'>et</span> <span class='ocrx_word' id='word_1_124' title='bbox 2836 1833 3002 1898; x_wconf 84' lang='lat' dir='ltr'>Con·</span> 
     </span>
     <span class='ocr_line' id='line_1_20' title="bbox 690 1933 3002 2017; baseline -0.003 -16"><span class='ocrx_word' id='word_1_125' title='bbox 690 1935 1331 2017; x_wconf 79' lang='lat' dir='ltr'>stantinopolitanOS,</span> <span class='ocrx_word' id='word_1_126' title='bbox 1395 1935 1976 2012; x_wconf 79' lang='lat' dir='ltr'>ChalcedonenseS,</span> <span class='ocrx_word' id='word_1_127' title='bbox 2035 1956 2109 1998; x_wconf 90' lang='lat' dir='ltr'>ac</span> <span class='ocrx_word' id='word_1_128' title='bbox 2152 1933 2495 1998; x_wconf 84' lang='lat' dir='ltr'>Trullanos</span> <span class='ocrx_word' id='word_1_129' title='bbox 2542 1953 2819 1997; x_wconf 89' lang='lat' dir='ltr'>canones</span> <span class='ocrx_word' id='word_1_130' title='bbox 2868 1952 3002 1994; x_wconf 93' lang='lat' dir='ltr'>non</span> 
     </span>
     <span class='ocr_line' id='line_1_21' title="bbox 691 2032 1218 2114; baseline 0 -18"><span class='ocrx_word' id='word_1_131' title='bbox 691 2054 914 2097; x_wconf 87' lang='lat' dir='ltr'>omnes</span> <span class='ocrx_word' id='word_1_132' title='bbox 959 2032 1218 2114; x_wconf 88' lang='lat' dir='ltr'>recepit.</span> 
     </span>
    </p>

    <p class='ocr_par' dir='ltr' id='par_1_6' title="bbox 686 2125 3006 4244">
     <span class='ocr_line' id='line_1_22' title="bbox 869 2125 3002 2202; baseline -0.003 -9"><span class='ocrx_word' id='word_1_133' title='bbox 869 2131 970 2193; x_wconf 82' lang='lat'>68.</span> <span class='ocrx_word' id='word_1_134' title='bbox 1020 2129 1144 2192; x_wconf 88' lang='lat' dir='ltr'>Per</span> <span class='ocrx_word' id='word_1_135' title='bbox 1191 2150 1258 2194; x_wconf 90' lang='lat' dir='ltr'>se</span> <span class='ocrx_word' id='word_1_136' title='bbox 1306 2128 1464 2192; x_wconf 86' lang='lat' dir='ltr'>satis</span> <span class='ocrx_word' id='word_1_137' title='bbox 1509 2128 1923 2192; x_wconf 88' lang='lat' dir='ltr'>manifestum</span> <span class='ocrx_word' id='word_1_138' title='bbox 1956 2131 2074 2202; x_wconf 89' lang='lat' dir='ltr'>est,</span> <span class='ocrx_word' id='word_1_139' title='bbox 2122 2126 2488 2191; x_wconf 78' lang='lat' dir='ltr'>Gallicanos</span> <span class='ocrx_word' id='word_1_140' title='bbox 2535 2125 2856 2189; x_wconf 89' lang='lat' dir='ltr'>immerito</span> <span class='ocrx_word' id='word_1_141' title='bbox 2902 2146 3002 2187; x_wconf 88' lang='lat' dir='ltr'>ar-</span> 
     </span>
     <span class='ocr_line' id='line_1_23' title="bbox 691 2219 3005 2311; baseline -0.003 -21"><span class='ocrx_word' id='word_1_142' title='bbox 691 2231 1004 2311; x_wconf 84' lang='lat' dir='ltr'>gumenta</span> <span class='ocrx_word' id='word_1_143' title='bbox 1043 2247 1158 2309; x_wconf 90' lang='lat' dir='ltr'>pro</span> <span class='ocrx_word' id='word_1_144' title='bbox 1207 2248 1324 2290; x_wconf 90' lang='lat' dir='ltr'>sua</span> <span class='ocrx_word' id='word_1_145' title='bbox 1370 2225 1699 2289; x_wconf 89' lang='lat' dir='ltr'>sententia</span> <span class='ocrx_word' id='word_1_146' title='bbox 1734 2224 2193 2308; x_wconf 83' lang='lat' dir='ltr'>conquisivisse</span> <span class='ocrx_word' id='word_1_147' title='bbox 2241 2245 2318 2288; x_wconf 84' lang='lat' dir='ltr'>ex</span> <span class='ocrx_word' id='word_1_148' title='bbox 2361 2245 2458 2300; x_wconf 92' lang='lat' dir='ltr'>eo,</span> <span class='ocrx_word' id='word_1_149' title='bbox 2501 2222 2669 2306; x_wconf 91' lang='lat' dir='ltr'>quod</span> <span class='ocrx_word' id='word_1_150' title='bbox 2707 2219 3005 2305; x_wconf 85' lang='lat' dir='ltr'>Synodus</span> 
     </span>
     <span class='ocr_line' id='line_1_24' title="bbox 693 2319 3005 2406; baseline -0.004 -18"><span class='ocrx_word' id='word_1_151' title='bbox 693 2323 1063 2406; x_wconf 89' lang='lat' dir='ltr'>Scripturae</span> <span class='ocrx_word' id='word_1_152' title='bbox 1121 2325 1184 2387; x_wconf 83' lang='lat' dir='ltr'>et</span> <span class='ocrx_word' id='word_1_153' title='bbox 1239 2320 1627 2386; x_wconf 87' lang='lat' dir='ltr'>Traditionis</span> <span class='ocrx_word' id='word_1_154' title='bbox 1685 2321 2073 2386; x_wconf 87' lang='lat' dir='ltr'>testimoniis</span> <span class='ocrx_word' id='word_1_155' title='bbox 2136 2320 2450 2404; x_wconf 84' lang='lat' dir='ltr'>imagines</span> <span class='ocrx_word' id='word_1_156' title='bbox 2510 2319 2804 2384; x_wconf 90' lang='lat' dir='ltr'>colendas</span> <span class='ocrx_word' id='word_1_157' title='bbox 2867 2339 3005 2380; x_wconf 88' lang='lat' dir='ltr'>esse</span> 
     </span>
     <span class='ocr_line' id='line_1_25' title="bbox 692 2415 3003 2502; baseline -0.004 -16"><span class='ocrx_word' id='word_1_158' title='bbox 692 2421 913 2486; x_wconf 90' lang='lat' dir='ltr'>sedulo</span> <span class='ocrx_word' id='word_1_159' title='bbox 977 2418 1372 2502; x_wconf 89' lang='lat' dir='ltr'>probaverit,</span> <span class='ocrx_word' id='word_1_160' title='bbox 1443 2421 1509 2482; x_wconf 90' lang='lat' dir='ltr'>et</span> <span class='ocrx_word' id='word_1_161' title='bbox 1579 2417 1728 2482; x_wconf 89' lang='lat' dir='ltr'>dein</span> <span class='ocrx_word' id='word_1_162' title='bbox 1800 2418 2070 2482; x_wconf 85' lang='lat' dir='ltr'>ediderit</span> <span class='ocrx_word' id='word_1_163' title='bbox 2129 2417 2568 2481; x_wconf 88' lang='lat' dir='ltr'>definitionem</span> <span class='ocrx_word' id='word_1_164' title='bbox 2629 2415 3003 2479; x_wconf 90' lang='lat' dir='ltr'>solemnem.</span> 
     </span>
     <span class='ocr_line' id='line_1_26' title="bbox 691 2512 3001 2599; baseline -0.003 -18"><span class='ocrx_word' id='word_1_165' title='bbox 691 2518 954 2596; x_wconf 80' lang='lat' dir='ltr'>„Rebus</span> <span class='ocrx_word' id='word_1_166' title='bbox 1010 2538 1258 2580; x_wconf 90' lang='lat' dir='ltr'>summa</span> <span class='ocrx_word' id='word_1_167' title='bbox 1314 2516 1679 2580; x_wconf 80' lang='lat' dir='ltr'>attentione</span> <span class='ocrx_word' id='word_1_168' title='bbox 1739 2516 2099 2599; x_wconf 81' lang='lat' dir='ltr'>perpensis,</span> <span class='ocrx_word' id='word_1_169' title='bbox 2160 2513 2382 2579; x_wconf 87' lang='lat' dir='ltr'>scribit</span> <span class='ocrx_word' id='word_1_170' title='bbox 2440 2512 2790 2578; x_wconf 89' lang='lat' dir='ltr'>Bossuetus</span> <span class='ocrx_word' id='word_1_171' title='bbox 2839 2512 2877 2576; x_wconf 92' lang='lat' dir='ltr'>l.</span> <span class='ocrx_word' id='word_1_172' title='bbox 2925 2533 3001 2588; x_wconf 90' lang='lat' dir='ltr'>c.,</span> 
     </span>
     <span class='ocr_line' id='line_1_27' title="bbox 690 2607 3003 2690; baseline -0.003 -11"><span class='ocrx_word' id='word_1_173' title='bbox 690 2616 768 2679; x_wconf 87' lang='lat' dir='ltr'>fit</span> <span class='ocrx_word' id='word_1_174' title='bbox 817 2613 1138 2686; x_wconf 77' lang='lat' dir='ltr'>definitio,</span> <span class='ocrx_word' id='word_1_175' title='bbox 1197 2634 1328 2677; x_wconf 93' lang='lat' dir='ltr'>non</span> <span class='ocrx_word' id='word_1_176' title='bbox 1385 2613 1576 2677; x_wconf 90' lang='lat' dir='ltr'>unius</span> <span class='ocrx_word' id='word_1_177' title='bbox 1624 2612 1904 2676; x_wconf 89' lang='lat' dir='ltr'>Romani</span> <span class='ocrx_word' id='word_1_178' title='bbox 1950 2610 2314 2690; x_wconf 76' lang='lat' dir='ltr'>Pontificis,</span> <span class='ocrx_word' id='word_1_179' title='bbox 2376 2612 2485 2675; x_wconf 90' lang='lat' dir='ltr'>sed</span> <span class='ocrx_word' id='word_1_180' title='bbox 2540 2610 2740 2674; x_wconf 86' lang='lat' dir='ltr'>totius</span> <span class='ocrx_word' id='word_1_181' title='bbox 2788 2607 3003 2672; x_wconf 87' lang='lat' dir='ltr'>Eccle-</span> 
     </span>
     <span class='ocr_line' id='line_1_28' title="bbox 689 2703 3003 2776; baseline -0.003 -1"><span class='ocrx_word' id='word_1_182' title='bbox 689 2713 824 2776; x_wconf 89' lang='lat' dir='ltr'>siae</span> <span class='ocrx_word' id='word_1_183' title='bbox 872 2709 1222 2775; x_wconf 89' lang='lat' dir='ltr'>catholicae</span> <span class='ocrx_word' id='word_1_184' title='bbox 1278 2730 1593 2774; x_wconf 89' lang='lat' dir='ltr'>consensu</span> <span class='ocrx_word' id='word_1_185' title='bbox 1646 2714 1712 2773; x_wconf 90' lang='lat' dir='ltr'>et</span> <span class='ocrx_word' id='word_1_186' title='bbox 1758 2708 2143 2772; x_wconf 88' lang='lat' dir='ltr'>auctoritate</span> <span class='ocrx_word' id='word_1_187' title='bbox 2195 2708 2411 2771; x_wconf 84' lang='lat' dir='ltr'>nixa.“</span> <span class='ocrx_word' id='word_1_188' title='bbox 2503 2705 2589 2770; x_wconf 87' lang='lat' dir='ltr'>Et</span> <span class='ocrx_word' id='word_1_189' title='bbox 2643 2705 2850 2769; x_wconf 88' lang='lat' dir='ltr'>relata</span> <span class='ocrx_word' id='word_1_190' title='bbox 2896 2703 3003 2767; x_wconf 92' lang='lat' dir='ltr'>de-</span> 
     </span>
     <span class='ocr_line' id='line_1_29' title="bbox 690 2801 3006 2888; baseline -0.003 -17"><span class='ocrx_word' id='word_1_191' title='bbox 690 2808 988 2872; x_wconf 89' lang='lat' dir='ltr'>finitione</span> <span class='ocrx_word' id='word_1_192' title='bbox 1033 2806 1379 2871; x_wconf 84' lang='lat' dir='ltr'>concludit:</span> <span class='ocrx_word' id='word_1_193' title='bbox 1447 2804 1582 2883; x_wconf 88' lang='lat' dir='ltr'>„Ut</span> <span class='ocrx_word' id='word_1_194' title='bbox 1625 2804 1912 2888; x_wconf 89' lang='lat' dir='ltr'>profecto</span> <span class='ocrx_word' id='word_1_195' title='bbox 1961 2806 2293 2887; x_wconf 81' lang='lat' dir='ltr'>appareat,</span> <span class='ocrx_word' id='word_1_196' title='bbox 2352 2825 2665 2866; x_wconf 87' lang='lat' dir='ltr'>summam</span> <span class='ocrx_word' id='word_1_197' title='bbox 2715 2801 2888 2865; x_wconf 88' lang='lat' dir='ltr'>illam</span> <span class='ocrx_word' id='word_1_198' title='bbox 2939 2805 3006 2863; x_wconf 89' lang='lat' dir='ltr'>et</span> 
     </span>
     <span class='ocr_line' id='line_1_30' title="bbox 690 2898 3004 2975; baseline -0.003 -8"><span class='ocrx_word' id='word_1_199' title='bbox 690 2904 1168 2968; x_wconf 87' lang='lat' dir='ltr'>ineluctabilem</span> <span class='ocrx_word' id='word_1_200' title='bbox 1201 2902 1654 2967; x_wconf 84' lang='lat' dir='ltr'>certitudinem</span> <span class='ocrx_word' id='word_1_201' title='bbox 1701 2902 1771 2966; x_wconf 92' lang='lat' dir='ltr'>in</span> <span class='ocrx_word' id='word_1_202' title='bbox 1806 2900 2124 2964; x_wconf 86' lang='lat' dir='ltr'>Ecclesiae</span> <span class='ocrx_word' id='word_1_203' title='bbox 2169 2899 2517 2965; x_wconf 88' lang='lat' dir='ltr'>catholicae</span> <span class='ocrx_word' id='word_1_204' title='bbox 2562 2898 3004 2975; x_wconf 89' lang='lat' dir='ltr'>consensione,</span> 
     </span>
     <span class='ocr_line' id='line_1_31' title="bbox 688 2994 3003 3083; baseline -0.003 -18"><span class='ocrx_word' id='word_1_205' title='bbox 688 3001 819 3065; x_wconf 93' lang='lat' dir='ltr'>imo</span> <span class='ocrx_word' id='word_1_206' title='bbox 880 3002 950 3065; x_wconf 93' lang='lat' dir='ltr'>in</span> <span class='ocrx_word' id='word_1_207' title='bbox 1009 2999 1284 3083; x_wconf 85' lang='lat' dir='ltr'>Spiritus</span> <span class='ocrx_word' id='word_1_208' title='bbox 1340 2997 1560 3063; x_wconf 83' lang='lat' dir='ltr'>Sancti</span> <span class='ocrx_word' id='word_1_209' title='bbox 1617 3000 1979 3064; x_wconf 88' lang='lat' dir='ltr'>universam</span> <span class='ocrx_word' id='word_1_210' title='bbox 2039 2996 2391 3062; x_wconf 84' lang='lat' dir='ltr'>Ecclesiam</span> <span class='ocrx_word' id='word_1_211' title='bbox 2457 2994 2744 3060; x_wconf 88' lang='lat' dir='ltr'>docentis</span> <span class='ocrx_word' id='word_1_212' title='bbox 2807 2995 3003 3078; x_wconf 84' lang='lat' dir='ltr'>magi-</span> 
     </span>
     <span class='ocr_line' id='line_1_32' title="bbox 686 3090 3005 3181; baseline -0.004 -19"><span class='ocrx_word' id='word_1_213' title='bbox 686 3097 886 3162; x_wconf 88' lang='lat' dir='ltr'>sterio</span> <span class='ocrx_word' id='word_1_214' title='bbox 945 3119 1077 3162; x_wconf 86' lang='lat' dir='ltr'>esse</span> <span class='ocrx_word' id='word_1_215' title='bbox 1134 3097 1437 3180; x_wconf 87' lang='lat' dir='ltr'>positam,</span> <span class='ocrx_word' id='word_1_216' title='bbox 1495 3096 1661 3181; x_wconf 90' lang='lat' dir='ltr'>quod</span> <span class='ocrx_word' id='word_1_217' title='bbox 1720 3097 1859 3158; x_wconf 90' lang='lat' dir='ltr'>erat</span> <span class='ocrx_word' id='word_1_218' title='bbox 1916 3093 2547 3158; x_wconf 87' lang='lat' dir='ltr'>demonstrandum.“</span> <span class='ocrx_word' id='word_1_219' title='bbox 2604 3128 2693 3137; x_wconf 88' lang='lat'>—</span> <span class='ocrx_word' id='word_1_220' title='bbox 2754 3090 3005 3156; x_wconf 91' lang='lat' dir='ltr'>Similia</span> 
     </span>
     <span class='ocr_line' id='line_1_33' title="bbox 691 3187 3004 3275; baseline -0.003 -18"><span class='ocrx_word' id='word_1_221' title='bbox 691 3195 890 3258; x_wconf 89' lang='lat' dir='ltr'>habet</span> <span class='ocrx_word' id='word_1_222' title='bbox 934 3193 1170 3258; x_wconf 86' lang='lat' dir='ltr'>Maret:</span> <span class='ocrx_word' id='word_1_223' title='bbox 1236 3193 1456 3270; x_wconf 91' lang='lat' dir='ltr'>„Dans</span> <span class='ocrx_word' id='word_1_224' title='bbox 1510 3193 1573 3255; x_wconf 89' lang='lat' dir='ltr'>la</span> <span class='ocrx_word' id='word_1_225' title='bbox 1620 3192 1928 3275; x_wconf 76' lang='lat' dir='ltr'>septieme</span> <span class='ocrx_word' id='word_1_226' title='bbox 1984 3190 2259 3264; x_wconf 89' lang='lat' dir='ltr'>session,</span> <span class='ocrx_word' id='word_1_227' title='bbox 2320 3189 2572 3265; x_wconf 89' lang='lat' dir='ltr'>scribit,</span> <span class='ocrx_word' id='word_1_228' title='bbox 2635 3190 2695 3251; x_wconf 89' lang='lat' dir='ltr'>le</span> <span class='ocrx_word' id='word_1_229' title='bbox 2743 3187 3004 3253; x_wconf 91' lang='lat' dir='ltr'>Concile</span> 
     </span>
     <span class='ocr_line' id='line_1_34' title="bbox 692 3284 3002 3375; baseline -0.003 -21"><span class='ocrx_word' id='word_1_230' title='bbox 692 3312 1020 3375; x_wconf 73' lang='lat' dir='ltr'>prononca</span> <span class='ocrx_word' id='word_1_231' title='bbox 1066 3312 1135 3354; x_wconf 90' lang='lat' dir='ltr'>sa</span> <span class='ocrx_word' id='word_1_232' title='bbox 1181 3296 1483 3353; x_wconf 89' lang='lat' dir='ltr'>sentence</span> <span class='ocrx_word' id='word_1_233' title='bbox 1531 3288 1932 3352; x_wconf 85' lang='lat' dir='ltr'>souveraine.</span> <span class='ocrx_word' id='word_1_234' title='bbox 2017 3286 2285 3369; x_wconf 74' lang='lat' dir='ltr'>D’apres</span> <span class='ocrx_word' id='word_1_235' title='bbox 2330 3287 2423 3350; x_wconf 90' lang='lat' dir='ltr'>les</span> <span class='ocrx_word' id='word_1_236' title='bbox 2469 3284 2621 3350; x_wconf 89' lang='lat' dir='ltr'>faits</span> <span class='ocrx_word' id='word_1_237' title='bbox 2668 3306 2792 3367; x_wconf 91' lang='lat' dir='ltr'>que</span> <span class='ocrx_word' id='word_1_238' title='bbox 2839 3305 3002 3348; x_wconf 89' lang='lat' dir='ltr'>nous</span> 
     </span>
     <span class='ocr_line' id='line_1_35' title="bbox 693 3379 3003 3469; baseline -0.003 -18"><span class='ocrx_word' id='word_1_239' title='bbox 693 3409 936 3451; x_wconf 83' lang='lat' dir='ltr'>venons</span> <span class='ocrx_word' id='word_1_240' title='bbox 983 3385 1306 3469; x_wconf 86' lang='lat' dir='ltr'>d&#39;exposer</span> <span class='ocrx_word' id='word_1_241' title='bbox 1365 3387 1412 3450; x_wconf 93' lang='lat' dir='ltr'>il</span> <span class='ocrx_word' id='word_1_242' title='bbox 1471 3391 1569 3450; x_wconf 90' lang='lat' dir='ltr'>est</span> <span class='ocrx_word' id='word_1_243' title='bbox 1628 3384 1919 3463; x_wconf 75' lang='lat' dir='ltr'>evident,</span> <span class='ocrx_word' id='word_1_244' title='bbox 1978 3405 2103 3467; x_wconf 90' lang='lat' dir='ltr'>que</span> <span class='ocrx_word' id='word_1_245' title='bbox 2159 3384 2220 3446; x_wconf 90' lang='lat' dir='ltr'>la</span> <span class='ocrx_word' id='word_1_246' title='bbox 2281 3383 2728 3446; x_wconf 82' lang='lat' dir='ltr'>souverainete</span> <span class='ocrx_word' id='word_1_247' title='bbox 2789 3379 3003 3445; x_wconf 90' lang='lat' dir='ltr'>conci-</span> 
     </span>
     <span class='ocr_line' id='line_1_36' title="bbox 690 3479 3001 3561; baseline -0.003 -14"><span class='ocrx_word' id='word_1_248' title='bbox 690 3485 878 3548; x_wconf 84' lang='lat' dir='ltr'>liaire</span> <span class='ocrx_word' id='word_1_249' title='bbox 925 3484 1203 3547; x_wconf 88' lang='lat' dir='ltr'>s&#39;accusa</span> <span class='ocrx_word' id='word_1_250' title='bbox 1258 3483 1433 3546; x_wconf 90' lang='lat' dir='ltr'>aussi</span> <span class='ocrx_word' id='word_1_251' title='bbox 1481 3485 1846 3546; x_wconf 88' lang='lat' dir='ltr'>nettement</span> <span class='ocrx_word' id='word_1_252' title='bbox 1902 3481 2059 3545; x_wconf 89' lang='lat' dir='ltr'>dans</span> <span class='ocrx_word' id='word_1_253' title='bbox 2114 3481 2175 3543; x_wconf 90' lang='lat' dir='ltr'>le</span> <span class='ocrx_word' id='word_1_254' title='bbox 2230 3479 2470 3543; x_wconf 90' lang='lat' dir='ltr'>concile</span> <span class='ocrx_word' id='word_1_255' title='bbox 2524 3479 2832 3561; x_wconf 77' lang='lat' dir='ltr'>septieme</span> <span class='ocrx_word' id='word_1_256' title='bbox 2878 3498 3001 3560; x_wconf 89' lang='lat' dir='ltr'>que</span> 
     </span>
     <span class='ocr_line' id='line_1_37' title="bbox 689 3574 3005 3661; baseline -0.003 -17"><span class='ocrx_word' id='word_1_257' title='bbox 689 3581 856 3644; x_wconf 89' lang='lat' dir='ltr'>dans</span> <span class='ocrx_word' id='word_1_258' title='bbox 902 3581 995 3644; x_wconf 83' lang='lat' dir='ltr'>les</span> <span class='ocrx_word' id='word_1_259' title='bbox 1040 3578 1136 3642; x_wconf 87' lang='lat' dir='ltr'>six</span> <span class='ocrx_word' id='word_1_260' title='bbox 1182 3579 1511 3661; x_wconf 89' lang='lat' dir='ltr'>premiers.</span> <span class='ocrx_word' id='word_1_261' title='bbox 1588 3577 1887 3661; x_wconf 84' lang='lat' dir='ltr'>L&#39;Eglise</span> <span class='ocrx_word' id='word_1_262' title='bbox 1934 3577 2011 3640; x_wconf 92' lang='lat' dir='ltr'>de</span> <span class='ocrx_word' id='word_1_263' title='bbox 2042 3574 2475 3641; x_wconf 53' lang='lat' dir='ltr'>Esus-Christ</span> <span class='ocrx_word' id='word_1_264' title='bbox 2519 3596 2680 3639; x_wconf 91' lang='lat' dir='ltr'>nous</span> <span class='ocrx_word' id='word_1_265' title='bbox 2726 3596 2768 3658; x_wconf 84' lang='lat' dir='ltr'><strong>y</strong></span> <span class='ocrx_word' id='word_1_266' title='bbox 2814 3596 3005 3657; x_wconf 89' lang='lat' dir='ltr'>appa-</span> 
     </span>
     <span class='ocr_line' id='line_1_38' title="bbox 693 3670 3002 3754; baseline -0.003 -13"><span class='ocrx_word' id='word_1_267' title='bbox 693 3680 823 3742; x_wconf 78' lang='lat' dir='ltr'>rait</span> <span class='ocrx_word' id='word_1_268' title='bbox 877 3698 1118 3740; x_wconf 88' lang='lat' dir='ltr'>comme</span> <span class='ocrx_word' id='word_1_269' title='bbox 1175 3697 1300 3739; x_wconf 87' lang='lat' dir='ltr'>une</span> <span class='ocrx_word' id='word_1_270' title='bbox 1355 3674 1724 3739; x_wconf 90' lang='lat' dir='ltr'>monarchie</span> <span class='ocrx_word' id='word_1_271' title='bbox 1781 3674 2272 3738; x_wconf 85' lang='lat' dir='ltr'>ve&#39;ritablement</span> <span class='ocrx_word' id='word_1_272' title='bbox 2328 3672 2649 3754; x_wconf 75' lang='lat' dir='ltr'>temperee</span> <span class='ocrx_word' id='word_1_273' title='bbox 2708 3670 3002 3735; x_wconf 88' lang='lat' dir='ltr'>d&#39;aristo-</span> 
     </span>
     <span class='ocr_line' id='line_1_39' title="bbox 688 3767 3002 3855; baseline -0.003 -18"><span class='ocrx_word' id='word_1_274' title='bbox 688 3773 911 3838; x_wconf 88' lang='lat' dir='ltr'>cratie.</span> <span class='ocrx_word' id='word_1_275' title='bbox 1013 3772 1103 3837; x_wconf 91' lang='lat' dir='ltr'>Si·</span> <span class='ocrx_word' id='word_1_276' title='bbox 1145 3773 1220 3836; x_wconf 89' lang='lat' dir='ltr'>de</span> <span class='ocrx_word' id='word_1_277' title='bbox 1277 3772 1484 3835; x_wconf 87' lang='lat' dir='ltr'>beaux</span> <span class='ocrx_word' id='word_1_278' title='bbox 1548 3771 1993 3855; x_wconf 72' lang='lat' dir='ltr'>temoignages</span> <span class='ocrx_word' id='word_1_279' title='bbox 2062 3773 2213 3833; x_wconf 88' lang='lat' dir='ltr'>sont</span> <span class='ocrx_word' id='word_1_280' title='bbox 2272 3768 2505 3833; x_wconf 88' lang='lat' dir='ltr'>rendus</span> <span class='ocrx_word' id='word_1_281' title='bbox 2569 3770 2606 3830; x_wconf 75' lang='lat' dir='ltr'>a</span> <span class='ocrx_word' id='word_1_282' title='bbox 2669 3769 2732 3832; x_wconf 88' lang='lat' dir='ltr'>la</span> <span class='ocrx_word' id='word_1_283' title='bbox 2788 3767 3002 3831; x_wconf 83' lang='lat' dir='ltr'>divine</span> 
     </span>
     <span class='ocr_line' id='line_1_40' title="bbox 687 3863 3002 3953; baseline -0.003 -20"><span class='ocrx_word' id='word_1_284' title='bbox 687 3870 974 3935; x_wconf 74' lang='lat' dir='ltr'>autorite</span> <span class='ocrx_word' id='word_1_285' title='bbox 1019 3870 1100 3933; x_wconf 89' lang='lat' dir='ltr'>du</span> <span class='ocrx_word' id='word_1_286' title='bbox 1147 3867 1334 3953; x_wconf 78' lang='lat' dir='ltr'>Siege</span> <span class='ocrx_word' id='word_1_287' title='bbox 1369 3866 1812 3951; x_wconf 89' lang='lat' dir='ltr'>Apostolique,</span> <span class='ocrx_word' id='word_1_288' title='bbox 1860 3867 2177 3934; x_wconf 83' lang='lat' dir='ltr'>l&#39;examen</span> <span class='ocrx_word' id='word_1_289' title='bbox 2219 3865 2297 3929; x_wconf 89' lang='lat' dir='ltr'>de</span> <span class='ocrx_word' id='word_1_290' title='bbox 2343 3865 2408 3928; x_wconf 91' lang='lat' dir='ltr'>la</span> <span class='ocrx_word' id='word_1_291' title='bbox 2452 3866 2645 3927; x_wconf 88' lang='lat' dir='ltr'>lettre</span> <span class='ocrx_word' id='word_1_292' title='bbox 2692 3863 3002 3928; x_wconf 88' lang='lat' dir='ltr'>d’Adrien</span> 
     </span>
     <span class='ocr_line' id='line_1_41' title="bbox 689 3961 3005 4046; baseline -0.003 -15"><span class='ocrx_word' id='word_1_293' title='bbox 689 3972 760 4032; x_wconf 88' lang='lat' dir='ltr'>et</span> <span class='ocrx_word' id='word_1_294' title='bbox 803 3967 864 4030; x_wconf 92' lang='lat' dir='ltr'>le</span> <span class='ocrx_word' id='word_1_295' title='bbox 910 3967 1458 4030; x_wconf 86' lang='lat' dir='ltr'>renouvellement</span> <span class='ocrx_word' id='word_1_296' title='bbox 1513 3964 1587 4029; x_wconf 90' lang='lat' dir='ltr'>de</span> <span class='ocrx_word' id='word_1_297' title='bbox 1634 3966 1698 4029; x_wconf 88' lang='lat' dir='ltr'>la</span> <span class='ocrx_word' id='word_1_298' title='bbox 1746 3964 2249 4046; x_wconf 90' lang='lat' dir='ltr'>condamnation</span> <span class='ocrx_word' id='word_1_299' title='bbox 2295 3961 2684 4026; x_wconf 90' lang='lat' dir='ltr'>d&#39;Honorius</span> <span class='ocrx_word' id='word_1_300' title='bbox 2733 3983 2813 4024; x_wconf 93' lang='lat' dir='ltr'>ne</span> <span class='ocrx_word' id='word_1_301' title='bbox 2859 3982 3005 4043; x_wconf 89' lang='lat' dir='ltr'>per·</span> 
     </span>
     <span class='ocr_line' id='line_1_42' title="bbox 695 4057 2997 4146; baseline -0.004 -19"><span class='ocrx_word' id='word_1_302' title='bbox 695 4066 972 4127; x_wconf 90' lang='lat' dir='ltr'>mettent</span> <span class='ocrx_word' id='word_1_303' title='bbox 1024 4084 1136 4145; x_wconf 88' lang='lat' dir='ltr'>pas</span> <span class='ocrx_word' id='word_1_304' title='bbox 1178 4062 1254 4125; x_wconf 88' lang='lat' dir='ltr'>de</span> <span class='ocrx_word' id='word_1_305' title='bbox 1311 4062 1584 4146; x_wconf 88' lang='lat' dir='ltr'>prendre</span> <span class='ocrx_word' id='word_1_306' title='bbox 1629 4083 1729 4126; x_wconf 89' lang='lat' dir='ltr'>ces</span> <span class='ocrx_word' id='word_1_307' title='bbox 1774 4062 2213 4144; x_wconf 75' lang='lat' dir='ltr'>temoignages</span> <span class='ocrx_word' id='word_1_308' title='bbox 2270 4058 2427 4122; x_wconf 89' lang='lat' dir='ltr'>dans</span> <span class='ocrx_word' id='word_1_309' title='bbox 2477 4057 2537 4122; x_wconf 91' lang='lat' dir='ltr'>le</span> <span class='ocrx_word' id='word_1_310' title='bbox 2573 4078 2721 4122; x_wconf 91' lang='lat' dir='ltr'>sens</span> <span class='ocrx_word' id='word_1_311' title='bbox 2775 4057 2997 4120; x_wconf 91' lang='lat' dir='ltr'>absolu</span> 
     </span>
     <span class='ocr_line' id='line_1_43' title="bbox 688 4154 2498 4244; baseline -0.002 -21"><span class='ocrx_word' id='word_1_312' title='bbox 688 4182 820 4244; x_wconf 87' lang='lat' dir='ltr'>que</span> <span class='ocrx_word' id='word_1_313' title='bbox 867 4160 1082 4224; x_wconf 76' lang='lat' dir='ltr'>l’ecole</span> <span class='ocrx_word' id='word_1_314' title='bbox 1129 4159 1438 4223; x_wconf 88' lang='lat' dir='ltr'>italienne</span> <span class='ocrx_word' id='word_1_315' title='bbox 1480 4163 1633 4223; x_wconf 84' lang='lat' dir='ltr'>veut</span> <span class='ocrx_word' id='word_1_316' title='bbox 1681 4160 1819 4221; x_wconf 90' lang='lat' dir='ltr'>leur</span> <span class='ocrx_word' id='word_1_317' title='bbox 1866 4158 2171 4220; x_wconf 87' lang='lat' dir='ltr'>donner.“</span> <span class='ocrx_word' id='word_1_318' title='bbox 2266 4154 2365 4236; x_wconf 93' lang='lat' dir='ltr'>(L.</span> <span class='ocrx_word' id='word_1_319' title='bbox 2417 4154 2498 4236; x_wconf 87' lang='lat' dir='ltr'>c.)</span> 
     </span>
    </p>
   </div>
  </div>
 </body>
</html>
