3270 5028
367 3014 491 3066 Quae

368 3089 471 3130 prae
494 3077 558 3119 ica

496 3016 579 3058 stio

654 435 685 484 7
687 435 722 485 2
1382 431 1466 485 De
1501 429 1719 486 haeresi
1755 429 2235 518 Iconoclastarum.

652 577 784 637 ctos
826 572 900 638 in
944 592 1165 638 eorum
1210 570 1602 654 corporibus,
1648 568 1748 634 vel
1784 568 2007 652 potius
2041 568 2342 652 reliquiis
2384 589 2498 635 seu
2525 568 2720 634 etiam
2763 568 2955 635 vesti-

652 667 889 735 mentis
932 688 1338 748 veneremur,
1395 666 1500 732 illi
1542 687 1692 730 vero
1740 665 2029 748 parietes
2083 670 2144 731 et
2188 665 2447 732 tabulas
2492 666 2838 731 adorantes
2880 665 2957 732 in

653 785 729 831 ea
773 786 838 830 se
882 764 1292 831 arbitrentur
1323 783 1633 848 maynum
1668 762 1900 827 habere
1941 761 2093 843 fidei
2122 763 2634 828 emolumentum.
2682 813 2695 827 .
2743 813 2757 827 .
2803 762 2955 827 E'tsi

652 882 693 927 a
738 861 940 927 doctis
997 861 1356 945 quibusque
1412 860 1618 926 vitari
1660 858 1872 942 possit
1924 859 2040 926 hoc
2095 860 2263 943 quod
2315 859 2419 925 illi
2472 859 2545 925 in
2601 858 2960 925 adorandis

650 958 1054 1044 imaqinibus
1102 963 1426 1040 exercent,
1492 957 1605 1041 qui
1662 956 1955 1035 videlicet
2004 978 2136 1022 non
2199 955 2358 1040 quid
2410 956 2572 1037 sint,
2634 957 2744 1021 sed
2800 956 2962 1039 quid

649 1055 945 1122 innuunt
1009 1061 1442 1136 venerantur,
1516 1054 1795 1120 indoctis
1863 1058 2080 1119 tamen
2154 1052 2512 1137 quibusque
2577 1053 2960 1120 scandalum

645 1157 981 1236 qenerant,
1031 1152 1188 1235 quia
1228 1151 1401 1218 nihil
1431 1151 1617 1218 aliud
1659 1151 1734 1216 in
1761 1150 1866 1216 his
1898 1154 2166 1233 praeter
2212 1149 2282 1214 id
2313 1150 2482 1232 quod
2510 1150 2730 1216 vident
2771 1170 2955 1216 vene-

648 1254 893 1315 rantur
952 1253 1014 1314 et
1073 1249 1373 1315 adorant.
1433 1287 1520 1297 -—
1577 1248 1803 1328 Vides,
1873 1248 1994 1314 hoc
2055 1249 2192 1313 loco
2262 1251 2558 1313 auctores
2616 1249 2956 1313 Librorum

650 1345 1096 1412 Carolinorum
1150 1348 1232 1412 ob
1292 1348 1386 1411 rei
1433 1346 1823 1411 evidentiam
1869 1350 2121 1410 coactos
2177 1344 2372 1408 fuisse
2429 1366 2799 1430 agnoscere,
2854 1344 2954 1408 uti

647 1443 1086 1527 reliquiarum,
1131 1443 1226 1507 ita
1271 1447 1338 1507 et
1382 1464 1705 1507 sacrarum
1748 1442 2106 1526 imaginum
2142 1441 2383 1505 cultum
2428 1443 2770 1506 relativum
2814 1463 2962 1525 pos-

649 1540 901 1604 sibilem
957 1544 1023 1604 et
1078 1540 1325 1604 licitum
1372 1561 1524 1605 esse.
1621 1537 1747 1603 Sed
1800 1538 2234 1603 Orientalibus
2286 1537 2660 1602 adscribunt
2712 1538 2957 1602 cultum

650 1636 1046 1713 absolutum3
1103 1637 1383 1719 dumque
1430 1660 1468 1700 a
1513 1636 1715 1700 doctis
1760 1635 1934 1699 hunc
1980 1634 2206 1698 evitari
2258 1640 2325 1698 et
2377 1632 2721 1699 relativam
2766 1655 2954 1698 vene-

647 1732 963 1798 rationem
1012 1735 1092 1798 ab
1138 1732 1215 1796 iis
1261 1733 1574 1817 praestari
1630 1754 1815 1816 posse
1861 1731 2248 1809 admittunt,
2305 1737 2526 1795 tamen
2571 1730 2738 1795 hanc
2777 1753 2957 1813 sepo-

652 1829 930 1893 nendam
988 1851 1126 1893 esse
1181 1830 1530 1913 opinantur
1583 1830 1667 1894 ob
1721 1828 2093 1905 scandalum
2152 1827 2586 1894 multitudinis
2640 1827 2960 1907 indoctae,

651 1947 814 2010 quae
876 1927 1074 1991 talem
1141 1926 1616 1991 distinctionem
1684 1925 1938 2009 assequi
2011 1931 2309 2009 nequeat.
2414 1924 2603 1989 Unde
2671 1930 2959 2007 apparet,

651 2023 1110 2087 dissensionem
1171 2023 1562 2087 Francorum
1624 2022 1882 2086 demum
1948 2044 2080 2085 non
2145 2022 2458 2105 respicere
2522 2019 2957 2086 substantiam

650 2120 860 2184 cultus
914 2119 1288 2204 imaginum.
1379 2118 1505 2184 Sed
1563 2141 1643 2183 ex
1697 2142 1830 2183 una
1884 2124 2066 2202 parte
2115 2117 2581 2197 Orientalibus,
2645 2119 2797 2203 quia
2843 2117 2956 2182 do-

649 2217 925 2281 ctrinam
994 2238 1215 2281 eorum
1285 2218 1452 2280 male
1516 2215 1976 2280 intellexerant
2045 2218 2110 2279 et
2174 2238 2250 2279 ex
2320 2215 2728 2280 animositate
2793 2216 2957 2280 falso

648 2313 1274 2395 interpretabantur,
1331 2312 1656 2377 immerito
1711 2311 2043 2394 opiniones
2104 2333 2400 2376 erroneas
2460 2312 2831 2377 attribuunt
2892 2316 2959 2376 et

650 2400 896 2474 cultum
959 2409 1493 2492 superstitiosum.
1602 2408 1702 2471 Ex
1760 2410 1963 2472 altera
2022 2414 2206 2491 parte
2259 2410 2737 2474 venerationem
2792 2411 2957 2474 rela-

648 2508 848 2571 tivam
896 2513 963 2571 et
1013 2506 1378 2571 inferiorem
1430 2505 1784 2591 imaginum
1836 2505 2081 2570 habent
2124 2506 2224 2570 uti
2275 2506 2346 2571 in
2403 2528 2472 2571 se
2526 2496 2779 2591 quidem
2825 2507 2957 2571 lici—

649 2609 814 2682 tam,
861 2603 969 2669 sed
1015 2612 1089 2669 ut
1133 2603 1407 2687 practice
1455 2602 1872 2686 periculosam
1920 2607 1986 2667 et
2030 2603 2323 2667 fidelibus
2367 2602 2646 2668 indoctis
2687 2604 2958 2669 inacces-

648 2702 916 2767 sibilem.
1031 2699 1194 2765 Inde
1266 2703 1392 2776 est,
1470 2700 1640 2784 quod
1706 2705 1967 2764 tantum
2035 2700 2114 2763 ad
2179 2700 2673 2765 instructionem
2744 2705 2810 2765 et
2875 2700 2959 2764 ob

650 2820 927 2863 amorem
986 2819 1060 2862 ac
1109 2797 1479 2861 memoriam
1529 2795 1909 2862 Sanctorum
1974 2796 2380 2862 laudabiliter
2437 2797 2750 2883 imagines
2807 2819 2956 2862 con·

647 2893 886 2958 servari
936 2892 1360 2959 contendunt.

825 2991 929 3057 84.
994 2988 1121 3054 Sed
1183 2991 1310 3055 ista
1371 2990 1443 3054 in
1503 3011 1574 3053 re
1639 2986 1807 3053 Galli
1866 3010 1999 3053 non
2064 2993 2318 3055 tantum
2386 2994 2687 3054 errarunt
2748 2990 2958 3100 quoad

562 3108 573 3120 ·
632 3061 1000 3152 'doctrinam
1059 3087 1221 3152 falso
1271 3085 1713 3152 Orientalibus
1769 3084 2187 3169 adscriptam,
2240 3108 2461 3151 verum
2507 3087 2701 3151 etiam
2745 3087 2815 3150 in
2864 3086 2958 3150 al-

645 3188 785 3249 tera
837 3184 1214 3267 quaestione
1271 3183 1569 3267 practica.
1664 3180 1924 3245 Etenim
1985 3183 2220 3265 passim
2282 3182 2347 3246 id
2407 3183 2636 3248 accidit
2694 3187 2829 3247 tam
2886 3184 2955 3247 in

646 3281 1025 3345 veritatibus
1089 3280 1491 3362 speculativis
1549 3301 1741 3363 quam
1798 3279 1866 3342 in
1926 3279 2245 3344 exercitiis
2309 3280 2605 3363 practicis
2670 3280 2959 3363 pietatiS,

645 3379 718 3440 ut
762 3375 933 3441 docti
978 3375 1236 3460 quidem
1292 3378 1657 3441 attentione
1712 3375 2001 3439 adhibita
2059 3398 2132 3440 ac
2177 3398 2305 3441 non
2360 3376 2501 3440 sine
2556 3376 2773 3441 labore
2828 3376 2951 3440 ele-

645 3483 865 3537 menta
919 3473 1178 3557 singula
1234 3472 1642 3556 distinguant
1698 3478 1763 3536 et
1815 3473 2169 3537 scientifica
2223 3472 2470 3537 ratione
2530 3495 2665 3537 rem
2720 3474 2958 3556 perspi-

645 3569 821 3633 ciant
880 3573 1077 3652 atque
1137 3568 1540 3653 intelligant:
1605 3570 1755 3633 dum
1813 3568 2105 3634 homines
2164 3569 2441 3646 indocti,
2506 3570 2630 3634 fide
2693 3573 2759 3633 et
2816 3571 2956 3652 ipsa

644 3666 897 3731 ratione
944 3687 1103 3730 sana
1150 3663 1326 3746 duce,
1372 3665 1539 3749 quod
1584 3671 1831 3729 rectum
1880 3670 1946 3730 et
1986 3667 2233 3751 justum
2279 3672 2381 3730 est
2427 3687 2558 3729 non
2607 3665 2963 3730 difficulter

643 3763 1019 3847 attingunt,
1080 3762 1371 3845 quamvis
1418 3760 1591 3825 haud
1635 3761 1967 3842 distincte,
2022 3763 2131 3826 sed
2175 3766 2430 3826 tantum
2480 3763 2742 3828 confuse
2787 3784 2961 3847 quae

645 3858 726 3922 ad
773 3880 910 3922 rem
955 3859 1293 3942 pertinent
1349 3859 1767 3942 conspiciant.
1861 3860 2000 3924 Hoc
2047 3860 2244 3923 etiam
2289 3859 2357 3923 in
2406 3859 2583 3923 cultu
2627 3880 2955 3924 sacrarum

643 3955 997 4040 imaginum
1053 3956 1370 4023 usuvenit.
1461 3955 1651 4020 Certe
1695 3956 1842 4019 dum
1890 3956 2254 4020 idololatria
2298 3955 2504 4021 adhuc
2549 3956 2808 4040 vigebat
2851 3954 2956 4019 vel

645 4052 851 4116 multa
910 4053 1141 4117 saltem
1207 4054 1344 4137 ejus
1412 4053 1684 4136 vestigia
1745 4056 2154 4136 supererant,
2222 4052 2570 4135 periculum
2637 4051 2953 4135 quoddam

645 4155 813 4227 erat,
879 4171 961 4213 ne
1020 4157 1312 4213 recenter
1376 4148 1664 4214 conversi
1731 4146 2114 4224 Christiani,
2187 4149 2285 4212 uti
2346 4153 2541 4213 antea
2600 4148 2958 4213 simulacris
