3270 5028
315 2960 564 3004 Hadrianus

335 3022 543 3076 carpitur.

620 445 722 497 162
1141 441 1290 495 XIV.
1328 441 1410 495 De
1442 440 1602 495 civili
1641 441 1705 493 R.
1745 440 2029 495 Pontificis
2066 439 2390 508 principatu.

617 584 960 648 bardorum
1025 582 1392 667 Stephanus
1457 582 1793 665 improbat.
1865 618 1954 626 —
2022 582 2229 658 Quum
2289 603 2444 646 vero
2514 579 2926 664 Longobardi

619 681 779 745 adeo
834 681 1078 745 feroces
1127 685 1342 744 essent
1397 679 1713 764 Italisque
1769 700 1928 762 quos
1984 679 2437 762 opprimebant
2491 677 2713 755 invisi,
2767 697 2926 740 con-

617 782 874 858 suetum
929 779 1089 860 jam.
1129 780 1298 856 erat,
1367 783 1439 840 ut
1506 777 1841 859 despectus
1905 776 2077 839 illius
2138 775 2424 840 nationis
2488 775 2797 837 barbarae
2860 782 2925 837 et

618 874 864 937 aversio
940 874 1010 937 in
1075 896 1214 938 eam
1281 872 1546 956 adjectis
1622 873 2088 955 exprimeretur
2151 871 2479 955 epithetis,
2553 891 2717 954 quae
2785 870 2925 953 qui·

618 970 759 1034 dem
821 993 859 1034 a
919 971 1158 1034 nostris
1220 969 1500 1034 moribus
1561 969 1817 1034 dissona
1873 974 2055 1046 sunt,
2118 968 2228 1032 sed
2290 990 2365 1031 ea
2416 970 2633 1031 aetate
2683 965 2927 1031 rudiori

615 1089 750 1131 non
813 1073 999 1130 erant
1050 1067 1371 1131 seandalo.
1464 1065 1599 1131 Nec
1658 1067 1778 1131 soli
1836 1065 2274 1150 Longobardi,
2334 1065 2444 1129 sed
2505 1066 2700 1129 etiam
2760 1063 2924 1126 aliae

618 1163 912 1228 nationes
966 1163 1259 1228 infensae
1312 1168 1375 1228 et
1429 1164 1728 1229 inimicae
1774 1162 2087 1226 similibus
2141 1161 2440 1245 epithetis
2493 1161 2725 1244 passim
2785 1159 2922 1223 affi-

617 1258 1034 1342 ciebantur.¹)
1084 1297 1169 1306 --
1218 1263 1561 1325 Moverunt
1595 1260 1863 1344 'quidem
1912 1259 2355 1323 vehementius
2411 1259 2659 1342 aliquos
2707 1259 2922 1320 aucto-

616 1379 716 1420 res
761 1357 875 1422 illa
919 1356 1231 1441 Stephani
1280 1357 1503 1434 verba,
1562 1357 1794 1439 quibus
1850 1358 2093 1439 lepram
2150 1378 2187 1419 a
2232 1354 2677 1438 Longobardis
2738 1353 2924 1436 origi-

617 1475 766 1517 nem
811 1453 1048 1518 habere
1091 1455 1345 1536 asserit,
1394 1454 1487 1517 ita
1533 1459 1609 1517 ut
1656 1452 2052 1517 Muratorius
2093 1452 2570 1536 genuinitatem
2617 1450 2921 1533 epistolae

615 1550 700 1614 ob
749 1550 1142 1613 sententiam
1198 1550 1354 1614 adeo
1412 1551 1639 1614 miram
1696 1554 1762 1613 et
1818 1550 1899 1614 ob
1957 1551 2153 1613 talem
2213 1548 2654 1633 ignorantiam
2707 1546 2921 1630 singu·

615 1649 816 1710 larem
877 1647 946 1709 in
994 1647 1258 1710 dubium
1313 1648 1651 1710 vocaverit.
1756 1645 1883 1711 Sed
1944 1645 2283 1728 explicatio
2344 1645 2680 1728 aptissima
2734 1643 2924 1727 hujus

617 1743 992 1807 assertionis
1038 1766 1171 1807 non
1209 1743 1419 1808 deest.
1512 1743 1858 1808 Exstitisse
1905 1743 2081 1806 inter
2125 1732 2585 1826 Longobardos
2632 1741 2923 1816 morbum

618 1838 954 1922 quemdam
1016 1841 1356 1923 specialem
1418 1841 1529 1925 qui
1584 1842 1800 1924 leprae
1864 1840 2123 1904 nomine
2192 1838 2681 1923 designabatur,
2746 1838 2924 1902 colli·

617 1934 797 2018 gitur
842 1957 918 1998 ex
967 1959 1201 2001 eorum·
1227 1938 1497 2022 legibus,
1543 1960 1616 2002 ac
1661 1938 2047 2001 nominatim
2093 1958 2171 2000 ex
2205 1936 2511 2000 Rotharis
2560 1937 2703 2019 lege
2756 1934 2921 2008 176⁸,

617 2053 745 2114 qua
789 2031 1174 2116 declaratur,
1228 2035 1546 2118 leprosum
1606 2057 1641 2098 e
1687 2034 1991 2099 societate
2048 2035 2379 2116 expulsum
2437 2033 2713 2099 civiliter
2757 2053 2920 2095 mor-

617 2133 800 2191 tuum
849 2149 1015 2211 esse,
1068 2130 1178 2192 sed
1229 2153 1306 2193 ex
1354 2130 1623 2194 caritate
1671 2129 2164 2194 sustentandum
2221 2150 2297 2191 ex
2344 2129 2475 2192 suis
2516 2128 2719 2192 bonis.
2813 2126 2920 2190 Di-

617 2225 805 2309 xeris,
855 2247 1054 2308 quum
1101 2227 1411 2311 ejusmodi
1457 2227 1715 2290 morbus
1756 2231 1909 2291 ante
1940 2224 2510 2309 Longobardorum
2555 2227 2624 2288 in
2660 2222 2918 2287 Italiam

616 2322 964 2386 adventum
1019 2323 1109 2387 ibi
1168 2324 1430 2407 ignotus
1493 2316 1747 2401 fuisset,
1809 2323 2009 2387 Italos
2069 2323 2218 2386 huic
2277 2322 2526 2387 nationi
2582 2326 2795 2384 ortum
2856 2324 2923 2383 et

614 2418 1160 2484 introductionem
1207 2421 1399 2505 hujus
1445 2422 1674 2506 plagae
1720 2417 2101 2503 tribuisse.²)

791 2570 896 2633 90.
960 2569 1183 2633 Etiam
1245 2569 1618 2656 Hadrianus
1682 2570 1992 2650 Pontifex
2043 2593 2091 2638 a
2151 2569 2343 2633 variis
2411 2568 2774 2633 auctoribus
2840 2567 2920 2628 ob

613 2666 899 2731 diversas
952 2666 1239 2750 carpitur
1272 2659 1608 2745 rati0nes,
1667 2668 1972 2747 maxime,
2030 2666 2199 2750 quod
2255 2666 2522 2729 nimium
2582 2663 2924 2747 appetierit

617 2768 684 2827 et
738 2766 1106 2846 prosecutus
1159 2763 1246 2827 sit
1303 2764 1702 2848 principatus
1758 2764 1962 2828 civilis
2019 2762 2600 2846 amplificationem.
2699 2759 2920 2844 Ipsum

616 2860 893 2943 primum
937 2881 1125 2923 usum
1170 2859 1366 2923 fuisse
1412 2861 1481 2924 in
1529 2883 1675 2924 eum
1732 2882 1992 2943 scopum
2038 2861 2310 2925 conficta
2363 2856 2709 2940 donatione
2758 2855 2922 2921 Con-

618 2954 927 3035 stantini,
989 2956 1271 3020 advertit
1315 2954 1605 3041 Sybe133)
1666 2958 1773 3021 sed
1836 2957 1915 3021 de
1972 2957 2090 3022 hac
2150 2958 2497 3022 donatione
2548 2955 2701 3019 alibi
2746 2976 2923 3019 accu-

617 3054 817 3118 ratius
877 3075 1164 3138 agemuS.
1272 3050 1575 3117 Generali
1633 3055 1884 3119 ratione
1950 3054 2237 3117 Martens
2294 3052 2657 3133 contendit,
2727 3071 2921 3144 exag-

616 3152 838 3235 gerata
905 3171 1039 3213 esse
1107 3172 1270 3233 quae
1340 3150 1418 3214 de
1482 3150 1800 3216 Hadriani
1865 3152 2210 3215 virtutibus
2282 3172 2354 3214 ac
2416 3149 2493 3212 de
2558 3150 2695 3232 ejus
2768 3169 2921 3231 pru-

616 3231 836 3310 debtia
895 3246 1226 3321 dicuntum
1302 3247 1840 3332 vehementiorem
1899 3247 2097 3310 fuisse
2153 3248 2291 3329 ejus
2354 3246 2608 3310 modum
2670 3243 2921 3328 agendi,

617 3345 684 3405 et
731 3342 940 3406 varias
984 3342 1136 3405 inde
1182 3342 1608 3406 dissensiones
1655 3365 1797 3407 cum
1846 3342 2074 3408 Carolo
2106 3341 2193 3407 M.
2243 3343 2629 3426 provenisse.
2707 3338 2922 3422 Quum

617 3460 767 3503 vero
834 3438 912 3501 de
981 3440 1160 3502 cultu
1233 3440 1590 3523 imaginum
1659 3462 1732 3503 ac
1795 3440 1872 3504 de
1937 3439 2221 3504 Concilio
2292 3439 2580 3504 Nicaeno
2648 3437 2921 3503 secundo

617 3536 825 3619 major
865 3533 1177 3600 discordia
1225 3535 1529 3614 oriretur,
1599 3541 1665 3602 et
1712 3537 1974 3602 Carolus
2023 3536 2104 3603 M.
2161 3538 2580 3621 postulasset,
2632 3540 2708 3599 ut
2752 3534 2919 3598 Pon-

798 3777 839 3843 ι)
879 3776 985 3831 Cfr.
1023 3778 1307 3845 Manzoni,
1354 3779 1614 3833 Discorso
1662 3780 1862 3834 storico
1895 3795 2072 3847 ⁴sopra
2117 3780 2297 3834 alcuni
2340 3779 2499 3847 punti
2547 3780 2691 3834 della
2740 3777 2923 3833 Storia

616 3857 1030 3926 Longobardica
1073 3857 1132 3911 in
1166 3858 1358 3923 Italia,
1407 3858 1536 3926 Cap.
1583 3858 1657 3911 H.
1704 3889 1772 3896 —
1822 3858 2025 3925 Troya,
2072 3858 2268 3913 Codice
2318 3858 2667 3928 diplomatico
2705 3857 2923 3926 Longo·

616 3936 788 3989 bardo
834 3953 886 3989 n.
924 3935 1352 3990 DCCCCXXXI.
1401 3964 1466 3973 —
1513 3937 1837 4005 Brunengo,
1882 3936 2140 3991 L'ultimo
2187 3938 2274 3991 dei
2320 3954 2379 3993 re
2416 3937 2785 4007 Longebardi,
2833 3936 2921 3990 Ci-

619 4015 761 4068 vilta
800 4015 988 4069 cattol.
1026 4014 1135 4070 Ser.
1165 4015 1231 4069 V.
1268 4016 1391 4070 Vol.
1416 4016 1482 4069 V.
1520 4031 1571 4083 p.
1611 4018 1715 4069 398
1753 4016 1955 4084 (1863).

795 4092 840 4160 ²)
875 4094 942 4147 V.
979 4094 1237 4148 Manzoni
1272 4095 1308 4149 l.
1347 4111 1409 4159 c.,
1448 4093 1656 4148 Civilta
1695 4095 1881 4149 cattol.
1920 4095 1955 4147 l.
1996 4111 2038 4147 c.
2076 4111 2129 4163 p.
2168 4098 2270 4148 393
2306 4101 2452 4149 nota.

791 4171 837 4241 ⁸)
874 4173 937 4225 L.
978 4190 1023 4226 c.
1060 4189 1147 4241 pp.
1189 4177 1271 4228 76.
1311 4177 1394 4227 83.
