<?xml version="1.0" encoding="UTF-8"?>
<!DOCTYPE html PUBLIC "-//W3C//DTD XHTML 1.0 Transitional//EN"
    "http://www.w3.org/TR/xhtml1/DTD/xhtml1-transitional.dtd">
<html xmlns="http://www.w3.org/1999/xhtml" xml:lang="en" lang="en">
 <head>
  <title>
</title>
<meta http-equiv="Content-Type" content="text/html;charset=utf-8" />
  <meta name='ocr-system' content='tesseract 3.04.00' />
  <meta name='ocr-capabilities' content='ocr_page ocr_carea ocr_par ocr_line ocrx_word'/>
</head>
<body>
  <div class='ocr_page' id='page_1' title='image "./dissertationess04junggoog_0123.png"; bbox 0 0 3270 5028; ppageno 0'>
   <div class='ocr_carea' id='block_1_1' title="bbox 894 392 2643 504">
    <p class='ocr_par' dir='ltr' id='par_1_1' title="bbox 894 392 2643 504">
     <span class='ocr_line' id='line_1_1' title="bbox 894 392 2643 504; baseline 0.003 -17"><span class='ocrx_word' id='word_1_1' title='bbox 894 434 1150 490; x_wconf 85' lang='lat' dir='ltr'>Elevatio</span> <span class='ocrx_word' id='word_1_2' title='bbox 1185 435 1367 503; x_wconf 88' lang='lat' dir='ltr'>Pipini</span> <span class='ocrx_word' id='word_1_3' title='bbox 1406 434 1464 490; x_wconf 90' lang='lat' dir='ltr'>in</span> <span class='ocrx_word' id='word_1_4' title='bbox 1501 452 1690 504; x_wconf 87' lang='lat' dir='ltr'>regem</span> <span class='ocrx_word' id='word_1_5' title='bbox 1724 392 2070 491; x_wconf 38' lang='lat' dir='ltr'>araneorum.</span> <span class='ocrx_word' id='word_1_6' title='bbox 2542 442 2643 494; x_wconf 90' lang='lat'>117</span> 
     </span>
    </p>
   </div>
   <div class='ocr_carea' id='block_1_2' title="bbox 330 574 2645 1817">
    <p class='ocr_par' dir='ltr' id='par_1_2' title="bbox 330 574 2645 1817">
     <span class='ocr_line' id='line_1_2' title="bbox 334 574 2640 662; baseline 0.003 -24"><span class='ocrx_word' id='word_1_7' title='bbox 334 576 606 639; x_wconf 87' lang='lat' dir='ltr'>nalistae</span> <span class='ocrx_word' id='word_1_8' title='bbox 667 576 1089 659; x_wconf 88' lang='lat' dir='ltr'>scriptoresve</span> <span class='ocrx_word' id='word_1_9' title='bbox 1146 577 1264 641; x_wconf 91' lang='lat' dir='ltr'>soli</span> <span class='ocrx_word' id='word_1_10' title='bbox 1321 574 1655 661; x_wconf 87' lang='lat' dir='ltr'>Stephano</span> <span class='ocrx_word' id='word_1_11' title='bbox 1718 579 2228 662; x_wconf 76' lang='lat' dir='ltr'>cooperationem</span> <span class='ocrx_word' id='word_1_12' title='bbox 2289 580 2370 644; x_wconf 90' lang='lat' dir='ltr'>ad</span> <span class='ocrx_word' id='word_1_13' title='bbox 2434 582 2640 646; x_wconf 89' lang='lat' dir='ltr'>eleva-</span> 
     </span>
     <span class='ocr_line' id='line_1_3' title="bbox 337 671 2643 756; baseline 0.002 -20"><span class='ocrx_word' id='word_1_14' title='bbox 337 671 581 736; x_wconf 89' lang='lat' dir='ltr'>tionem</span> <span class='ocrx_word' id='word_1_15' title='bbox 637 671 857 756; x_wconf 90' lang='lat' dir='ltr'>Pipini</span> <span class='ocrx_word' id='word_1_16' title='bbox 917 695 1029 756; x_wconf 92' lang='lat' dir='ltr'>per</span> <span class='ocrx_word' id='word_1_17' title='bbox 1090 673 1228 755; x_wconf 87' lang='lat' dir='ltr'>ejus</span> <span class='ocrx_word' id='word_1_18' title='bbox 1285 675 1768 739; x_wconf 79' lang='lat' dir='ltr'>coronationem</span> <span class='ocrx_word' id='word_1_19' title='bbox 1824 675 2225 752; x_wconf 90' lang='lat' dir='ltr'>adscribunt,</span> <span class='ocrx_word' id='word_1_20' title='bbox 2288 676 2391 739; x_wconf 91' lang='lat' dir='ltr'>vel</span> <span class='ocrx_word' id='word_1_21' title='bbox 2445 678 2643 741; x_wconf 90' lang='lat' dir='ltr'>etiam</span> 
     </span>
     <span class='ocr_line' id='line_1_4' title="bbox 332 767 2642 861; baseline 0.003 -30"><span class='ocrx_word' id='word_1_22' title='bbox 332 768 612 844; x_wconf 84' lang='lat' dir='ltr'>addunt,</span> <span class='ocrx_word' id='word_1_23' title='bbox 679 791 717 832; x_wconf 92' lang='lat' dir='ltr'>a</span> <span class='ocrx_word' id='word_1_24' title='bbox 781 767 1113 861; x_wconf 85' lang='lat' dir='ltr'>Stephano</span> <span class='ocrx_word' id='word_1_25' title='bbox 1175 767 1541 833; x_wconf 78' lang='lat' dir='ltr'>absolutum</span> <span class='ocrx_word' id='word_1_26' title='bbox 1601 770 1798 834; x_wconf 82' lang='lat' dir='ltr'>fuisse</span> <span class='ocrx_word' id='word_1_27' title='bbox 1852 769 2152 854; x_wconf 88' lang='lat' dir='ltr'>Pipinum</span> <span class='ocrx_word' id='word_1_28' title='bbox 2209 773 2291 837; x_wconf 92' lang='lat' dir='ltr'>ob</span> <span class='ocrx_word' id='word_1_29' title='bbox 2338 772 2642 838; x_wconf 84' lang='lat' dir='ltr'>violatam</span> 
     </span>
     <span class='ocr_line' id='line_1_5' title="bbox 330 817 2645 950; baseline 0.002 -22"><span class='ocrx_word' id='word_1_30' title='bbox 330 885 489 948; x_wconf 89' lang='lat' dir='ltr'>erga</span> <span class='ocrx_word' id='word_1_31' title='bbox 551 817 978 930; x_wconf 88' lang='lat' dir='ltr'>Childericum</span> <span class='ocrx_word' id='word_1_32' title='bbox 1039 866 1437 930; x_wconf 89' lang='lat' dir='ltr'>fidelitatem.</span> <span class='ocrx_word' id='word_1_33' title='bbox 1548 866 1917 950; x_wconf 73' lang='lat' dir='ltr'>Stephanus</span> <span class='ocrx_word' id='word_1_34' title='bbox 1979 868 2285 933; x_wconf 87' lang='lat' dir='ltr'>unctione</span> <span class='ocrx_word' id='word_1_35' title='bbox 2343 872 2412 933; x_wconf 92' lang='lat' dir='ltr'>et</span> <span class='ocrx_word' id='word_1_36' title='bbox 2467 891 2645 934; x_wconf 90' lang='lat' dir='ltr'>coro-</span> 
     </span>
     <span class='ocr_line' id='line_1_6' title="bbox 335 961 2641 1050; baseline 0.002 -26"><span class='ocrx_word' id='word_1_37' title='bbox 335 962 597 1026; x_wconf 90' lang='lat' dir='ltr'>natione</span> <span class='ocrx_word' id='word_1_38' title='bbox 661 962 933 1027; x_wconf 86' lang='lat' dir='ltr'>solemni</span> <span class='ocrx_word' id='word_1_39' title='bbox 996 983 1070 1026; x_wconf 89' lang='lat' dir='ltr'>ac</span> <span class='ocrx_word' id='word_1_40' title='bbox 1133 961 1388 1044; x_wconf 91' lang='lat' dir='ltr'>publica</span> <span class='ocrx_word' id='word_1_41' title='bbox 1453 963 1874 1028; x_wconf 76' lang='lat' dir='ltr'>elevationem</span> <span class='ocrx_word' id='word_1_42' title='bbox 1939 963 2160 1048; x_wconf 90' lang='lat' dir='ltr'>Pipini</span> <span class='ocrx_word' id='word_1_43' title='bbox 2225 965 2303 1028; x_wconf 93' lang='lat' dir='ltr'>ad</span> <span class='ocrx_word' id='word_1_44' title='bbox 2370 987 2641 1050; x_wconf 90' lang='lat' dir='ltr'>regnum</span> 
     </span>
     <span class='ocr_line' id='line_1_7' title="bbox 332 1058 2643 1144; baseline 0.002 -23"><span class='ocrx_word' id='word_1_45' title='bbox 332 1058 707 1140; x_wconf 85' lang='lat' dir='ltr'>complevit;</span> <span class='ocrx_word' id='word_1_46' title='bbox 769 1059 926 1123; x_wconf 92' lang='lat' dir='ltr'>haec</span> <span class='ocrx_word' id='word_1_47' title='bbox 987 1059 1283 1123; x_wconf 88' lang='lat' dir='ltr'>omnibus</span> <span class='ocrx_word' id='word_1_48' title='bbox 1346 1060 1548 1144; x_wconf 86' lang='lat' dir='ltr'>magis</span> <span class='ocrx_word' id='word_1_49' title='bbox 1594 1063 1753 1124; x_wconf 90' lang='lat' dir='ltr'>nota</span> <span class='ocrx_word' id='word_1_50' title='bbox 1804 1068 2021 1137; x_wconf 89' lang='lat' dir='ltr'>erant,</span> <span class='ocrx_word' id='word_1_51' title='bbox 2085 1066 2280 1144; x_wconf 88' lang='lat' dir='ltr'>atque</span> <span class='ocrx_word' id='word_1_52' title='bbox 2335 1066 2408 1125; x_wconf 91' lang='lat' dir='ltr'>ut</span> <span class='ocrx_word' id='word_1_53' title='bbox 2462 1066 2643 1127; x_wconf 89' lang='lat' dir='ltr'>actus</span> 
     </span>
     <span class='ocr_line' id='line_1_8' title="bbox 337 1155 2643 1240; baseline 0.002 -22"><span class='ocrx_word' id='word_1_54' title='bbox 337 1155 573 1238; x_wconf 84' lang='lat' dir='ltr'>publici</span> <span class='ocrx_word' id='word_1_55' title='bbox 618 1160 683 1219; x_wconf 96' lang='lat' dir='ltr'>et</span> <span class='ocrx_word' id='word_1_56' title='bbox 726 1155 1043 1219; x_wconf 82' lang='lat' dir='ltr'>solemnes</span> <span class='ocrx_word' id='word_1_57' title='bbox 1090 1156 1350 1240; x_wconf 87' lang='lat' dir='ltr'>majoris</span> <span class='ocrx_word' id='word_1_58' title='bbox 1395 1156 1707 1221; x_wconf 89' lang='lat' dir='ltr'>momenti</span> <span class='ocrx_word' id='word_1_59' title='bbox 1751 1155 2192 1233; x_wconf 85' lang='lat' dir='ltr'>habebantur,</span> <span class='ocrx_word' id='word_1_60' title='bbox 2249 1177 2444 1240; x_wconf 91' lang='lat' dir='ltr'>quam</span> <span class='ocrx_word' id='word_1_61' title='bbox 2488 1180 2643 1223; x_wconf 90' lang='lat' dir='ltr'>con-</span> 
     </span>
     <span class='ocr_line' id='line_1_9' title="bbox 331 1251 2644 1336; baseline 0.001 -22"><span class='ocrx_word' id='word_1_62' title='bbox 331 1251 602 1315; x_wconf 89' lang='lat' dir='ltr'>sultatio</span> <span class='ocrx_word' id='word_1_63' title='bbox 673 1251 1015 1316; x_wconf 85' lang='lat' dir='ltr'>Zachariae</span> <span class='ocrx_word' id='word_1_64' title='bbox 1080 1252 1272 1316; x_wconf 89' lang='lat' dir='ltr'>facta.</span> <span class='ocrx_word' id='word_1_65' title='bbox 1374 1251 1709 1317; x_wconf 87' lang='lat' dir='ltr'>Pontificis</span> <span class='ocrx_word' id='word_1_66' title='bbox 1776 1274 1964 1336; x_wconf 88' lang='lat' dir='ltr'>porro</span> <span class='ocrx_word' id='word_1_67' title='bbox 2038 1255 2259 1319; x_wconf 90' lang='lat' dir='ltr'>unctio</span> <span class='ocrx_word' id='word_1_68' title='bbox 2327 1275 2505 1318; x_wconf 89' lang='lat' dir='ltr'>sacra</span> <span class='ocrx_word' id='word_1_69' title='bbox 2566 1258 2644 1317; x_wconf 92' lang='lat' dir='ltr'>ut</span> 
     </span>
     <span class='ocr_line' id='line_1_10' title="bbox 330 1344 2644 1435; baseline 0.001 -24"><span class='ocrx_word' id='word_1_70' title='bbox 330 1344 583 1433; x_wconf 58' lang='lat' dir='ltr'>sanctg‘o</span> <span class='ocrx_word' id='word_1_71' title='bbox 630 1349 815 1432; x_wconf 84' lang='lat' dir='ltr'>regni</span> <span class='ocrx_word' id='word_1_72' title='bbox 842 1348 1159 1435; x_wconf 20' lang='lat' dir='ltr'>*acquisiti</span> <span class='ocrx_word' id='word_1_73' title='bbox 1205 1349 1762 1425; x_wconf 80' lang='lat' dir='ltr'>considerabatur3</span> <span class='ocrx_word' id='word_1_74' title='bbox 1816 1350 1983 1414; x_wconf 90' lang='lat' dir='ltr'>unde</span> <span class='ocrx_word' id='word_1_75' title='bbox 2029 1351 2123 1415; x_wconf 90' lang='lat' dir='ltr'>illi</span> <span class='ocrx_word' id='word_1_76' title='bbox 2171 1351 2403 1435; x_wconf 87' lang='lat' dir='ltr'>quibus</span> <span class='ocrx_word' id='word_1_77' title='bbox 2449 1349 2644 1414; x_wconf 89' lang='lat' dir='ltr'>dubia</span> 
     </span>
     <span class='ocr_line' id='line_1_11' title="bbox 332 1443 2643 1531; baseline 0.001 -24"><span class='ocrx_word' id='word_1_78' title='bbox 332 1443 648 1527; x_wconf 86' lang='lat' dir='ltr'>quaedam</span> <span class='ocrx_word' id='word_1_79' title='bbox 715 1444 1140 1510; x_wconf 86' lang='lat' dir='ltr'>inhaerebant</span> <span class='ocrx_word' id='word_1_80' title='bbox 1210 1446 1286 1512; x_wconf 90' lang='lat' dir='ltr'>de</span> <span class='ocrx_word' id='word_1_81' title='bbox 1349 1446 1761 1530; x_wconf 86' lang='lat' dir='ltr'>legitimitate</span> <span class='ocrx_word' id='word_1_82' title='bbox 1830 1447 2242 1531; x_wconf 85' lang='lat' dir='ltr'>depositionis</span> <span class='ocrx_word' id='word_1_83' title='bbox 2303 1445 2643 1512; x_wconf 86' lang='lat' dir='ltr'>Childerici</span> 
     </span>
     <span class='ocr_line' id='line_1_12' title="bbox 335 1538 2642 1627; baseline 0.002 -24"><span class='ocrx_word' id='word_1_84' title='bbox 335 1561 449 1624; x_wconf 92' lang='lat' dir='ltr'>per</span> <span class='ocrx_word' id='word_1_85' title='bbox 505 1561 800 1624; x_wconf 89' lang='lat' dir='ltr'>proceres</span> <span class='ocrx_word' id='word_1_86' title='bbox 849 1538 1281 1619; x_wconf 81' lang='lat' dir='ltr'>Francorum,</span> <span class='ocrx_word' id='word_1_87' title='bbox 1338 1543 1524 1606; x_wconf 85' lang='lat' dir='ltr'>facile</span> <span class='ocrx_word' id='word_1_88' title='bbox 1581 1543 1651 1607; x_wconf 91' lang='lat' dir='ltr'>in</span> <span class='ocrx_word' id='word_1_89' title='bbox 1709 1543 1959 1607; x_wconf 89' lang='lat' dir='ltr'>actibus</span> <span class='ocrx_word' id='word_1_90' title='bbox 2003 1541 2314 1627; x_wconf 85' lang='lat' dir='ltr'>Stephani</span> <span class='ocrx_word' id='word_1_91' title='bbox 2367 1545 2469 1608; x_wconf 92' lang='lat' dir='ltr'>vel</span> <span class='ocrx_word' id='word_1_92' title='bbox 2525 1545 2642 1608; x_wconf 92' lang='lat' dir='ltr'>im-</span> 
     </span>
     <span class='ocr_line' id='line_1_13' title="bbox 336 1636 2643 1720; baseline 0.002 -20"><span class='ocrx_word' id='word_1_93' title='bbox 336 1637 617 1720; x_wconf 90' lang='lat' dir='ltr'>plicitam</span> <span class='ocrx_word' id='word_1_94' title='bbox 677 1637 775 1700; x_wconf 91' lang='lat' dir='ltr'>vel</span> <span class='ocrx_word' id='word_1_95' title='bbox 829 1636 1198 1719; x_wconf 86' lang='lat' dir='ltr'>explicitam</span> <span class='ocrx_word' id='word_1_96' title='bbox 1254 1638 1721 1703; x_wconf 84' lang='lat' dir='ltr'>absolutionem</span> <span class='ocrx_word' id='word_1_97' title='bbox 1778 1640 2051 1704; x_wconf 87' lang='lat' dir='ltr'>violatae</span> <span class='ocrx_word' id='word_1_98' title='bbox 2106 1640 2434 1704; x_wconf 87' lang='lat' dir='ltr'>fidelitatis</span> <span class='ocrx_word' id='word_1_99' title='bbox 2495 1662 2643 1704; x_wconf 92' lang='lat' dir='ltr'>con-</span> 
     </span>
     <span class='ocr_line' id='line_1_14' title="bbox 333 1733 683 1817; baseline 0 -21"><span class='ocrx_word' id='word_1_100' title='bbox 333 1733 683 1817; x_wconf 88' lang='lat' dir='ltr'>cipiebant.</span> 
     </span>
    </p>
   </div>
   <div class='ocr_carea' id='block_1_3' title="bbox 329 1871 2974 3406">
    <p class='ocr_par' dir='ltr' id='par_1_3' title="bbox 329 1871 2974 3406">
     <span class='ocr_line' id='line_1_15' title="bbox 513 1871 2974 1958; baseline 0.002 -22"><span class='ocrx_word' id='word_1_101' title='bbox 513 1874 619 1938; x_wconf 89' lang='grc'>41.</span> <span class='ocrx_word' id='word_1_102' title='bbox 678 1871 869 1937; x_wconf 91' lang='lat' dir='ltr'>Modo</span> <span class='ocrx_word' id='word_1_103' title='bbox 918 1873 1055 1955; x_wconf 85' lang='lat' dir='ltr'>jam</span> <span class='ocrx_word' id='word_1_104' title='bbox 1115 1874 1552 1938; x_wconf 85' lang='lat' dir='ltr'>examinemus</span> <span class='ocrx_word' id='word_1_105' title='bbox 1606 1872 1888 1938; x_wconf 77' lang='lat' dir='ltr'>indolem</span> <span class='ocrx_word' id='word_1_106' title='bbox 1932 1875 2369 1958; x_wconf 88' lang='lat' dir='ltr'>responsionis</span> <span class='ocrx_word' id='word_1_107' title='bbox 2417 1874 2480 1939; x_wconf 83' lang='lat' dir='ltr'>S.</span> <span class='ocrx_word' id='word_1_108' title='bbox 2531 1876 2835 1957; x_wconf 69' lang='lat' dir='ltr'>Za·R051¹¹1›0</span> <span class='ocrx_word' id='word_1_109' title='bbox 2837 1885 2974 1928; x_wconf 70' lang='lat' dir='ltr'>sionis</span> 
     </span>
     <span class='ocr_line' id='line_1_16' title="bbox 332 1945 2907 2056; baseline 0.001 -22"><span class='ocrx_word' id='word_1_110' title='bbox 332 1971 611 2035; x_wconf 88' lang='lat' dir='ltr'>chariae.</span> <span class='ocrx_word' id='word_1_111' title='bbox 704 1972 880 2038; x_wconf 87' lang='lat' dir='ltr'>Haec</span> <span class='ocrx_word' id='word_1_112' title='bbox 924 1970 1169 2034; x_wconf 89' lang='lat' dir='ltr'>indoles</span> <span class='ocrx_word' id='word_1_113' title='bbox 1215 1993 1348 2036; x_wconf 91' lang='lat' dir='ltr'>non</span> <span class='ocrx_word' id='word_1_114' title='bbox 1395 1993 1432 2034; x_wconf 91' lang='lat' dir='ltr'>a</span> <span class='ocrx_word' id='word_1_115' title='bbox 1477 1971 1672 2054; x_wconf 90' lang='lat' dir='ltr'>priori</span> <span class='ocrx_word' id='word_1_116' title='bbox 1608 1952 2211 2036; x_wconf 89' lang='lat' dir='ltr'>determinanda</span> <span class='ocrx_word' id='word_1_117' title='bbox 2253 1976 2381 2048; x_wconf 88' lang='lat' dir='ltr'>est,</span> <span class='ocrx_word' id='word_1_118' title='bbox 2430 1995 2641 2056; x_wconf 88' lang='lat' dir='ltr'>neque</span> <span class='ocrx_word' id='word_1_119' title='bbox 2721 1945 2824 1988; x_wconf 60' lang='lat'>&#39;¹¹⁰⁶</span> <span class='ocrx_word' id='word_1_120' title='bbox 2825 1946 2907 1989; x_wconf 74' lang='lat'>¹⁰⁸</span> 
     </span>
     <span class='ocr_line' id='line_1_17' title="bbox 335 2067 2639 2154; baseline 0.001 -23"><span class='ocrx_word' id='word_1_121' title='bbox 335 2089 414 2131; x_wconf 88' lang='lat' dir='ltr'>ex</span> <span class='ocrx_word' id='word_1_122' title='bbox 461 2069 597 2132; x_wconf 91' lang='lat' dir='ltr'>solo</span> <span class='ocrx_word' id='word_1_123' title='bbox 644 2090 832 2133; x_wconf 91' lang='lat' dir='ltr'>sensu</span> <span class='ocrx_word' id='word_1_124' title='bbox 877 2067 1342 2154; x_wconf 83' lang='lat' dir='ltr'>grammaticali</span> <span class='ocrx_word' id='word_1_125' title='bbox 1391 2067 1762 2146; x_wconf 87' lang='lat' dir='ltr'>verborum,</span> <span class='ocrx_word' id='word_1_126' title='bbox 1822 2068 1932 2133; x_wconf 89' lang='lat' dir='ltr'>sed</span> <span class='ocrx_word' id='word_1_127' title='bbox 1977 2069 2253 2132; x_wconf 86' lang='lat' dir='ltr'>maxime</span> <span class='ocrx_word' id='word_1_128' title='bbox 2298 2068 2639 2134; x_wconf 90' lang='lat' dir='ltr'>adverten-</span> 
     </span>
     <span class='ocr_line' id='line_1_18' title="bbox 330 2163 2640 2257; baseline 0.003 -32"><span class='ocrx_word' id='word_1_129' title='bbox 330 2163 510 2245; x_wconf 86' lang='lat' dir='ltr'>dum,</span> <span class='ocrx_word' id='word_1_130' title='bbox 552 2166 821 2257; x_wconf 82' lang='lat' dir='ltr'>qualem</span> <span class='ocrx_word' id='word_1_131' title='bbox 857 2187 1112 2245; x_wconf 82' lang='lat' dir='ltr'>sensum</span> <span class='ocrx_word' id='word_1_132' title='bbox 1160 2169 1298 2227; x_wconf 93' lang='lat' dir='ltr'>tum</span> <span class='ocrx_word' id='word_1_133' title='bbox 1342 2165 1554 2229; x_wconf 86' lang='lat' dir='ltr'>coaevi</span> <span class='ocrx_word' id='word_1_134' title='bbox 1601 2169 1739 2228; x_wconf 86' lang='lat' dir='ltr'>tum</span> <span class='ocrx_word' id='word_1_135' title='bbox 1787 2164 2252 2248; x_wconf 87' lang='lat' dir='ltr'>subsequentes</span> <span class='ocrx_word' id='word_1_136' title='bbox 2297 2166 2640 2251; x_wconf 84' lang='lat' dir='ltr'>scriptores</span> 
     </span>
     <span class='ocr_line' id='line_1_19' title="bbox 336 2259 2639 2345; baseline 0.001 -20"><span class='ocrx_word' id='word_1_137' title='bbox 336 2260 669 2326; x_wconf 89' lang='lat' dir='ltr'>Pontificis</span> <span class='ocrx_word' id='word_1_138' title='bbox 715 2283 1022 2345; x_wconf 88' lang='lat' dir='ltr'>responso</span> <span class='ocrx_word' id='word_1_139' title='bbox 1067 2261 1434 2324; x_wconf 89' lang='lat' dir='ltr'>tribuerint.</span> <span class='ocrx_word' id='word_1_140' title='bbox 1525 2259 1674 2324; x_wconf 90' lang='lat' dir='ltr'>Jam</span> <span class='ocrx_word' id='word_1_141' title='bbox 1723 2282 1892 2336; x_wconf 81' lang='lat' dir='ltr'>vem,</span> <span class='ocrx_word' id='word_1_142' title='bbox 1937 2262 1991 2325; x_wconf 91' lang='lat' dir='ltr'>si</span> <span class='ocrx_word' id='word_1_143' title='bbox 2039 2261 2194 2325; x_wconf 92' lang='lat' dir='ltr'>haec</span> <span class='ocrx_word' id='word_1_144' title='bbox 2239 2284 2392 2345; x_wconf 88' lang='lat' dir='ltr'>prae</span> <span class='ocrx_word' id='word_1_145' title='bbox 2438 2263 2639 2328; x_wconf 87' lang='lat' dir='ltr'>oculis</span> 
     </span>
     <span class='ocr_line' id='line_1_20' title="bbox 334 2355 2692 2481; baseline 0.002 -62"><span class='ocrx_word' id='word_1_146' title='bbox 334 2356 676 2434; x_wconf 87' lang='lat' dir='ltr'>habentur,</span> <span class='ocrx_word' id='word_1_147' title='bbox 721 2359 1062 2442; x_wconf 85' lang='lat' dir='ltr'>colligitur,</span> <span class='ocrx_word' id='word_1_148' title='bbox 1112 2355 1489 2420; x_wconf 90' lang='lat' dir='ltr'>Pontificem</span> <span class='ocrx_word' id='word_1_149' title='bbox 1537 2377 1656 2421; x_wconf 92' lang='lat' dir='ltr'>nec</span> <span class='ocrx_word' id='word_1_150' title='bbox 1701 2356 2048 2421; x_wconf 85' lang='lat' dir='ltr'>declinasse</span> <span class='ocrx_word' id='word_1_151' title='bbox 2092 2358 2474 2423; x_wconf 89' lang='lat' dir='ltr'>solutionem</span> <span class='ocrx_word' id='word_1_152' title='bbox 2524 2381 2641 2424; x_wconf 89' lang='lat' dir='ltr'>ne-</span> <span class='ocrx_word' id='word_1_153' title='bbox 2676 2383 2692 2481; x_wconf 60' lang='lat' dir='ltr'>f</span> 
     </span>
     <span class='ocr_line' id='line_1_21' title="bbox 330 2453 2641 2541; baseline 0.002 -23"><span class='ocrx_word' id='word_1_154' title='bbox 330 2454 496 2538; x_wconf 86' lang='lat' dir='ltr'>gotii</span> <span class='ocrx_word' id='word_1_155' title='bbox 561 2457 900 2540; x_wconf 88' lang='lat' dir='ltr'>propositi,</span> <span class='ocrx_word' id='word_1_156' title='bbox 972 2476 1090 2518; x_wconf 90' lang='lat' dir='ltr'>nec</span> <span class='ocrx_word' id='word_1_157' title='bbox 1159 2474 1401 2518; x_wconf 83' lang='lat' dir='ltr'>meram</span> <span class='ocrx_word' id='word_1_158' title='bbox 1463 2453 1855 2518; x_wconf 86' lang='lat' dir='ltr'>sententiam</span> <span class='ocrx_word' id='word_1_159' title='bbox 1926 2453 2346 2520; x_wconf 86' lang='lat' dir='ltr'>theoreticam</span> <span class='ocrx_word' id='word_1_160' title='bbox 2417 2478 2641 2541; x_wconf 90' lang='lat' dir='ltr'>propo·</span> 
     </span>
     <span class='ocr_line' id='line_1_22' title="bbox 331 2484 2694 2640; baseline 0.002 -26"><span class='ocrx_word' id='word_1_161' title='bbox 331 2552 569 2636; x_wconf 89' lang='lat' dir='ltr'>suisse,</span> <span class='ocrx_word' id='word_1_162' title='bbox 635 2552 786 2616; x_wconf 89' lang='lat' dir='ltr'>dum</span> <span class='ocrx_word' id='word_1_163' title='bbox 851 2552 1116 2629; x_wconf 88' lang='lat' dir='ltr'>diceret,</span> <span class='ocrx_word' id='word_1_164' title='bbox 1179 2550 1403 2614; x_wconf 90' lang='lat' dir='ltr'>melius</span> <span class='ocrx_word' id='word_1_165' title='bbox 1467 2572 1600 2614; x_wconf 89' lang='lat' dir='ltr'>esse</span> <span class='ocrx_word' id='word_1_166' title='bbox 1665 2555 1740 2613; x_wconf 91' lang='lat' dir='ltr'>ut</span> <span class='ocrx_word' id='word_1_167' title='bbox 1797 2551 1907 2614; x_wconf 92' lang='lat' dir='ltr'>ille</span> <span class='ocrx_word' id='word_1_168' title='bbox 1969 2573 2081 2614; x_wconf 88' lang='lat' dir='ltr'>rex</span> <span class='ocrx_word' id='word_1_169' title='bbox 2129 2557 2466 2617; x_wconf 87' lang='lat' dir='ltr'>vocaretur</span> <span class='ocrx_word' id='word_1_170' title='bbox 2527 2484 2694 2640; x_wconf 30' lang='lat' dir='ltr'>qui&amp;</span> 
     </span>
     <span class='ocr_line' id='line_1_23' title="bbox 334 2645 2639 2732; baseline 0.001 -20"><span class='ocrx_word' id='word_1_171' title='bbox 334 2652 752 2731; x_wconf 85' lang='lat' dir='ltr'>potestatem,</span> <span class='ocrx_word' id='word_1_172' title='bbox 810 2671 1004 2732; x_wconf 88' lang='lat' dir='ltr'>quam</span> <span class='ocrx_word' id='word_1_173' title='bbox 1052 2647 1164 2731; x_wconf 93' lang='lat' dir='ltr'>qui</span> <span class='ocrx_word' id='word_1_174' title='bbox 1210 2668 1457 2710; x_wconf 90' lang='lat' dir='ltr'>merum</span> <span class='ocrx_word' id='word_1_175' title='bbox 1504 2669 1741 2711; x_wconf 86' lang='lat' dir='ltr'>nomen</span> <span class='ocrx_word' id='word_1_176' title='bbox 1784 2646 2071 2712; x_wconf 88' lang='lat' dir='ltr'>haberet.</span> <span class='ocrx_word' id='word_1_177' title='bbox 2165 2645 2288 2712; x_wconf 84' lang='lat' dir='ltr'>Sed</span> <span class='ocrx_word' id='word_1_178' title='bbox 2333 2670 2639 2732; x_wconf 88' lang='lat' dir='ltr'>responso</span> 
     </span>
     <span class='ocr_line' id='line_1_24' title="bbox 330 2742 2643 2830; baseline 0 -22"><span class='ocrx_word' id='word_1_179' title='bbox 330 2766 467 2825; x_wconf 91' lang='lat' dir='ltr'>suo,</span> <span class='ocrx_word' id='word_1_180' title='bbox 513 2742 903 2809; x_wconf 75' lang='lat' dir='ltr'>auctoritate</span> <span class='ocrx_word' id='word_1_181' title='bbox 946 2762 1252 2830; x_wconf 74' lang='lat' dir='ltr'>suprema</span> <span class='ocrx_word' id='word_1_182' title='bbox 1296 2743 1674 2807; x_wconf 88' lang='lat' dir='ltr'>Pontificem</span> <span class='ocrx_word' id='word_1_183' title='bbox 1722 2744 2176 2823; x_wconf 87' lang='lat' dir='ltr'>intervenisse,</span> <span class='ocrx_word' id='word_1_184' title='bbox 2236 2749 2377 2808; x_wconf 91' lang='lat' dir='ltr'>tum</span> <span class='ocrx_word' id='word_1_185' title='bbox 2425 2746 2643 2809; x_wconf 85' lang='lat' dir='ltr'>coaevi</span> 
     </span>
     <span class='ocr_line' id='line_1_25' title="bbox 334 2826 2641 2925; baseline 0 -20"><span class='ocrx_word' id='word_1_186' title='bbox 334 2830 816 2919; x_wconf 80' lang='lat' dir='ltr'>existimarunt,</span> <span class='ocrx_word' id='word_1_187' title='bbox 885 2846 1020 2905; x_wconf 85' lang='lat' dir='ltr'>tum</span> <span class='ocrx_word' id='word_1_188' title='bbox 1064 2841 1514 2925; x_wconf 63' lang='lat' dir='ltr'>posteriorum</span> <span class='ocrx_word' id='word_1_189' title='bbox 1580 2840 1708 2905; x_wconf 88' lang='lat' dir='ltr'>fuit</span> <span class='ocrx_word' id='word_1_190' title='bbox 1768 2841 2115 2912; x_wconf 88' lang='lat' dir='ltr'>sententia.</span> <span class='ocrx_word' id='word_1_191' title='bbox 2223 2826 2641 2917; x_wconf 42' lang='lat' dir='ltr'>Quum-&#39;&#39;ffiro</span> 
     </span>
     <span class='ocr_line' id='line_1_26' title="bbox 334 2932 2642 3020; baseline -0 -17"><span class='ocrx_word' id='word_1_192' title='bbox 334 2932 693 3003; x_wconf 61' lang='grc' dir='ltr'>ειΠΓΪἜΧ</span> <span class='ocrx_word' id='word_1_193' title='bbox 712 2937 1119 3003; x_wconf 88' lang='lat' dir='ltr'>documentis</span> <span class='ocrx_word' id='word_1_194' title='bbox 1181 2940 1437 3019; x_wconf 86' lang='lat' dir='ltr'>pateat,</span> <span class='ocrx_word' id='word_1_195' title='bbox 1500 2932 1785 3001; x_wconf 88' lang='lat' dir='ltr'>Francos</span> <span class='ocrx_word' id='word_1_196' title='bbox 1845 2941 1991 3019; x_wconf 90' lang='lat' dir='ltr'>post</span> <span class='ocrx_word' id='word_1_197' title='bbox 2045 2942 2369 3020; x_wconf 71' lang='lat' dir='ltr'>receptum</span> <span class='ocrx_word' id='word_1_198' title='bbox 2413 2938 2642 3002; x_wconf 89' lang='lat' dir='ltr'>Ponti·-</span> 
     </span>
     <span class='ocr_line' id='line_1_27' title="bbox 333 3030 2640 3119; baseline 0 -22"><span class='ocrx_word' id='word_1_199' title='bbox 333 3035 470 3099; x_wconf 88' lang='lat' dir='ltr'>ficis</span> <span class='ocrx_word' id='word_1_200' title='bbox 516 3057 889 3119; x_wconf 88' lang='lat' dir='ltr'>responsum</span> <span class='ocrx_word' id='word_1_201' title='bbox 935 3030 1562 3119; x_wconf 30' lang='lat' dir='ltr'>el—egtqonem„Pipini</span> <span class='ocrx_word' id='word_1_202' title='bbox 1612 3034 1679 3095; x_wconf 90' lang='lat' dir='ltr'>in</span> <span class='ocrx_word' id='word_1_203' title='bbox 1725 3053 1943 3116; x_wconf 88' lang='lat' dir='ltr'>regem</span> <span class='ocrx_word' id='word_1_204' title='bbox 1979 3034 2330 3117; x_wconf 86' lang='lat' dir='ltr'>peregisse,</span> <span class='ocrx_word' id='word_1_205' title='bbox 2388 3038 2640 3097; x_wconf 89' lang='lat' dir='ltr'>utrum-</span> 
     </span>
     <span class='ocr_line' id='line_1_28' title="bbox 333 3129 2704 3215; baseline 0 -22"><span class='ocrx_word' id='word_1_206' title='bbox 333 3153 460 3215; x_wconf 87' lang='lat' dir='ltr'>que</span> <span class='ocrx_word' id='word_1_207' title='bbox 520 3134 921 3196; x_wconf 89' lang='lat' dir='ltr'>momentum</span> <span class='ocrx_word' id='word_1_208' title='bbox 980 3129 1101 3194; x_wconf 88' lang='lat' dir='ltr'>hac</span> <span class='ocrx_word' id='word_1_209' title='bbox 1162 3130 1228 3193; x_wconf 88' lang='lat' dir='ltr'>in</span> <span class='ocrx_word' id='word_1_210' title='bbox 1298 3151 1366 3193; x_wconf 90' lang='lat' dir='ltr'>re</span> <span class='ocrx_word' id='word_1_211' title='bbox 1423 3130 1835 3213; x_wconf 88' lang='lat' dir='ltr'>jungendum</span> <span class='ocrx_word' id='word_1_212' title='bbox 1897 3133 2012 3192; x_wconf 88' lang='lat' dir='ltr'>est.</span> <span class='ocrx_word' id='word_1_213' title='bbox 2116 3129 2214 3193; x_wconf 93' lang='lat' dir='ltr'>Ac</span> <span class='ocrx_word' id='word_1_214' title='bbox 2272 3151 2356 3193; x_wconf 91' lang='lat' dir='ltr'>ne</span> <span class='ocrx_word' id='word_1_215' title='bbox 2424 3129 2642 3193; x_wconf 89' lang='lat' dir='ltr'>diffusi</span> <span class='ocrx_word' id='word_1_216' title='bbox 2691 3133 2704 3140; x_wconf 83' lang='grc'><strong><em>’</em></strong></span> 
     </span>
     <span class='ocr_line' id='line_1_29' title="bbox 334 3224 2644 3309; baseline -0.001 -17"><span class='ocrx_word' id='word_1_217' title='bbox 334 3227 605 3292; x_wconf 90' lang='lat' dir='ltr'>nimium</span> <span class='ocrx_word' id='word_1_218' title='bbox 638 3230 888 3303; x_wconf 76' lang='lat' dir='ltr'>stimuS,</span> <span class='ocrx_word' id='word_1_219' title='bbox 934 3248 1070 3290; x_wconf 90' lang='lat' dir='ltr'>rem</span> <span class='ocrx_word' id='word_1_220' title='bbox 1112 3245 1230 3288; x_wconf 92' lang='lat' dir='ltr'>acu</span> <span class='ocrx_word' id='word_1_221' title='bbox 1276 3230 1545 3309; x_wconf 84' lang='lat' dir='ltr'>tangere</span> <span class='ocrx_word' id='word_1_222' title='bbox 1590 3225 1842 3289; x_wconf 89' lang='lat' dir='ltr'>videtur</span> <span class='ocrx_word' id='word_1_223' title='bbox 1886 3225 2116 3289; x_wconf 91' lang='lat' dir='ltr'>Illmus</span> <span class='ocrx_word' id='word_1_224' title='bbox 2145 3224 2353 3289; x_wconf 91' lang='lat' dir='ltr'>Mansi</span> <span class='ocrx_word' id='word_1_225' title='bbox 2384 3226 2451 3290; x_wconf 91' lang='lat' dir='ltr'>in</span> <span class='ocrx_word' id='word_1_226' title='bbox 2488 3229 2644 3290; x_wconf 89' lang='lat' dir='ltr'>nota</span> 
     </span>
     <span class='ocr_line' id='line_1_30' title="bbox 329 3320 2639 3406; baseline -0.001 -18"><span class='ocrx_word' id='word_1_227' title='bbox 329 3324 411 3388; x_wconf 88' lang='lat' dir='ltr'>ad</span> <span class='ocrx_word' id='word_1_228' title='bbox 445 3323 980 3389; x_wconf 87' lang='lat' dir='ltr'>Dissertationem</span> <span class='ocrx_word' id='word_1_229' title='bbox 1008 3320 1264 3385; x_wconf 89' lang='lat' dir='ltr'>Natalis</span> <span class='ocrx_word' id='word_1_230' title='bbox 1294 3321 1649 3385; x_wconf 88' lang='lat' dir='ltr'>Alexandri</span> <span class='ocrx_word' id='word_1_231' title='bbox 1681 3321 1758 3384; x_wconf 92' lang='lat' dir='ltr'>de</span> <span class='ocrx_word' id='word_1_232' title='bbox 1791 3321 2149 3386; x_wconf 84' lang='lat' dir='ltr'>elevatione</span> <span class='ocrx_word' id='word_1_233' title='bbox 2177 3321 2414 3406; x_wconf 90' lang='lat' dir='ltr'>Pipini.</span> <span class='ocrx_word' id='word_1_234' title='bbox 2479 3322 2639 3386; x_wconf 87' lang='lat' dir='ltr'>Rem</span> 
     </span>
    </p>
   </div>
   <div class='ocr_carea' id='block_1_4' title="bbox 330 3419 937 3503">
    <p class='ocr_par' dir='ltr' id='par_1_4' title="bbox 330 3419 937 3503">
     <span class='ocr_line' id='line_1_31' title="bbox 330 3419 937 3503; baseline 0 -19"><span class='ocrx_word' id='word_1_235' title='bbox 330 3421 425 3485; x_wconf 87' lang='lat' dir='ltr'>ita</span> <span class='ocrx_word' id='word_1_236' title='bbox 465 3421 601 3485; x_wconf 89' lang='lat' dir='ltr'>fere</span> <span class='ocrx_word' id='word_1_237' title='bbox 648 3419 937 3503; x_wconf 86' lang='lat' dir='ltr'>exponit.</span> 
     </span>
    </p>
   </div>
   <div class='ocr_carea' id='block_1_5' title="bbox 330 3564 2968 4234">
    <p class='ocr_par' dir='ltr' id='par_1_5' title="bbox 330 3564 2968 4234">
     <span class='ocr_line' id='line_1_32' title="bbox 508 3564 2968 3649; baseline -0.001 -17"><span class='ocrx_word' id='word_1_238' title='bbox 508 3570 614 3633; x_wconf 84' lang='lat'>42.</span> <span class='ocrx_word' id='word_1_239' title='bbox 691 3567 792 3631; x_wconf 88' lang='lat' dir='ltr'>Ex</span> <span class='ocrx_word' id='word_1_240' title='bbox 868 3588 999 3630; x_wconf 91' lang='lat' dir='ltr'>una</span> <span class='ocrx_word' id='word_1_241' title='bbox 1062 3569 1246 3649; x_wconf 92' lang='lat' dir='ltr'>parte</span> <span class='ocrx_word' id='word_1_242' title='bbox 1315 3564 1547 3629; x_wconf 87' lang='lat' dir='ltr'>Franci</span> <span class='ocrx_word' id='word_1_243' title='bbox 1622 3564 1919 3647; x_wconf 86' lang='lat' dir='ltr'>religioni</span> <span class='ocrx_word' id='word_1_244' title='bbox 1991 3565 2310 3631; x_wconf 90' lang='lat' dir='ltr'>ducebant</span> <span class='ocrx_word' id='word_1_245' title='bbox 2386 3566 2643 3631; x_wconf 87' lang='lat' dir='ltr'>Childe-</span> <span class='ocrx_word' id='word_1_246' title='bbox 2658 3589 2758 3630; x_wconf 72' lang='lat' dir='ltr'>Man</span> <span class='ocrx_word' id='word_1_247' title='bbox 2762 3586 2815 3629; x_wconf 76' lang='lat' dir='ltr'>sii</span> <span class='ocrx_word' id='word_1_248' title='bbox 2802 3599 2968 3641; x_wconf 64' lang='grc' dir='ltr'>ηιρσ-</span> 
     </span>
     <span class='ocr_line' id='line_1_33' title="bbox 330 3648 2879 3747; baseline -0 -18"><span class='ocrx_word' id='word_1_249' title='bbox 330 3667 531 3730; x_wconf 90' lang='lat' dir='ltr'>ricum</span> <span class='ocrx_word' id='word_1_250' title='bbox 594 3688 633 3729; x_wconf 89' lang='lat' dir='ltr'>a</span> <span class='ocrx_word' id='word_1_251' title='bbox 692 3663 873 3747; x_wconf 85' lang='lat' dir='ltr'>regni</span> <span class='ocrx_word' id='word_1_252' title='bbox 941 3662 1098 3726; x_wconf 89' lang='lat' dir='ltr'>solio</span> <span class='ocrx_word' id='word_1_253' title='bbox 1160 3662 1534 3739; x_wconf 88' lang='lat' dir='ltr'>exturbare,</span> <span class='ocrx_word' id='word_1_254' title='bbox 1603 3681 1749 3723; x_wconf 90' lang='lat' dir='ltr'>cum</span> <span class='ocrx_word' id='word_1_255' title='bbox 1814 3660 1911 3724; x_wconf 91' lang='lat' dir='ltr'>illi</span> <span class='ocrx_word' id='word_1_256' title='bbox 1972 3662 2375 3727; x_wconf 90' lang='lat' dir='ltr'>subditorum</span> <span class='ocrx_word' id='word_1_257' title='bbox 2435 3662 2642 3728; x_wconf 87' lang='lat' dir='ltr'>fideli·</span> <span class='ocrx_word' id='word_1_258' title='bbox 2764 3648 2879 3690; x_wconf 59' lang='lat'>“¹⁸¹⁰</span> 
     </span>
     <span class='ocr_line' id='line_1_34' title="bbox 332 3759 2643 3844; baseline -0.001 -17"><span class='ocrx_word' id='word_1_259' title='bbox 332 3767 468 3827; x_wconf 90' lang='lat' dir='ltr'>tate</span> <span class='ocrx_word' id='word_1_260' title='bbox 542 3762 1133 3844; x_wconf 82' lang='lat' dir='ltr'>obstringerentur3</span> <span class='ocrx_word' id='word_1_261' title='bbox 1216 3780 1292 3821; x_wconf 88' lang='lat' dir='ltr'>ex</span> <span class='ocrx_word' id='word_1_262' title='bbox 1368 3760 1574 3823; x_wconf 88' lang='lat' dir='ltr'>altera</span> <span class='ocrx_word' id='word_1_263' title='bbox 1646 3778 1798 3821; x_wconf 92' lang='lat' dir='ltr'>vero</span> <span class='ocrx_word' id='word_1_264' title='bbox 1876 3766 2060 3841; x_wconf 89' lang='lat' dir='ltr'>parte</span> <span class='ocrx_word' id='word_1_265' title='bbox 2130 3759 2643 3840; x_wconf 90' lang='lat' dir='ltr'>considerabant,</span> 
     </span>
     <span class='ocr_line' id='line_1_35' title="bbox 332 3798 2683 3984; baseline -0.002 -60"><span class='ocrx_word' id='word_1_266' title='bbox 332 3860 415 3924; x_wconf 94' lang='lat' dir='ltr'>ob</span> <span class='ocrx_word' id='word_1_267' title='bbox 458 3859 642 3943; x_wconf 90' lang='lat' dir='ltr'>regni</span> <span class='ocrx_word' id='word_1_268' title='bbox 699 3857 982 3942; x_wconf 91' lang='lat' dir='ltr'>pericula</span> <span class='ocrx_word' id='word_1_269' title='bbox 1041 3860 1106 3919; x_wconf 91' lang='lat' dir='ltr'>et</span> <span class='ocrx_word' id='word_1_270' title='bbox 1167 3857 1440 3919; x_wconf 90' lang='lat' dir='ltr'>salutem</span> <span class='ocrx_word' id='word_1_271' title='bbox 1498 3876 1570 3919; x_wconf 91' lang='lat' dir='ltr'>ac</span> <span class='ocrx_word' id='word_1_272' title='bbox 1629 3854 1833 3917; x_wconf 87' lang='lat' dir='ltr'>totius</span> <span class='ocrx_word' id='word_1_273' title='bbox 1896 3854 2282 3919; x_wconf 90' lang='lat' dir='ltr'>christianae</span> <span class='ocrx_word' id='word_1_274' title='bbox 2342 3798 2683 3984; x_wconf 59' lang='lat' dir='ltr'>reipubli·[</span> 
     </span>
     <span class='ocr_line' id='line_1_36' title="bbox 331 3950 2652 4040; baseline -0.002 -21"><span class='ocrx_word' id='word_1_275' title='bbox 331 3977 442 4019; x_wconf 89' lang='lat' dir='ltr'>cae</span> <span class='ocrx_word' id='word_1_276' title='bbox 505 3956 772 4032; x_wconf 89' lang='lat' dir='ltr'>bonum,</span> <span class='ocrx_word' id='word_1_277' title='bbox 832 3950 1262 4016; x_wconf 88' lang='lat' dir='ltr'>necessarium</span> <span class='ocrx_word' id='word_1_278' title='bbox 1315 3952 1419 4015; x_wconf 90' lang='lat' dir='ltr'>vel</span> <span class='ocrx_word' id='word_1_279' title='bbox 1477 3951 1709 4015; x_wconf 90' lang='lat' dir='ltr'>saltem</span> <span class='ocrx_word' id='word_1_280' title='bbox 1770 3972 2055 4015; x_wconf 89' lang='lat' dir='ltr'>summae</span> <span class='ocrx_word' id='word_1_281' title='bbox 2118 3952 2423 4016; x_wconf 89' lang='lat' dir='ltr'>utilitatis</span> <span class='ocrx_word' id='word_1_282' title='bbox 2483 3973 2652 4040; x_wconf 58' lang='lat' dir='ltr'>esse„</span> 
     </span>
     <span class='ocr_line' id='line_1_37' title="bbox 331 4044 2651 4135; baseline -0.002 -19"><span class='ocrx_word' id='word_1_283' title='bbox 331 4056 407 4116; x_wconf 90' lang='lat' dir='ltr'>ut</span> <span class='ocrx_word' id='word_1_284' title='bbox 468 4051 739 4135; x_wconf 91' lang='lat' dir='ltr'>Pipinus</span> <span class='ocrx_word' id='word_1_285' title='bbox 803 4071 936 4113; x_wconf 91' lang='lat' dir='ltr'>non</span> <span class='ocrx_word' id='word_1_286' title='bbox 998 4051 1072 4112; x_wconf 92' lang='lat' dir='ltr'>ut</span> <span class='ocrx_word' id='word_1_287' title='bbox 1135 4047 1596 4112; x_wconf 90' lang='lat' dir='ltr'>commodatam</span> <span class='ocrx_word' id='word_1_288' title='bbox 1670 4044 1780 4108; x_wconf 90' lang='lat' dir='ltr'>sed</span> <span class='ocrx_word' id='word_1_289' title='bbox 1850 4053 1924 4110; x_wconf 92' lang='lat' dir='ltr'>ut</span> <span class='ocrx_word' id='word_1_290' title='bbox 1991 4048 2313 4131; x_wconf 87' lang='lat' dir='ltr'>propriam</span> <span class='ocrx_word' id='word_1_291' title='bbox 2373 4045 2651 4112; x_wconf 76' lang='lat' dir='ltr'>haberet‘</span> 
     </span>
     <span class='ocr_line' id='line_1_38' title="bbox 330 4140 2640 4234; baseline -0.003 -21"><span class='ocrx_word' id='word_1_292' title='bbox 330 4150 572 4234; x_wconf 86' lang='lat' dir='ltr'>regiam</span> <span class='ocrx_word' id='word_1_293' title='bbox 645 4151 1050 4231; x_wconf 88' lang='lat' dir='ltr'>potestatem.</span> <span class='ocrx_word' id='word_1_294' title='bbox 1165 4146 1271 4211; x_wconf 89' lang='lat' dir='ltr'>Ita</span> <span class='ocrx_word' id='word_1_295' title='bbox 1336 4142 1561 4229; x_wconf 85' lang='lat' dir='ltr'>procul</span> <span class='ocrx_word' id='word_1_296' title='bbox 1629 4140 1823 4206; x_wconf 88' lang='lat' dir='ltr'>dubio</span> <span class='ocrx_word' id='word_1_297' title='bbox 1897 4145 2102 4209; x_wconf 91' lang='lat' dir='ltr'>multo</span> <span class='ocrx_word' id='word_1_298' title='bbox 2178 4144 2402 4208; x_wconf 89' lang='lat' dir='ltr'>melius</span> <span class='ocrx_word' id='word_1_299' title='bbox 2473 4164 2640 4208; x_wconf 91' lang='lat' dir='ltr'>com-</span> 
     </span>
    </p>
   </div>
  </div>
 </body>
</html>
