3270 5028
654 456 760 509 154
1178 458 1325 510 XIV.
1363 458 1446 511 De
1483 454 1637 510 civili
1674 454 1741 508 R.
1779 454 2063 509 Pontificis
2101 455 2421 525 principatu.

365 595 592 668 Epistola«,
834 598 869 660 7
878 599 934 661 8.
1009 590 1402 661 Nullatenus
1477 598 1680 681 igitur
1753 598 2043 662 narratio
2120 598 2432 663 adventus
2504 599 2717 663 Caroli
2793 620 2959 682 quae

337 657 613 701 Pmfficum'
652 717 702 760 c.
751 696 834 758 38
907 692 1088 757 Vitae
1140 691 1482 757 Hadriani
1534 693 1838 773 habetur,
1902 694 2185 776 pertinet
2250 696 2329 759 ad
2388 696 2646 780 aliquod
2698 701 2955 780 pactum

653 791 972 856 amicitiae
1047 789 1535 872 designandum.
1669 789 1792 853 Sed
1870 789 1949 853 ad
2032 791 2208 855 illam
2284 793 2771 858 conventionem
2848 818 2960 860 seu

653 889 1093 964 donationem,
1142 908 1305 970 quae
1352 907 1404 950 c.
1452 886 1714 949 41-43
1775 884 1957 950 Vitae
2001 885 2343 952 Hadriani
2388 888 2691 968 habetur,
2748 892 2960 956 mani-

652 985 818 1050 feste
877 985 1250 1048 referuntur
1311 983 1526 1066 plura,
1592 1005 1756 1066 quae
1817 984 1884 1047 in
1949 986 2235 1068 epistolis
2288 984 2677 1051 Pontificum
2735 994 2960 1072 postea

653 1081 734 1145 ad
797 1080 1094 1145 Carolum
1163 1079 1326 1143 datis
1388 1084 1753 1144 occurrunt.
1865 1081 1970 1144 Ita
2032 1082 2101 1144 in
2166 1083 2432 1165 epistola
2494 1083 2603 1147 54·
2646 1084 2958 1150 Hadriani

652 1178 912 1242 dicitur:
991 1176 1309 1259 Maynarn
1376 1173 1684 1239 habemus
1747 1174 2056 1256 fiduciam
2121 1177 2195 1242 in
2270 1177 2470 1242 vestri
2537 1179 2747 1245 cordis
2815 1202 2959 1246 con-

653 1274 932 1353 stantia,
1010 1271 1298 1338 celeriter
1364 1292 1474 1335 vos
1542 1271 1764 1336 omnia
1823 1273 2230 1355 perfecturos
2298 1295 2456 1354 esse,
2528 1296 2693 1357 quae
2758 1277 2960 1343 eidem

653 1369 937 1452 apostolo
996 1369 1555 1451 apostolorumque
1621 1367 1912 1451 principi
1983 1370 2397 1453 spopondisti.
2409 1372 2454 1450 ¹)
2557 1373 2643 1437 Et
2701 1376 2769 1439 in
2828 1377 2962 1460 epi-

652 1471 818 1533 stola
888 1469 1027 1532 56⁸:
1101 1463 1350 1530 Cuncta
1415 1462 1723 1549 perficere
1790 1469 1851 1529 et
1918 1466 2270 1549 adimplere
2336 1467 2721 1551 diffitemini,
2798 1492 2964 1553 quae

652 1567 914 1629 sanctae
963 1561 1310 1627 memoriae
1358 1559 1618 1643 qenitor·
1673 1565 1881 1626 vester
1935 1563 2211 1628 domnus
2266 1564 2551 1646 Pipinus
2603 1587 2723 1631 rex
2783 1568 2963 1634 beato

655 1660 851 1726 Petro
895 1680 1034 1724 una
1078 1657 1403 1723 vobiscum
1446 1656 1783 1739 pollicitus
1828 1663 1888 1722 et
1935 1661 2345 1741 postmodum
2392 1666 2467 1726 tu
2508 1662 2672 1745 ipse,
2732 1684 2774 1729 a
2820 1664 2963 1730 Deo

652 1756 954 1821 institute
1005 1775 1237 1838 maqne
1290 1775 1437 1833 rex,
1499 1753 1654 1818 dum
1713 1753 1799 1819 ad
1857 1754 2090 1822 limina
2145 1757 2579 1840 apostolorum
2626 1762 2964 1843 profectus

652 1874 749 1932 es,
817 1873 892 1918 ea
936 1852 1083 1934 ipsa
1143 1852 1461 1936 spondens
1519 1851 1947 1932 confirmasti,
2014 1853 2338 1935 eidemque
2390 1856 2673 1937 apostolo
2717 1878 2962 1940 prae-

653 1948 1119 2013 sentialiter
1172 1947 1532 2014 manibus
1591 1946 1753 2012 tuis
1808 1950 2089 2014 eamdem
2145 1951 2437 2016 obtulisti
2478 1954 2963 2034 promissio-

652 2043 901 2130 nem.²)
1018 2046 1347 2134 Ejusmodi
1420 2044 1613 2109 verba
1682 2066 1815 2109 non
1886 2049 2008 2110 nisi
2079 2050 2362 2113 violenta
2434 2052 2964 2134 interpretatione

653 2143 730 2206 de
787 2143 1044 2210 foedere
1105 2145 1381 2229 quodam
1439 2141 1944 2209 indeterminato
2009 2146 2295 2210 caritatis
2358 2149 2791 2230 explicantur,
2853 2152 2962 2214 sed

655 2242 841 2306 obvio
888 2247 952 2306 et
998 2241 1282 2306 naturali
1325 2260 1517 2303 sensu
1547 2238 1811 2302 omnino
1859 2241 2207 2326 designant
2239 2244 2434 2307 talem
2478 2245 2960 2328 promissionem

654 2359 725 2400 ac
766 2338 1183 2402 donationem
1229 2338 1329 2401 uti
1376 2337 1444 2398 in
1505 2330 1654 2396 Vita
1697 2331 2040 2402 Hadriani
2086 2339 2393 2415 refertur,
2459 2362 2650 2423 quam
2698 2340 2963 2410 Carolus

642 2433 1174 2516 praesentialiter
1215 2431 1519 2499 manibus
1564 2435 1705 2502 suis
1750 2438 2037 2521 apostolo
2087 2437 2278 2500 Petro
2325 2434 2644 2501 obtulerit.

315 2602 532 2644 Exeoutio
568 2603 632 2644 in·
832 2592 932 2657 79.
1008 2592 1340 2658 Immerito
1412 2598 1628 2658 autem
1698 2595 1962 2659 donatio
2027 2593 2239 2658 Caroli
2318 2594 2470 2658 inde
2551 2595 2620 2658 in
2697 2595 2961 2658 dubium

362 2664 588 2716 ⁰⁰mp¹⁰t³’
650 2691 952 2764 vocatur,
1016 2689 1185 2772 quod
1241 2694 1465 2773 postea
1518 2691 1658 2774 ipse
1714 2690 2202 2773 promissionem
2257 2712 2437 2754 suam
2485 2691 2695 2774 quoad
2747 2691 2964 2774 aliqua

650 2786 1001 2862 territoria,
1080 2808 1135 2850 e.
1201 2808 1261 2871 g.
1335 2788 1545 2870 quoad
1620 2787 1922 2851 ducatum
1997 2784 2414 2870 Spoletanum
2490 2810 2563 2851 ac
2630 2787 2964 2852 Beneven-

651 2887 907 2960 tanum,
974 2888 1040 2948 et
1102 2883 1310 2967 quoad
1372 2886 1652 2948 insulam
1711 2884 2035 2948 Corsicam
2097 2906 2231 2972 non
2300 2885 2681 2967 impleverit.
2773 2882 2965 2947 Haud

652 2979 722 3043 in
792 2981 1088 3044 omnibus
1158 2979 1414 3064 quidem
1487 3002 1819 3044 censemus
1888 2973 2187 3044 Carolum
2265 3003 2417 3045 suae
2494 2978 2751 3045 stetisse
2816 3001 2962 3063 pro-

650 3077 973 3163 missioni,
1049 3077 1207 3161 quin
1280 3081 1498 3142 tamen
1581 3076 1868 3140 formalis
1939 3077 2208 3159 perjurii
2276 3081 2616 3161 propterea
2687 3098 2963 3161 arguen-

653 3170 770 3235 dus
820 3173 926 3237 sit.
1018 3172 1297 3238 Difficile
1354 3178 1483 3253 est,
1537 3176 1833 3237 accurate
1890 3194 2107 3236 rerum
2163 3173 2596 3237 conditionem
2655 3174 2723 3237 in
2772 3173 2966 3237 variis

652 3269 996 3334 territoriis
1061 3291 1474 3354 cognoscere,
1551 3274 1616 3333 et
1687 3291 1762 3333 ea
1830 3269 2286 3351 determinare,
2361 3292 2525 3353 quae
2599 3269 2961 3334 executioni

652 3365 825 3428 fideli
890 3367 1329 3449 promissionis
1398 3366 1781 3448 obfuerunt,
1856 3387 1976 3429 nec
2042 3365 2231 3448 hujus
2298 3367 2417 3430 loci
2485 3370 2583 3430 est
2651 3388 2763 3449 per
2830 3366 2961 3429 sin-

652 3463 807 3546 gula
867 3461 1026 3525 haec
1082 3462 1426 3545 inquirere.
1530 3459 1819 3545 Dixeris,
1888 3483 1965 3525 ex
2031 3484 2163 3524 una
2221 3469 2407 3545 parte
2477 3462 2741 3526 humani
2810 3459 2963 3546 quid

652 3580 912 3642 passum
988 3580 1122 3622 esse
1196 3557 1523 3636 Carolum,
1601 3557 1753 3621 dum
1829 3580 1957 3622 non
2037 3558 2103 3620 in
2176 3558 2471 3623 omnibus
2551 3559 2959 3623 donationem

653 3677 834 3718 suam
904 3658 1246 3718 exsecutus
1316 3657 1439 3738 est3
1524 3676 1602 3718 ex
1678 3654 1886 3717 altera
1959 3658 2143 3736 parte
2222 3654 2552 3719 Romanos
2619 3656 2963 3720 Pontifices

654 3751 1062 3835 indulgentia
1138 3750 1411 3834 quadam
1488 3772 1624 3814 esse
1702 3772 1881 3827 usos,
1963 3751 2115 3814 dum
2190 3773 2364 3827 eum,
2443 3774 2481 3815 a
2551 3774 2678 3836 quo
2752 3752 2962 3816 multa

655 3851 1060 3932 acceperant,
1127 3869 1263 3911 non
1325 3847 1769 3912 vehementius
1835 3846 2156 3930 urgebant
2226 3847 2304 3910 ad
2377 3848 2593 3912 omnia
2652 3848 2962 3932 promissa

832 4099 873 4168 ¹)
913 4100 1040 4154 Cod.
1080 4098 1259 4153 Carol.
1297 4115 1350 4166 p.
1392 4098 1507 4150 181.

829 4178 873 4244 ²)
915 4179 1042 4233 Cod.
1082 4179 1258 4233 Carol.
1297 4195 1349 4245 p.
1389 4178 1508 4229 186.
1546 4202 1615 4214 -
1654 4175 1758 4229 Cfr.
1799 4176 1964 4231 etiam
2003 4193 2120 4246 epp.
2163 4180 2248 4233 53.
2286 4180 2370 4232 55.
2409 4181 2494 4233 57.
2533 4180 2618 4233 59.
2655 4179 2739 4231 63.
