3270 5028
1090 438 1174 492 De
1211 438 1563 494 institutione
1602 439 1843 506 Imperii.
2522 442 2620 496 185

303 578 625 642 (lamentis
670 577 914 642 ultimis
961 580 1208 664 jurium
1265 603 1556 659 suorum,
1610 580 2043 665 Imperatores
2091 582 2437 647 orientales
2483 604 2621 647 sese

299 674 804 739 considerabant:
873 681 948 739 ut
1005 697 1399 740 successores
1460 676 1936 761 Imperatorum
2008 678 2449 743 Romanorum
2512 679 2622 763 qui

306 774 518 834 totum
583 771 933 854 Imperium
998 772 1391 853 habuerant,
1463 774 1728 838 titulum
1798 775 2144 859 gerebant,
2215 798 2347 841 non
2414 776 2620 859 Impe-

305 871 594 929 ratorum
658 865 971 946 OrientiS,
1041 868 1152 932 sed
1220 867 1708 961 Imperatorum
1756 871 2225 947 Romanorum,
2304 878 2370 936 et
2438 894 2621 956 prae-

305 963 653 1046 scriptione
707 966 900 1046 atque
959 965 1410 1030 aestimatione
1461 965 1618 1029 illud
1664 968 1774 1050 jus
1834 990 1939 1032 eos
2001 968 2240 1032 dixeris
2302 967 2619 1045 habuisse,

306 1063 383 1122 ut
440 1059 635 1124 etiam
690 1060 761 1123 in
810 1059 1250 1141 Occidentem,
1317 1063 1372 1125 si
1433 1064 1847 1127 convenienti
1906 1064 2093 1129 modo
2150 1064 2289 1128 fieri
2347 1070 2617 1175 poterat,

307 1178 493 1220 suum
558 1157 890 1239 imperium
961 1157 1385 1222 extenderent
1453 1163 1519 1223 et
1589 1166 1983 1225 exercerent.
2109 1162 2444 1237 Quatenus
2507 1162 2620 1245 igi·

300 1257 414 1316 tur
479 1253 738 1336 aliquod
795 1253 918 1347 jus
985 1253 1071 1317 ad
1147 1273 1284 1318 rem
1351 1254 1738 1320 videbantur
1813 1257 2049 1321 habere
2117 1258 2367 1341 sibique
2436 1259 2618 1321 attri-

301 1349 624 1431 buebant’,
702 1353 766 1414 et
839 1356 1159 1434 quatenus
1235 1353 1655 1416 coronatione
1737 1353 1952 1417 Caroli
2015 1353 2102 1420 M.
2179 1355 2425 1420 factum
2502 1358 2617 1430 est,

305 1448 380 1509 ut
446 1468 667 1510 omnes
739 1468 958 1510 eorum
1030 1447 1210 1511 tituli
1280 1454 1770 1528 evanescerent,
1848 1455 1914 1514 et
1976 1450 2364 1534 dignitatem
2430 1473 2616 1516 eous-

299 1565 427 1626 que
489 1543 886 1627 singularem
945 1545 1357 1627 Imperatoris
1419 1547 1552 1629 jam
1617 1547 2033 1629 participaret
2093 1570 2207 1631 pro
2272 1547 2618 1612 Occidente

306 1640 604 1718 Carolus,
679 1641 801 1704 dici
876 1644 1090 1724 potest
1166 1642 1559 1705 translatum
1630 1665 1767 1707 esse
1840 1644 1909 1706 in
1987 1644 2197 1726 ipsum
2266 1644 2615 1727 Imperium

306 1735 691 1802 Occidentis,
752 1774 840 1783 —-
911 1737 1245 1802 Caeterum
1316 1743 1488 1802 recte
1558 1761 1631 1802 ac
1696 1741 1920 1804 melius
1979 1742 2172 1805 etiam
2241 1741 2362 1804 dici
2432 1759 2615 1804 reno·

303 1835 530 1898 vatam
591 1856 732 1898 esse
794 1831 1584 1931 QQQ
1648 1839 1716 1901 in
1778 1837 2007 1902 Carolo
2069 1838 2192 1917 M.,
2255 1860 2334 1901 ex
2394 1818 2618 1903 nost-ra

302 1932 706 2014 expositione
751 1931 907 1995 satis
953 1920 1361 2014 colligituffi

479 2064 585 2128 21.
661 2063 947 2148 Insignis
1013 2066 1223 2127 nostri
1290 2067 1602 2148 temporis
1667 2071 1891 2130 auctor
1951 2067 2029 2130 cl.
2090 2066 2417 2130 Reumont
2485 2088 2615 2130 am-

303 2162 495 2244 plecti
554 2154 686 2224 fere
732 2160 984 2223 videtur
1038 2161 1433 2224 sententiam
1488 2162 1696 2226 medio
1760 2184 1915 2226 aevo
1978 2163 2133 2226 satis
2195 2184 2616 2241 communem,

303 2257 562 2341 Imperii
636 2257 910 2320 Romani
984 2258 1333 2338 erectione,
1410 2256 1470 2321 si
1522 2256 1864 2340 principia
1935 2262 2313 2339 spectantur
2380 2260 2615 2343 quibus

304 2355 527 2418 eadem
572 2352 926 2432 nitebatur,
972 2353 1321 2436 Imperium
1354 2354 1788 2438 Byzantinum
1835 2357 2173 2420 subrutum
2214 2357 2350 2439 jam
2397 2355 2614 2420 fuisse.

304 2450 648 2530 Videlicet,
736 2450 789 2513 si
865 2450 1304 2514 consideratur
1380 2450 1522 2516 idea
1597 2473 1670 2516 ac
1745 2452 1925 2516 notio
1999 2451 2617 2536 religioso-politica

303 2548 565 2633 Imperii
651 2569 818 2632 quae
891 2547 1134 2612 Romae
1219 2549 1608 2632 praevaluit,
1699 2547 1774 2631 dg
1838 2548 2033 2631 jure,
2122 2571 2236 2613 seu
2312 2551 2618 2633 inspectis

304 2645 663 2728 principiiS,
745 2646 884 2727 ipsa
971 2646 1318 2709 existentia
1391 2646 1653 2728 Imperii
1726 2644 2074 2729 Byzantini
2157 2646 2388 2710 exinde
2460 2664 2616 2710 ano-

2715 591 2725 629 ι

2718 644 2728 711 t1

2705 1736 2886 1788 Imperii

2650 1798 2784 1841 occid.
2816 1809 2936 1838 reno-

2722 1860 2859 1903 vatio.

303 2740 507 2807 malia
578 2741 890 2826 quaedam
953 2747 1106 2806 erat.
1227 2741 1376 2806 Non
1445 2746 1701 2826 poterat
1768 2743 2043 2807 existere
2117 2742 2351 2824 duplex
2415 2743 2616 2826 Impe·
2673 2751 2906 2803 Imperium

301 2842 499 2915 rium3
550 2839 614 2902 id
669 2838 1002 2922 pugnabat
1061 2860 1203 2901 cum
1259 2840 1525 2902 notione
1585 2839 1943 2903 christiana
1996 2837 2412 2904 monarchiae
2470 2858 2617 2903 ani-

301 2933 576 2998 versalis
634 2933 1057 3013 christianae,
1131 2957 1321 3019 quam
1386 2937 1523 3019 ipsa
1589 2936 1734 2999 idea
1798 2937 2058 3019 Imperii
2120 2937 2282 3000 sacri
2339 2935 2617 3000 Romani

301 3033 693 3096 involvebat.
800 3031 942 3096 Hoc
1010 3037 1223 3095 autem
1299 3030 1650 3115 Imperium
1726 3055 1980 3097 sacrum
2057 3038 2122 3096 et
2197 3032 2617 3097 christianum

301 3131 535 3194 intimo
610 3152 777 3194 nexu
846 3127 1230 3192 cohaerebat
1298 3151 1439 3192 cum
1503 3152 1751 3193 summo
1816 3133 1882 3193 et
1942 3130 2292 3193 universali
2359 3129 2615 3212 pontifi-

301 3231 453 3289 catu
508 3224 788 3289 Romani
852 3224 1204 3288 pontificis.
1299 3223 1671 3290 Potuissent
1732 3232 1952 3290 tamen
2005 3226 2130 3290 duo
2192 3225 2615 3309 Imperatores

299 3322 481 3386 illam
523 3345 720 3386 unam
774 3319 1211 3385 monarchiam
1267 3322 1728 3400 universalem,
1790 3322 2006 3386 divisis
2062 3323 2442 3405 provinciiS,
2507 3345 2613 3386 ex-

303 3440 547 3497 ercere,
606 3416 1138 3502 quemadmodum
1188 3419 1382 3502 etiam
1430 3419 1794 3502 antiquitus
1844 3419 1906 3482 id
1952 3416 2343 3501 acciderat.2)
2434 3419 2615 3483 Haec

303 3514 768 3579 animadversio
833 3514 1148 3597 profunda
1218 3537 1374 3579 sane
1444 3519 1543 3579 est
1614 3520 1680 3580 et
1750 3521 1957 3582 acuta.
2072 3516 2159 3580 Et
2223 3539 2292 3580 re
2357 3517 2613 3600 quidem

299 3634 452 3676 vera
512 3610 943 3695 Byzantinum
1006 3611 1354 3695 Imperium
1414 3618 1778 3695 separatum
1844 3614 2033 3696 plane
2103 3636 2176 3677 ac
2239 3614 2515 3678 divisum
2576 3636 2613 3678 a

300 3707 591 3773 Romano
665 3709 921 3773 nonnisi
998 3707 1332 3786 anomalia
1406 3710 1684 3793 quadam
1770 3731 1842 3773 ac
1917 3709 2034 3794 deq
2062 3708 2253 3793 facto
2337 3714 2613 3794 tantum,

301 3804 471 3869 haud
526 3827 675 3869 vero
739 3802 939 3868 salvi-s·
992 3803 1350 3886 principiis
1413 3809 1474 3869 et
1534 3805 1610 3869 de
1664 3805 1825 3888 jure
1885 3795 2028 3871 cum
2092 3829 2269 3871 sacro
2333 3807 2611 3890 Imperio

479 4012 523 4080 1)
562 4014 748 4067 Etiam
785 4014 843 4068 in
886 4013 1302 4068 numismatibus
1350 4014 1407 4067 in
1455 4014 1769 4068 memoriam
1816 4015 2005 4083 magni
2052 4023 2283 4070 eventus
2322 4031 2386 4069 ea
2424 4021 2608 4069 aetate

300 4093 520 4241 excusizs)
552 4093 839 4225 iIriscriptio
879 4094 1132 4148 habetur:
1174 4092 1474 4147 Renovatio
1512 4093 1753 4148 Romani
1787 4093 2033 4163 ImperiiL

607 4214 619 4226 .
659 4191 702 4227 c.
740 4191 792 4241 p.
836 4176 949 4226 135.

2579 2838 2590 2849 ·
2643 2812 2947 2866 Byzantinum.
