3270 5028
656 1300 1371 1421 Dissertatio
1438 1300 1923 1420 decima
1991 1300 2468 1446 quinta:

513 1525 640 1605 De
695 1524 1095 1626 Imperio
1154 1525 1244 1605 et
1299 1523 1406 1604 de
1464 1524 1866 1606 Ecclesia
1919 1522 2279 1605 saeculo
2333 1544 2594 1606 nono.

576 1874 633 1936 1.
691 1871 759 1936 Si
806 1873 950 1957 quis
1004 1872 1338 1936 habendus
1387 1876 1484 1936 est
1539 1873 1610 1936 in
1659 1873 1924 1936 decursu
1983 1878 2344 1954 temporum
2398 1878 2544 1957 post
2587 1895 2705 1938 na-
2741 1889 2822 1991 Diis
2826 1891 2938 1931 serta
2941 1889 3020 1931 tio-

391 1976 535 2035 tum
596 1969 947 2034 Dominum
1015 1969 1147 2032 dies
1210 1969 1513 2033 solemnis
1583 1974 1651 2034 et
1717 1970 2244 2054 subsequentium
2308 1963 2781 2037 saeculorum1¹1
2839 1950 3008 1992 ΠΜ]

393 2067 595 2131 veluti
641 2065 852 2142 card0‚
901 2088 1046 2130 eum
1097 2066 1334 2130 dixeris
1383 2087 1518 2130 esse
1566 2067 2082 2156 octingentesimi
2128 2072 2280 2135 anni
2327 2070 2495 2134 diem
2527 2067 2709 2132 Chri-

392 2165 478 2228 sti
525 2164 831 2247 natalem
922 2163 1017 2226 Eo
1068 2165 1239 2226 enim
1300 2162 1401 2226 die
1446 2161 1582 2226 Leo
1626 2161 1749 2229 ΙΙΙ.
1799 2162 2130 2232 Romanus
2183 2167 2483 2233 Pontifex
2535 2185 2711 2228 coro·
2810 2190 2911 2301 W

330 2259 338 2264 ⁴
393 2252 555 2325 nato
606 2248 711 2324 et
738 2240 954 2323 uncto
1029 2260 1259 2325 Garolo
1322 2258 1563 2343 Magno
1631 2281 1882 2324 sacrum
1948 2265 2284 2329 suscitavit
2342 2261 2710 2327 Romanum

396 2358 765 2440 Imperium,
814 2379 938 2440 quo
986 2357 1159 2422 facto
1207 2357 1310 2420 vel
1355 2357 1632 2419 maxime
1664 2359 2068 2440 sequentium
2113 2361 2511 2425 saeculorum
2558 2357 2707 2422 cha-

395 2459 711 2520 racterem
775 2458 842 2518 et
907 2453 1189 2519 indolem
1255 2453 1735 2531 determinavit,
1808 2459 1875 2518 et
1937 2456 2365 2522 fundamenta
2421 2454 2710 2521 condidit

396 2554 611 2628 firma,
675 2551 906 2635 quibus
961 2551 1287 2615 societatis
1342 2551 1545 2614 civilis
1602 2550 1993 2618 christianae
2049 2553 2406 2619 aedificium
2463 2553 2704 2637 praeci-

396 2671 519 2733 pue
565 2648 902 2712 niteretur.
993 2646 1432 2730 Et.q11amvis
1484 2651 1721 2710 eventu
1770 2649 1909 2732 jam
1966 2651 2311 2733 probatum
2354 2652 2471 2728 sit,
2535 2670 2708 2713 erra-

397 2747 560 2810 visse
629 2765 736 2808 eos
799 2744 905 2827 qui
968 2743 1350 2819 censebant,
1425 2764 1680 2807 sacrum
1741 2744 1862 2812 hoc
1929 2746 2295 2813 Romanum
2359 2746 2708 2831 Imperium

399 2842 478 2908 ob
531 2840 829 2905 intimam
884 2862 1029 2905 cum
1083 2840 1368 2905 Ecclesia
1423 2841 1944 2923 conjunctionem
2001 2852 2381 2928 perpetuum
2436 2845 2573 2908 fore
2631 2846 2706 2905 ut

399 2940 601 3018 illam,
669 2938 962 3002 substitit
1021 2942 1243 3000 tamen
1304 2959 1418 3020 per
1478 2937 1695 3001 decem
1759 2941 2157 3006 saeculorum
2219 2947 2510 3023 tempora
2572 2939 2705 3003 diu-

399 3044 613 3099 turna.
710 3034 1045 3118 Quumque
1105 3056 1325 3099 omnes
1381 3056 1483 3097 res
1540 3033 1731 3117 hujus
1786 3037 2013 3100 mundi
2072 3037 2484 3121 imperfectae
2548 3036 2705 3113 sint,

343 3141 347 3144 ’
400 3132 619 3197 labiles
679 3139 876 3215 atque
936 3131 1238 3208 caducae,
1307 3130 1642 3195 hominum
1701 3153 1849 3200 vero
1911 3134 2311 3217 ignorantia,
2384 3132 2705 3198 erroribus

402 3237 590 3313 atque
635 3229 912 3304 malitia,
973 3227 1166 3291 etiam
1215 3249 1293 3290 ex
1339 3227 1416 3292 iis
1472 3248 1635 3310 quae
1694 3228 1936 3310 optima
1989 3235 2147 3293 sunt
2202 3232 2445 3295 occasio
2491 3250 2706 3293 suma-

400 3333 504 3391 tur
550 3325 630 3389 ad
687 3326 996 3409 pessimos
1054 3324 1317 3388 abusus:
1382 3324 1623 3406 passim
1688 3323 1945 3407 quidem
2002 3327 2259 3409 accidit,
2321 3332 2397 3391 ut
2451 3349 2527 3391 ex
2575 3324 2704 3389 Im·

402 3420 1228 3507 peratorum‘quorumdam
1272 3420 1624 3484 ambitione
1680 3423 1958 3505 superba
2004 3424 2106 3487 vel
2150 3424 2475 3506 nequitia,
2535 3423 2706 3486 mala

402 3519 569 3584 haud
634 3507 869 3602 exigua
934 3516 1254 3582 Ecclesiae
1327 3519 1774 3600 provenirent3
1853 3541 2065 3602 neque
2127 3520 2475 3603 Imperium
2542 3519 2703 3583 illud

403 3637 646 3680 sacrum
695 3614 1092 3693 Romanum,
1142 3616 1400 3697 quando
1448 3613 1526 3676 ad
1573 3614 1770 3678 finem
1815 3617 2150 3700 vergebat,
2188 3619 2326 3702 jam
2377 3638 2494 3700 par
2533 3615 2703 3679 vide-

404 3713 598 3777 batur·
633 3734 766 3776 esse
818 3712 1248 3795 idoneumque
1301 3711 1417 3774 fini
1462 3714 1909 3795 consequendo
1965 3713 2046 3777 ob
2106 3733 2295 3798 quem
2344 3714 2559 3778 fuerat
2601 3713 2744 3776 in-.

404 3810 723 3875 stitutum.
816 3806 940 3872 Sed
994 3808 1107 3892 qui
1161 3812 1318 3873 sunt
1373 3807 1490 3870 viri
1550 3808 1795 3872 cordati
1851 3814 2245 3892 agnoscunt,
2307 3810 2476 3894 quod
2535 3809 2706 3892 fugit

403 3912 714 3990 angustae
758 3905 1052 3970 homines
1107 3906 1372 3981 menti8‚
1432 3905 1776 3969 universim
1837 3908 2116 3971 maxima
2161 3906 2330 3971 bona
2382 3928 2460 3970 ex
2510 3906 2705 3990 hujus

402 4003 658 4087 Imperii
726 4002 1139 4067 institutione
1217 4007 1282 4065 et
1359 4002 1706 4066 existentia
1781 4024 1896 4086 pro
1973 4001 2277 4067 societate
2354 4002 2704 4066 christiana

404 4100 804 4183 profluxisse,
882 4102 1077 4183 atque
1151 4101 1371 4164 eadem
1444 4098 1783 4181 praecipue
1862 4100 2103 4164 factum
2176 4121 2341 4177 esse,
2414 4103 2490 4162 ut
2555 4120 2704 4163 vera
