3270 5028
875 449 957 504 De
994 447 1375 503 Decretalibus
1412 446 1992 502 Pseudo-Isidoriania
2482 449 2584 501 291

279 592 586 677 negotiiS‚
649 592 718 655 in
781 590 1013 675 quibus
1069 612 1229 674 opus
1275 594 1443 655 esset
1504 590 1974 673 disceptatione
2027 590 2299 674 majore,
2360 587 2585 653 Sedem

280 710 528 772 semper
586 687 984 754 consuluisse
1043 686 1431 762 Romanam,
1486 691 1552 752 et
1610 686 1861 770 quoties
1921 708 2074 751 usus
2134 686 2379 769 exegit,
2449 687 2587 770 ejus

281 786 591 851 auxilium
645 785 1062 868 postulasse.“
1154 781 1523 868 (Constant.
1572 782 1966 866 Epp.,Rom.
2009 780 2203 847 Pont.
2262 803 2321 864 p.
2368 779 2587 863 1042.)

281 880 601 947 Videlicet
644 881 737 945 rei
773 880 1152 966 substantia
1192 882 1261 944 in
1311 901 1385 944 eo
1430 879 1759 963 ponenda,
1814 878 1985 963 quod
2038 900 2265 943 causae
2311 880 2588 963 majores

280 978 532 1043 definiri
603 999 737 1043 non
803 976 1082 1041 debeant
1151 979 1311 1041 citra
1377 976 1769 1041 sententiam
1835 981 1900 1040 et
1963 997 2343 1042 consensum
2407 971 2589 1038 Sedis

279 1074 709 1158 Apostolicae.
818 1072 1282 1138 Secundarium
1346 1072 1501 1156 quid
1564 1072 1721 1150 suit,
1791 1078 2010 1138 utrum
2071 1076 2217 1156 post
2272 1069 2587 1156 judicium

278 1172 715 1254 episcoporum
776 1170 857 1235 ad
912 1170 1491 1245 confirmationem,
1552 1170 1657 1233 vel
1709 1169 1848 1252 jam
1897 1174 2049 1233 ante
2101 1167 2261 1231 illud
2304 1166 2588 1231 referen-

207 1341 210 1352 ,
276 1267 395 1331 dae
442 1272 688 1344 essent,
748 1267 940 1351 idque
998 1266 1429 1331 determinare
1489 1266 1559 1330 in
1614 1269 1936 1348 potestate
1986 1265 2376 1331 Pontificum
2427 1268 2586 1327 erat.

277 1364 566 1447 Ipsorum
614 1367 788 1427 certe
847 1362 1042 1426 etiam
1099 1367 1241 1425 erat
1295 1360 1676 1444 dijudicare,
1735 1382 1827 1446 an
1875 1361 2304 1445 depositiones
2353 1360 2589 1444 episco-

277 1482 503 1544 porum
550 1456 630 1522 ad
676 1481 899 1523 causas
946 1460 1217 1543 majores
1264 1458 1692 1541 pertinerent3
1750 1458 1880 1521 imo
1926 1458 2045 1521 hac
2090 1457 2166 1522 de
2211 1479 2287 1521 re.
2327 1462 2589 1541 propter

276 1557 582 1641 adjuncta
645 1556 963 1619 diversum
1035 1555 1251 1639 potuit
1319 1576 1453 1619 esse
1508 1554 1845 1638 judicium.
1960 1553 2084 1619 Sed
2155 1558 2330 1618 certe
2396 1574 2587 1617 nemo

276 1652 495 1717 mirari
562 1656 804 1736 potest,
883 1652 1054 1736 quod
1132 1649 1437 1715 Nicolaus
1504 1651 1558 1716 Ι.
1640 1650 2070 1735 depositiones
2149 1651 2586 1734 episcoporum

277 1749 482 1815 causis
540 1748 887 1833 majoribus
949 1748 1379 1832 adscripserit,
1440 1747 1496 1812 si
1558 1750 1802 1811 statum
1858 1769 2075 1811 rerum
2132 1748 2304 1811 illius
2351 1747 2584 1811 aetatis

275 1845 707 1929 perpenderit.
811 1844 1191 1909 Essentialis
1255 1845 1529 1909 mutatio
1593 1844 1968 1928 disciplinae
2026 1845 2314 1927 profecto
2374 1845 2586 1908 nulla·

277 1948 469 2007 tenus
512 1941 660 2006 inde
707 1941 1082 2006 dimanavit.

454 2076 557 2141 82.
614 2074 715 2138 Ad
762 2074 1223 2158 appellationes
1270 2071 1802 2155 presbyterorum
1861 2071 2027 2156 quod
2073 2076 2351 2156 spectat,
2413 2072 2587 2136 Zosi-

278 2195 451 2236 mum
499 2170 908 2253 (417ffl418)
966 2170 1337 2235 Innocentii
1397 2191 1824 2235 successorem
1888 2170 2374 2252 appellaverunt
2435 2168 2586 2235 Coe-

276 2270 503 2333 lestius
545 2267 796 2352 Pelagii
840 2267 1065 2347 sociuS,
1112 2272 1177 2332 et
1222 2267 1526 2351 Apiarius
1569 2266 1910 2350 presbyter
1943 2265 2310 2345 Africanus,
2358 2289 2396 2331 a
2439 2288 2586 2331 sen·

275 2365 488 2430 tentia
532 2365 969 2448 episcoporum
1013 2363 1290 2428 Africae.
1382 2363 1666 2429 Zosimus
1722 2365 1987 2448 ejusque
2033 2384 2420 2428 successores
2468 2363 2589 2427 Bo-

279 2462 547 2527 nifatius
607 2458 1032 2543 (418—422)
1103 2463 1169 2524 et
1241 2459 1644 2526 Coelestinus
1715 2458 2142 2541 (422—432)
2213 2461 2588 2527 nullatenus

278 2559 661 2623 dubitarunt
739 2559 1050 2643 ejusmodi
1127 2557 1645 2642 presbyterorum
1722 2558 2181 2641 appellationes
2252 2562 2587 2640 suscipere,

280 2676 625 2739 eorumque
694 2677 950 2719 causam
1024 2655 1392 2720 examinare
1467 2658 1533 2718 et
1607 2653 1927 2719 dirimere.
2024 2654 2266 2720 Notum
2334 2654 2588 2738 quidem

280 2756 409 2830 est,
488 2752 570 2815 ob
645 2751 1147 2836 appellationem
1207 2750 1462 2834 Apiarii
1529 2750 2018 2822 reclamationes
2077 2751 2589 2815 vehementiores

2623 2067 2897 2121 Appellatio-

2618 2142 2693 2171 nes
2722 2129 2899 2182 presby-

2656 2192 2858 2233 tororum.

280 2850 719 2933 episcoporum
766 2846 1023 2912 Africae
1080 2852 1338 2912 exortas
1395 2847 1621 2923 fuisse3
1684 2847 1793 2913 sed
1851 2849 1930 2913 iis
1990 2869 2398 2932 nequaquam
2460 2847 2584 2911 Ro·
2673 2908 2676 2913 .

282 2947 460 3010 mani
514 2944 860 3009 Pontifices
914 2941 1321 3024 cesserunt.²)
1409 2944 1700 3008 Zosimus
1753 2966 1951 3028 quum
2010 2944 2345 3027 Apiarium
2402 2945 2587 3008 resti·

278 3041 591 3107 tuendum
637 3038 1005 3117 mandaret,
1067 3041 1438 3124 provocavit
1480 3040 1559 3104 ad
1613 3062 1891 3106 canones
1934 3038 2368 3116 SardicenseS,
2428 3062 2588 3123 quos

279 3140 451 3204 bona
510 3137 634 3202 fide
693 3137 1011 3203 Nicaenos
1072 3137 1262 3213 dixit3
1325 3141 1519 3221 atque
1581 3137 2051 3202 controversiae
2111 3136 2370 3200 acrioris
2435 3136 2591 3201 haec

279 3236 405 3300 fuit
462 3236 725 3300 occasio.
831 3234 1040 3310 Quum
1107 3234 1279 3297 enim
1342 3235 1617 3318 episcopi
1682 3233 1974 3297 Africani
2038 3234 2212 3297 inter
2272 3231 2590 3299 Nicaenos

281 3354 560 3398 canones
604 3333 749 3398 illos
796 3353 930 3396 non
975 3331 1374 3408 invenirent,
1421 3327 1798 3395 Sardicense
1846 3351 1997 3395 vero
2043 3330 2383 3395 concilium
2429 3332 2590 3414 ejus·

281 3452 405 3514 que
447 3451 724 3494 canones
770 3451 901 3494 non
953 3432 1443 3511 cognoscerent,
1501 3427 1786 3491 obsecuti
1845 3427 2103 3511 quidem
2155 3431 2308 3493 sunt
2355 3426 2587 3492 Zosimi

280 3526 630 3604 mandatiS,
685 3526 1065 3609 regulasque
1115 3523 1197 3587 ab
1241 3524 1378 3607 ipso
1425 3525 1654 3589 allatas
1700 3546 1767 3589 se
1811 3528 2173 3588 servaturos
2220 3524 2589 3607 promisere,

280 3624 483 3688 donec
530 3623 929 3705 exemplaria
985 3619 1229 3705 Synodi
1283 3618 1610 3685 Nicaenae
1668 3642 1745 3685 ex
1793 3620 2060 3686 Oriente
2115 3620 2588 3685 obtinerentur.

280 3719 591 3784 Attamen
632 3721 769 3803 jam
811 3719 891 3783 ab
935 3740 993 3782 a.
1040 3719 1169 3782 418
1219 3717 1289 3780 in
1334 3717 1577 3800 synodo
1623 3739 1934 3782 canonem
1981 3719 2416 3801 confecerant,
2462 3739 2591 3800 quo

281 3817 674 3901 presbyteris
719 3814 1198 3880 interdicebant
1242 3811 1706 3895 appellationes
1751 3811 2254 3892 transmarina8‚
2304 3818 2372 3877 et
2415 3835 2588 3876 anno

280 3914 410 3978 419
474 3912 805 3977 Bonifatio
862 3912 1362 3976 transmiserunt
1431 3911 1753 3994 exemplar
1821 3909 2049 3993 synodi
2080 3962 2083 3969 f
2117 3909 2441 3974 Nicaenae
2510 3932 2589 3973 ex

284 4009 551 4075 Oriente
585 4009 873 4088 allatum,
925 4013 996 4073 ut
1040 4008 1473 4086 ostenderent,
1518 4028 1796 4072 canones
1821 4029 1859 4071 a
1889 4007 2307 4072 Pontificibus
2356 4007 2592 4072 citatos

465 4181 507 4251 ¹)
547 4183 687 4236 Vide
727 4183 792 4238 de
830 4182 1058 4252 Apiario
1094 4181 1326 4236 Dissert.
1365 4186 1493 4236 tom.
1531 4181 1605 4235 II.
1642 4154 1696 4249 p.
1735 4184 1841 4235 217
1879 4198 1992 4250 sqq.

2281 4266 2378 4320 19*
