3270 5028
944 427 1114 482 Initia
1149 427 1394 483 haeresis
1430 426 1914 482 Iconoclastarum.
2524 432 2589 484 19

277 569 692 647 cidentalem,
762 574 902 633 tum
978 568 1445 652 Imperatorum
1522 576 1664 633 tum
1739 572 2106 652 praesulum
2183 568 2591 634 orientalium

280 666 468 749 culpa
523 666 727 750 magis
786 665 1119 750 magisque
1176 665 1709 745 dissolverentur,
1768 687 2044 751 magnus
2103 668 2380 731 oriretur
2426 688 2593 731 com-

280 763 504 845 plexus
570 762 910 827 nationum
985 762 1478 828 christianarum
1552 761 1945 840 Occidentis,
2032 784 2196 846 quae
2273 762 2592 827 Ecclesiae

283 858 510 942 Capiti,
574 858 864 924 Romano
919 858 1254 938 Pontifici,
1316 859 1485 924 fideli
1550 858 1920 923 obedientia
1980 859 2318 924 devinctae
2382 862 2589 922 erant.

277 954 495 1038 Atque
551 955 782 1020 exinde
837 957 905 1021 in
956 954 1318 1020 Occidentis
1377 956 1626 1039 populis
1682 955 1958 1019 maxime
2013 956 2208 1019 situm
2263 955 2595 1019 invenitur

278 1049 598 1115 Ecclesiae
643 1052 855 1116 robur.

1390 1341 1487 1408 II.

600 1470 742 1532 De
801 1476 1034 1533 ortu
1091 1475 1181 1533 et
1228 1485 1773 1550 progressu
1827 1469 2286 1533 haeresis

994 1566 1885 1630 Iconoclastarum.

453 1721 557 1784 22.
624 1722 798 1797 Quae
858 1721 1139 1786 indolem
1203 1721 1414 1785 cultus
1475 1741 1803 1784 sacrarum
1860 1720 2216 1802 imaginum
2276 1725 2592 1803 spectant,
2615 1726 2768 1800 cuspus
2824 1712 2957 1772 imas

274 1819 345 1883 in
392 1818 747 1902 Theologia
791 1818 1154 1902 dogmatica
1199 1817 1405 1881 fusius
1453 1813 1959 1899 explicantur31)
2024 1838 2226 1898 pauca
2289 1816 2390 1880 hic
2444 1821 2593 1881 tan·
2683 1803 2844 1843 gumm'

278 1922 419 1979 tum
465 1915 830 1995 innuimus,
885 1935 1049 1998 quae
1106 1915 1185 1978 ad
1241 1912 1578 1977 historiam
1638 1917 1706 1978 et
1754 1913 2186 1977 evolutionem
2244 1913 2414 1978 illius
2466 1916 2596 1978 cul-

275 2016 381 2077 tus
448 2013 798 2094 pertinent.
914 2009 1150 2075 Primis
1218 2010 1301 2074 ab
1366 2013 1514 2073 ortu
1579 2009 1913 2094 religionis
1984 2008 2368 2074 christianae
2438 2014 2596 2074 tem-

274 2108 536 2190 poribus
545 2154 563 2186 ,
627 2130 822 2192 quum
871 2106 1074 2171 adhuc
1122 2106 1386 2191 gentilis
1442 2104 1513 2169 in
1561 2127 1698 2169 eam
1758 2104 2195 2170 exardesceret
2253 2107 2462 2185 furor,
2532 2111 2598 2171 et

275 2205 345 2267 in
410 2203 745 2268 hominum
824 2202 1151 2267 mentibus
1231 2201 1439 2266 adhuc
1509 2203 1748 2266 lateret
1817 2202 2129 2266 idolorum
2206 2204 2596 2286 superstitiO,

277 2321 409 2364 non
468 2305 603 2364 tam
666 2300 1018 2364 solemnem
1089 2299 1286 2363 fuisse
1351 2320 1677 2363 sacrarum
1734 2319 1925 2362 usum
1995 2303 2060 2362 et
2129 2300 2372 2363 cultum
2435 2301 2593 2364 ima·-

275 2397 529 2481 ginum,
593 2396 879 2480 theologi
933 2397 1171 2478 passim
1227 2391 1903 2476 animadverterunt.²)
1995 2394 2155 2459 Cum
2209 2397 2379 2460 enim
2433 2398 2592 2461 ima-

275 2493 460 2578 gines
549 2514 626 2558 ex
705 2516 924 2558 eorum
1010 2512 1246 2577 genere
1323 2491 1488 2570 sint,
1575 2514 1741 2576 quae
1818 2492 1898 2557 ad
1976 2493 2251 2557 salutem
2331 2496 2594 2560 omnino

277 2591 633 2655 necessaria
699 2612 831 2654 non
899 2595 1082 2665 sunt,
1154 2611 1275 2654 nec
1340 2589 1420 2652 ad
1487 2589 1922 2653 substantiam
1995 2590 2199 2672 ipsam
2262 2590 2591 2675 religionis

276 2688 642 2770 pertinent,
706 2688 776 2750 in
846 2690 1164 2770 potestate
1234 2684 1555 2750 Ecclesiae
1620 2691 1747 2763 est,
1813 2689 1889 2749 ut
1953 2708 2058 2750 eas
2120 2686 2224 2749 vel
2291 2686 2595 2751 adhibeat

280 2784 380 2848 vel
427 2785 709 2867 ableget,
772 2806 888 2867 pro
950 2805 1024 2847 eo
1078 2787 1274 2867 atque
1337 2782 1539 2847 satius
1597 2803 1736 2846 esse
1797 2782 2176 2862 decreverit,
2239 2784 2593 2868 cujusmodi

266 2878 542 2961 positivi
588 2881 782 2965 vulgo
825 2878 1014 2961 juris
1068 2901 1206 2943 esse
1263 2879 1581 2943 dicuntur.
1646 2915 1728 2924 —-
1794 2878 2111 2943 Attamen
2163 2879 2311 2943 inde
2369 2901 2407 2943 a
2466 2880 2591 2963 pri-

278 2978 399 3041 mis
466 2977 925 3042 christianismi
996 2976 1267 3041 saeculis
1339 2980 1440 3039 sat
1507 2976 1914 3059 frequentem
1982 2975 2180 3040 fuisse
2242 2976 2594 3060 imaginum

280 3095 494 3157 usum,
558 3077 781 3138 nostro
847 3080 1133 3157 tempore
1191 3073 1327 3158 jam
1394 3072 1661 3136 eruditis
1724 3077 2000 3137 constat.
2114 3070 2191 3135 Id
2249 3072 2421 3135 enim
2482 3094 2588 3155 pa·
2629 3078 2790 3181 Ρῐίῐῖιίῧ
2819 3092 2908 3162 ἐκ·

278 3170 442 3247 tuit,
508 3191 584 3233 ex
651 3191 781 3253 quo
842 3170 1201 3234 accuratius
1264 3169 1649 3233 coemeteria
1710 3168 2164 3250 subterranea,
2237 3190 2350 3232 seu
2418 3174 2592 3233 cata·
2704 3151 2726 3180 ⁰
2795 3153 2832 3183 ‘³'

278 3266 546 3331 cumbae
578 3266 1108 3342 Christianorum,
1157 3265 1694 3348 ecclesiarumque
1741 3268 2004 3348 cryptae
2045 3265 2375 3348 explorata
2418 3270 2590 3329 sunt.

277 3362 449 3436 Illud
517 3384 669 3427 vero
746 3362 1074 3426 advertere
1140 3361 1426 3445 juvabit,
1505 3362 1710 3426 tribus
1786 3362 2102 3444 prioribus
2178 3362 2447 3426 saeculis
2522 3363 2594 3426 in

278 3458 639 3542 imaginum
700 3480 818 3523 usu
880 3457 1317 3541 praevaluisse
1387 3454 1821 3521 characterem
1885 3455 2591 3540 symbolice-doqmati-

279 3574 457 3632 cum,
519 3558 839 3638 quatenus
905 3554 1254 3618 christiana
1316 3553 1618 3638 dogmata
1678 3554 1798 3618 sub
1856 3554 2080 3638 figuris
2141 3556 2242 3619 vel
2305 3555 2594 3637 personis

279 3650 648 3734 symbolicis
711 3651 1241 3734 exprimerentur.
1349 3649 1445 3715 Eo
1509 3651 1842 3733 pertinent
1900 3650 2189 3733 symbola
2244 3651 2430 3736 agni,
2491 3672 2593 3715 co-

279 3746 566 3829 lumbae,
613 3748 822 3831 piscis,
870 3746 1109 3829 Moysis
1159 3768 1236 3810 ex
1281 3750 1464 3830 petra
1513 3768 1746 3831 aquam
1794 3748 2142 3825 elicientiS,
2193 3748 2401 3812 Jonae
2444 3769 2593 3830 pro-

279 3844 517 3927 phetae
580 3843 957 3926 prodeuntis
1021 3865 1095 3907 ex
1161 3864 1271 3908 ore
1335 3843 1553 3927 pisciS,
1619 3842 1910 3908 Danielis
1972 3844 2145 3909 inter
2213 3846 2461 3922 leones,
2529 3847 2595 3909 et

466 4067 509 4132 ¹)
547 4065 687 4121 Vide
723 4071 1023 4120 tractatum
1061 4076 1307 4122 nostrum
1344 4067 1410 4120 de
1446 4067 1609 4122 Verbo
1645 4067 1947 4133 incar-nate,
1985 4069 2046 4121 P.
2088 4068 2162 4121 H.
2199 4069 2256 4122 C.
2296 4069 2370 4123 II.
2411 4086 2458 4123 a.
2496 4070 2590 4124 IV.

461 4144 504 4212 ²)
544 4145 650 4198 Cfr.
691 4144 884 4199 Petav.
924 4145 988 4199 de
1026 4145 1237 4200 Incarn.
1276 4147 1338 4200 L.
1375 4146 1576 4214 XV.„0„
1619 4149 1703 4200 13.
1789 4201 1790 4204 ,

2255 4234 2383 4285 .2*
