3270 5028
1199 440 1366 493 Initia
1404 439 1705 493 scissionis,
2500 440 2606 491 353

282 579 587 663 (Ignatii)
635 584 695 643 et
741 578 1226 668 confirmatione
1266 578 1491 645 Photii
1535 598 1878 661 nunquam
1922 577 2200 653 misisse,
2261 598 2601 660 nunquam

291 674 611 739 missuros
656 695 812 755 esse,
874 680 935 740 et
978 675 1051 741 in
1097 675 1490 758 depositione
1534 680 1751 741 vestra
1795 674 1893 740 vel
1928 673 2333 756 promotione
2377 674 2606 739 Photii

293 791 638 853 nunquam
684 772 1112 853 consensisse,
1161 793 1504 854 nunquam
1552 792 1972 838 consensuros
2026 768 2228 853 esse.¹)
2318 771 2637 855 Impera--

293 870 456 933 toris
505 869 762 952 quidem
806 870 1058 955 legatus
1108 870 1239 935 Leo
1288 873 1464 934 nisus
1506 893 1645 935 esse
1692 870 1966 947 videtur,
2022 873 2096 933 ut
2141 868 2478 934 Nicolaum
2526 869 2605 932 ad

295 967 696 1048 agnitionem
765 965 986 1031 Photii
1055 966 1488 1050 pertraheret,
1568 967 1940 1050 Romaeque
2021 967 2333 1030 remansit
2412 987 2605 1049 usque

291 1064 466 1125 ultra
510 1062 789 1126 medium
841 1062 1161 1128 Martium.
1252 1061 1376 1127 Sed
1440 1064 1664 1127 firmus
1723 1064 1789 1127 in
1849 1085 1961 1126 suo
2013 1060 2256 1145 judicio
2320 1062 2607 1144 perstitit

291 1157 629 1234 Pontifex,
686 1160 1242 1242 proficiscentique
1299 1161 1514 1244 legato
1556 1160 1807 1224 litteras
1863 1158 2127 1222 tradidit
2175 1159 2254 1221 ad
2299 1157 2605 1223 Photium

288 1261 363 1319 et
400 1255 882 1338 Imperatorem,
927 1257 1159 1339 quibus
1205 1256 1269 1319 id
1310 1258 1399 1320 eis
1446 1257 1852 1341 significavit.

472 1352 579 1417 42.
626 1350 830 1416 Simul
876 1374 1025 1416 vero
1070 1353 1369 1417 Nicolaus
1410 1352 1816 1436 Encyclicam
1864 1351 2040 1415 dedit
2085 1350 2166 1414 ad
2210 1351 2604 1434 patriarchas

293 1452 363 1512 et
409 1450 701 1513 ecclesias
749 1447 1032 1513 Orientis
1084 1449 1143 1512 d.
1192 1450 1248 1514 d.
1302 1450 1399 1514 18.
1447 1448 1669 1514 Martii
1725 1450 1884 1526 862,
1944 1470 2071 1531 qua
2125 1448 2471 1530 apostolico
2519 1448 2606 1511 vi-

292 1565 448 1628 gore
493 1545 737 1629 Ignatii
784 1545 1251 1629 depositionem
1299 1551 1363 1611 et
1401 1545 1620 1611 Photii
1664 1544 2148 1628 usurpationem
2196 1543 2602 1623 condemnat,

285 1643 635 1728 jubetque,
690 1642 857 1707 hanc
904 1664 1085 1707 suam
1133 1645 1524 1708 sententiam
1587 1663 1808 1706 omnes
1863 1641 2162 1705 ecclesiae
2209 1642 2604 1723 amplectan-

295 1743 424 1803 tur.
531 1736 726 1815 Unde,
774 1740 1026 1823 scribit,
1064 1738 1460 1822 9eneraliter
1504 1741 1812 1820 aynoscat
1859 1734 2069 1802 omnis
2112 1734 2408 1801 Ecclesia
2452 1755 2602 1801 san·

288 1836 563 1912 ctorum,
613 1834 771 1916 quia
814 1856 929 1900 nec
972 1840 1199 1901 nostra
1241 1834 1378 1918 fuit
1423 1834 1842 1913 conscientia,
1897 1853 2011 1897 nec
2042 1832 2260 1915 jussio
2276 1881 2292 1910 ,
2340 1852 2455 1897 nec
2499 1853 2603 1897 vo-

290 1929 537 2010 luntas,
583 1950 780 2014 super
819 1931 1052 1997 Photii
1098 1929 1553 2014 subroqatione
1596 1932 1696 1996 vel
1740 1929 1998 2014 Iynatii
2033 1929 2459 2012 patriarchae
2503 1930 2606 1994 de·

286 2025 652 2109 positione,·
716 2033 777 2093 et
830 2049 1025 2111 super
1085 2028 1529 2112 hujuscemodi
1574 2023 2259 2110 praevaricationibus
2316 2025 2605 2090 omnium

296 2127 659 2188 vestrorum
734 2124 1073 2190 sanctitati
1136 2124 1625 2208 satisfaciendO,
1719 2122 2050 2187 verissime
2121 2121 2604 2203 denuntiamus,

291 2218 456 2299 quia
490 2224 641 2302 post
685 2220 1092 2286 verissimam
1117 2222 1330 2287 nostri
1374 2220 1699 2286 examinis
1738 2217 2259 2284 deliberationem
2289 2238 2404 2283 nec
2434 2217 2603 2282 Pho-

291 2315 465 2380 -tium
511 2316 886 2398 recipimus,
948 2339 1061 2383 nec
1108 2318 1450 2401 anatium
1497 2315 1956 2400 patriarcham
2012 2314 2428 2394 damnamus,
2494 2335 2607 2379 nec

288 2411 627 2495 jussimus,
674 2434 788 2478 nec
832 2414 1291 2495 consensimus,
1338 2435 1452 2480 nec
1494 2418 1714 2478 ratam
1760 2410 2201 2494 hujuscemodi
2248 2410 2605 2476 ordinatio·

295 2530 442 2574 nem
486 2509 585 2575 vel
636 2510 1054 2593 indiscretam
1117 2511 1573 2595 depositionem
1620 2530 1882 2576 manere
1931 2508 2340 2592 judicamus,
2403 2529 2606 2590 neque

289 2605 556 2686 firmam
598 2607 835 2690 absque
872 2610 1100 2693 justae
1155 2609 1553 2691 definitionis
1606 2606 1987 2672 liberamine
2042 2605 2177 2672 ullo
2232 2605 2416 2669 modo
2461 2626 2607 2668 con·

288 2701 636 2784 sentimus,
694 2725 808 2770 nec
854 2705 1196 2789 anatium
1243 2706 1533 2771 videlicet
1566 2702 2025 2787 patriarcham
2070 2700 2246 2766 inter
2291 2698 2607 2782 depositos

292 2803 677 2881 reputamus
721 2823 926 2886 neque
969 2803 1437 2886 reputabimus,
1481 2802 1590 2867 sed
1635 2822 1750 2866 nec
1779 2798 2093 2864 Photium
2137 2797 2211 2861 in
2257 2796 2605 2879 episcopali

291 2896 521 2960 ordine
577 2918 1093 2979 annumeramus
1147 2921 1260 2965 nec
1313 2897 1912 2964 annumerabimus.
1974 2947 1988 2960 .
2054 2944 2068 2957 .
2133 2945 2146 2958 .
2207 2893 2301 2957 Et
2359 2897 2436 2956 ut
2497 2914 2608 2957 vos

290 2990 496 3075 hujus
542 2993 728 3058 Sedis
763 2995 1189 3079 privileqium
1235 2995 1362 3060 rite
1407 2997 1766 3072 servantes,
1817 2990 1979 3074 pari
2031 2988 2343 3071 religione
2389 2988 2605 3053 catho-

292 3088 433 3168 lici,
484 3093 647 3173 pari
696 3091 892 3157 etiam
945 3092 1276 3158 nobiscum
1322 3113 1517 3174 super
1571 3086 1961 3154 venerabilis
2003 3085 2259 3169 Iynatii
2306 3085 2603 3167 patriar-

291 3186 449 3251 chae
492 3188 836 3253 sacerdotii
881 3188 1367 3272 recuperatione
1427 3193 1488 3253 et
1527 3184 1753 3253 Photii
1797 3182 2173 3266 pervasoris
2229 3181 2605 3265 expulsione

291 3284 515 3349 eadem
557 3284 874 3365 sentiatis,
921 3285 1271 3369 apostolica
1301 3283 1692 3351 auctoritate
1737 3279 1911 3345 vobis
1954 3278 2370 3362 injunqimus
2414 3282 2608 3360 atque

278 3379 663 3464 jubemus.²)
772 3383 850 3447 In
929 3384 1197 3468 epistola
1275 3383 1353 3447 ad
1419 3383 1720 3446 Photium
1798 3379 1992 3442 missa
2061 3376 2364 3441 Pontifex
2426 3374 2635 3440 Sedis

296 3480 706 3563 Apostolieae
774 3482 1224 3546 auctoritatem
1301 3479 1614 3554 vindicat,
1689 3476 1865 3540 illius
1928 3477 2307 3557 argumenta
2385 3477 2605 3536 severa

289 3577 682 3641 discussione
727 3576 999 3652 refutat,
1047 3577 1233 3661 eique
1276 3577 1533 3640 demum
1579 3574 1874 3651 nuntia-t,
1934 3571 2173 3656 Ignatii
2218 3569 2605 3634 condemna-

295 3675 538 3737 tionem
585 3673 757 3738 haud
803 3673 1027 3757 recipi,
1093 3672 1202 3739 sed
1248 3673 1423 3737 hunc
1469 3678 1541 3737 ut
1578 3671 1937 3754 legitimum
1988 3667 2420 3751 patriarcham
2470 3687 2605 3730 esse

296 3770 679 3844 habendum,
745 3771 1048 3836 Photium
1109 3793 1259 3834 vero
1323 3792 1455 3835 non
1522 3767 1802 3852 agnosci.
1892 3763 1986 3829 Et
2047 3761 2215 3828 sicut
2275 3760 2462 3826 illum
2531 3760 2604 3826 in

286 3865 577 3948 pristino
632 3866 873 3932 honore
928 3887 1344 3947 mansurum,
1406 3865 1466 3930 si
1526 3865 1586 3929 ei
1641 3859 2087 3928 damnationis
2144 3858 2426 3924 crimina
2472 3879 2602 3923 non

478 4095 516 4159 1)
553 4093 727 4161 Epist.
770 4097 860 4148 13·
895 4097 962 4169 ad
1001 4096 1209 4163 Ignat.;
1251 4094 1431 4147 Labbe
1456 4093 1610 4146 VIII.
1652 4093 1771 4145 381.

477 4175 520 4240 2)
557 4176 735 4242 Epist.
771 4179 851 4243 4⁸3
889 4176 1072 4229 Labbe
1101 4175 1255 4228 VIII.
1292 4178 1412 4228 277.

393 4273 664 4324 Jungmann,
690 4273 1045 4314 DissertationeS.
1099 4274 1221 4316 Tom.
1253 4273 1340 4314 ΠΙ.
2219 4257 2287 4306 23

2644 1358 2816 1401 Nicolai
2847 1360 2933 1401 En-

2695 1420 2872 1473 cyclica.
