3270 5028
1107 457 1190 510 De
1228 455 1578 510 institutione
1614 454 1853 522 Imperii.
2533 457 2635 508 177

317 602 490 663 natu
537 601 934 677 coronatum,
984 604 1050 662 et
1098 618 1140 662 a
1187 596 1327 660 Deo
1375 599 1752 660 coronatum
1794 595 2029 679 passim
2076 618 2142 659 se
2186 594 2515 675 dicebat.¹)
2545 632 2633 641 —-

320 693 877 779 Sapientissimum
944 716 1094 759 vero
1162 694 1291 757 fuit
1361 694 1699 758 consilium
1766 692 2033 769 LeoniS,
2106 695 2182 754 ut
2256 693 2391 775 ipse
2458 714 2633 755 sum-

320 814 458 855 mus
514 791 837 856 Ecclesiae
897 790 1207 856 Pontifex
1271 793 1691 872 omniumque
1752 788 2035 852 fidelium
2093 789 2324 852 Pastor
2389 792 2454 850 et
2513 788 2632 850 Re-

317 893 456 952 ctor
531 888 944 955 coronatione
1021 890 1089 950 et
1176 886 1678 970 proclamatione
1757 885 1970 949 Caroli
2044 884 2167 949 hoc
2253 885 2631 949 institueret

317 983 668 1066 Imperium
729 1005 994 1048 sacrum.
1093 983 1238 1047 Hac
1297 983 1470 1046 enim
1536 984 1788 1047 ratione
1845 982 2231 1065 peculiarem
2294 986 2359 1044 et
2422 1003 2634 1046 essen-

318 1081 539 1145 tialem
597 1079 858 1163 Imperii
923 1079 1117 1162 hujus
1173 1079 1639 1156 characterem,
1703 1077 2015 1154 indolem,
2078 1078 2465 1162 dignitatem
2514 1076 2635 1140 Ec·

319 1178 511 1242 clesia
551 1198 663 1240 seu
695 1198 981 1240 summus
1010 1176 1318 1240 Pontifex
1360 1175 1836 1239 determinavit.
1915 1173 1993 1237 Id
2023 1174 2318 1238 videlicet
2350 1174 2483 1238 Leo
2509 1173 2633 1237 ΙΙΙ.

321 1274 738 1338 coronatione
807 1272 1022 1337 Caroli
1090 1272 1463 1355 praesertim
1534 1271 1851 1349 intendit,
1922 1275 1996 1335 ut
2070 1273 2245 1335 inter
2318 1271 2635 1381 principes

321 1369 551 1454 aliquis
611 1374 804 1461 esset,
869 1368 1355 1478 potentissimus
1427 1367 1689 1478 quidem
1748 1370 1884 1452 jam
1959 1368 2309 1431 multarum
2376 1367 2630 1450 provin-

320 1490 562 1532 ciarum
624 1459 1059 1550 possessione,
1133 1465 1243 1528 sed
1319 1467 1421 1528 cui
1495 1465 1772 1528 maxime
1848 1469 1915 1528 et
1993 1463 2405 1548 peculiariter
2471 1485 2636 1528 com·

322 1564 691 1626 mitteretur
759 1562 917 1626 illud
982 1561 1263 1626 officium
1331 1565 1398 1625 et
1464 1561 1576 1626 illa
1646 1561 1955 1646 dignitas,
2034 1565 2110 1625 ut
2175 1566 2345 1625 esset
2421 1566 2636 1644 prote·
2669 1576 2672 1577 ’

320 1666 457 1724 ctor
514 1663 581 1723 et
648 1659 949 1723 defensor
1019 1657 1342 1723 Ecclesiae
1413 1663 1479 1722 et
1548 1658 1830 1722 Romani
1891 1658 2227 1723 Pontificis
2293 1679 2366 1722 ac
2430 1658 2634 1721 totius

322 1757 648 1820 societatis
711 1754 1137 1832 christianae,
1210 1755 1447 1838 quique
1509 1755 1627 1818 sub
1687 1753 2008 1819 Ecclesiae
2070 1753 2424 1818 directione
2487 1753 2635 1817 reli-

321 1855 576 1938 gionem
646 1852 1068 1917 christianam
1140 1853 1407 1936 ejusque
1485 1852 1864 1934 multiplicia
1937 1853 2106 1916 bona
2176 1851 2416 1935 ubique
2490 1872 2635 1933 pro-

326 1955 611 2014 moveret
681 1953 747 2012 et
815 1947 1314 2033 amplificaret.²)
1427 1947 1726 2012 Vicissim
1796 1947 2080 2013 Ecclesia
2146 1948 2296 2011 huic
2362 1947 2635 2031 principi

321 2045 897 2130 praeeminentiam
983 2068 1136 2129 prae
1207 2046 1350 2109 aliis
1434 2045 1831 2129 principibus
1917 2044 2353 2128 honoremque
2444 2045 2636 2127 plane

325 2143 631 2206 eximium
696 2141 1096 2206 conciliabat.
1206 2141 1312 2205 Ita
1369 2142 1600 2206 intima
1662 2141 1775 2205 illa
1838 2143 2023 2218 unio,
2094 2164 2259 2224 quae
2325 2163 2403 2204 ex
2464 2142 2637 2206 sanis

323 2240 653 2323 principiis
724 2240 901 2302 inter
967 2241 1355 2321 potestatem
1423 2239 1825 2321 spiritualem
1894 2244 1961 2302 et
2028 2239 2447 2321 temporalem
2513 2237 2637 2301 rite

325 2336 727 2410 constitutiS,
794 2335 1115 2417 dignitate
1182 2339 1249 2398 et
1311 2335 1551 2399 honore
1616 2335 1955 2418 utriusque
2017 2336 2318 2412 servatiS,
2390 2355 2639 2417 semper

326 2431 684 2517 quaerenda
741 2437 871 2509 est,
930 2433 1000 2495 in
1061 2431 1373 2496 Pontifice
1432 2436 1497 2495 et
1554 2432 1952 2514 Imperatore
2011 2453 2357 2514 eorumque
2413 2436 2638 2494 mutuo

325 2531 553 2594 habitu
628 2551 806 2593 suam
880 2530 1255 2593 inveniebat
1338 2529 1686 2611 practicam
1763 2534 1829 2591 et
1902 2551 2215 2592 summam
2290 2529 2638 2612 expressio-

327 2648 504 2703 nem,
584 2648 856 2709 suosque
928 2624 1202 2689 debebat
1277 2626 1627 2709 producere
1703 2625 2022 2689 salutares
2098 2625 2381 2689 effectus.
2499 2624 2638 2688 Hoc

325 2722 638 2808 principio
712 2722 1041 2786 nitebatur
1099 2722 1261 2785 sacri
1323 2720 1603 2785 Romani
1659 2721 1925 2804 Imperii
1983 2722 2341 2803 instituti03
2415 2743 2636 2805 quam-

325 2820 421 2883 vis
465 2819 633 2882 forte
679 2840 812 2882 non
861 2817 1096 2895 omnia,
1145 2840 1311 2901 quae
1358 2839 1435 2881 ex
1483 2818 1604 2881 hoc
1651 2818 1967 2901 principio
1999 2817 2441 2895 dimanabant,
2488 2818 2637 2882 inde

328 2918 409 2979 ab
454 2915 642 2978 initio
704 2915 1004 2979 distincte
1050 2919 1246 2997 atque
1307 2914 1606 2997 explicite
1660 2914 1906 2978 fuerint
1964 2917 2324 2997 perspecta,
2385 2918 2452 2977 et
2506 2912 2638 2976 Leo

327 3012 566 3076 directe
642 3011 905 3075 nonnisi
980 3010 1305 3074 Ecclesiae
1381 3012 1845 3093 protectionem
1919 3011 1988 3074 in
2067 3009 2410 3074 Occidente
2485 3030 2638 3092 prae

328 3109 528 3174 oculis
576 3107 858 3172 haberet.

508 3243 602 3306 13.
678 3239 856 3303 Haec
923 3239 1386 3323 aliquantisper
1451 3224 1850 3302 illustremus
1922 3259 1999 3300 ex
2063 3236 2141 3300 iis
2210 3258 2375 3320 quae
2442 3236 2640 3300 habet

327 3340 405 3403 cl.
480 3339 788 3403 Wouters
863 3337 935 3400 in
1009 3335 1479 3400 Dissertatione
1563 3334 1639 3398 de
1717 3353 1881 3397 novo
1955 3331 2242 3415 Imperio
2312 3331 2637 3399 Romano,

331 3434 674 3520 „Sigonius
721 3434 1047 3517 explicans
1091 3432 1635 3496 instaurationem
1686 3431 1942 3513 collapsi
1997 3431 2067 3493 in
2117 3429 2462 3494 Occidente
2506 3429 2636 3494 Im-

328 3533 489 3617 perii
553 3531 829 3594 Romani
887 3531 957 3592 in
1008 3529 1236 3593 Carolo
1283 3527 1558 3611 Magno,
1619 3528 1715 3590 ita
1745 3527 2023 3591 scribit:
2090 3525 2291 3590 Hunc
2354 3524 2638 3608 diynita-

330 3627 416 3692 tis
459 3623 921 3708 imperatoriae
968 3622 1255 3703 titulum,
1304 3643 1507 3705 quum
1550 3621 1624 3688 in
1662 3621 1956 3689 Momillo
1990 3621 2363 3705 Auyustulo
2408 3621 2639 3686 ultimo

335 3722 696 3790 Occidentis
739 3721 1142 3803 Imperatore
1187 3724 1338 3786 ante
1384 3740 1594 3785 annos
1644 3719 1785 3808 fere
1835 3722 2145 3784 trecentos
2199 3717 2317 3783 sub
2362 3731 2640 3801 reynum

338 3820 698 3887 Gothorum
750 3818 826 3882 in
870 3816 1077 3882 Italia
1122 3815 1478 3899 defecisset,
1536 3815 1611 3880 in
1667 3815 1882 3880 eodem
1943 3814 2275 3880 Occidente
2326 3814 2642 3898 Pontifex

514 4029 560 4095 ¹)
599 4028 666 4081 V.
704 4028 974 4094 BalutiuS,
1014 4027 1247 4093 Capitul.
1287 4030 1328 4079 t.
1365 4026 1408 4078 I.
1448 4043 1499 4093 p.
1538 4028 1659 4079 247.
1700 4028 1819 4078 341.
1858 4026 1977 4079 345.

513 4107 556 4163 2)
600 4106 800 4175 „Quem
838 4115 1059 4161 auctore
1095 4107 1211 4160 Deo
1257 4104 1320 4159 in
1355 4104 1715 4174 defensionem
1750 4108 1803 4158 et
1827 4108 2139 4173 provectam
2179 4107 2395 4157 sanctae
2430 4103 2642 4157 univcr-

333 4188 468 4242 salis
501 4184 768 4240 Ecclesiae
803 4187 1115 4255 Augustum
1154 4185 1319 4240 hodie
1359 4182 1742 4239 sacravimuS.“
1818 4185 1885 4237 V.
1925 4184 2191 4251 superiuS.

388 4284 651 4336 Jnngmann,
686 4267 1044 4325 Dissertationes.
1099 4283 1220 4324 Tom.
1252 4282 1339 4324 III.
2367 4272 2433 4323 12

2720 1642 2899 1717 Imperii

2713 1725 2897 1768 indoles.

2682 3258 2931 3302 Evolvitur.
