3270 5028
918 476 1213 530 Concilium
1248 476 1650 530 oecumenicum
1689 483 1954 529 octavum.
2487 479 2585 529 401

455 616 632 696 „Nos
690 622 939 693 autem,
1000 619 1215 702 pergit
1260 616 1650 681 Anastasius
1707 617 1977 700 loquens
2041 616 2116 680 de
2181 619 2418 700 seipSO‚
2482 619 2592 701 qui

275 736 390 797 pro
452 736 639 778 causa
694 714 1005 797 nuptialis
1067 717 1435 779 contractus
1490 714 1665 778 inter
1723 717 2069 796 utrumque
2130 713 2588 796 Imperatorem

275 810 590 876 efficiendi
652 810 1017 885 aderamus,
1082 810 1181 873 his
1240 810 1296 873 ei
1359 810 1570 874 verbis
1633 810 1807 875 dicta
1867 811 2374 875 transmisimus:
2439 810 2588 877 Non

274 908 457 972 decet
505 908 983 990 imperatoriam
1031 911 1437 989 potestatem,
1483 912 1597 971 aut
1628 930 1705 971 ea
1751 906 1959 971 facere
2007 928 2171 991 quae
2205 906 2595 972 destruenda

275 1008 447 1080 sunt,
497 1007 612 1067 aut
658 1025 733 1067 ea
777 1003 1105 1067 destruere
1154 1024 1318 1086 quae
1364 1025 1498 1068 non
1544 1003 1933 1068 destruenda
1974 1004 2357 1067 consistunt.
2436 1003 2592 1068 Cum

276 1122 429 1184 ergo
474 1122 790 1164 consensu
834 1103 948 1164 tuo
996 1099 1420 1183 chirographa
1465 1100 1635 1164 facta
1678 1100 1954 1176 fuerint,
2010 1100 2063 1163 si
2110 1100 2279 1163 male
2327 1121 2595 1164 consen-

275 1198 450 1274 sisti,
507 1196 720 1280 palam
765 1197 1232 1279 poenitentiam
1279 1217 1424 1279 age,
1474 1191 1538 1259 et
1584 1195 1757 1279 quod
1804 1196 2015 1260 fecisti
2060 1218 2192 1261 non
2244 1197 2436 1271 clam,
2484 1196 2593 1260 sed

277 1295 483 1376 palam
551 1293 826 1357 destrue.
933 1292 1078 1357 Jam
1147 1315 1292 1357 vero
1354 1293 1408 1356 si
1465 1293 1630 1357 bene
1696 1293 1907 1357 fecisti
1969 1292 2458 1370 consentiendo,
2523 1297 2598 1357 ut

215 1440 220 1444 .
277 1389 427 1454 Sedi
458 1389 865 1473 Apostolicae
905 1411 1019 1472 pro
1067 1389 1292 1454 futura
1338 1391 1589 1454 cautela
1634 1391 1870 1454 fierent
1918 1390 1996 1453 ab
2046 1390 2355 1473 episcopis
2401 1389 2597 1455 chiro-

275 1487 549 1572 grapha:
598 1486 1012 1570 quamobrem
1063 1508 1157 1560 ea,
1205 1486 1545 1569 poenitens
1593 1487 1670 1550 de
1711 1487 1903 1564 bon0,
1950 1487 2226 1564 sublata,
2272 1486 2406 1569 tegi
2451 1503 2597 1551 con-

277 1586 521 1647 sentis?
588 1583 735 1647 Jam
768 1604 918 1646 vero
965 1583 1015 1646 si
1054 1583 1300 1658 fateris,
1348 1582 1517 1665 quod
1565 1606 1697 1648 non
1740 1588 1891 1649 voto
1930 1591 2045 1648 tuo
2090 1583 2333 1647 factum
2379 1582 2595 1664 fuerit,

277 1688 348 1746 ut
397 1682 812 1746 auferrentur
857 1680 1311 1764 chirographa,
1371 1680 1862 1763 respondemus:
1922 1679 2087 1743 Tum
2133 1679 2372 1763 liquido
2420 1682 2598 1763 pate-

277 1779 405 1853 bit,
463 1782 612 1842 voto
659 1782 773 1842 tuo
821 1799 952 1841 non
1009 1777 1206 1841 fuisse
1261 1781 1522 1841 tantum
1572 1777 1893 1860 piaculum
1951 1777 2388 1851 commissum,
2453 1797 2597 1839 eum

275 1876 392 1939 hos
437 1874 850 1958 distringens,
899 1896 1057 1957 quos
1091 1874 1342 1937 vicariis
1389 1895 1507 1957 pro
1548 1873 1834 1937 custodia
1868 1874 2117 1951 dedisti,
2168 1895 2334 1956 quae
2382 1873 2601 1937 ablata

277 1976 463 2045 sunt,
522 1992 627 2034 eos
673 1970 934 2034 reddere
979 1973 1127 2054 jure
1174 1970 1478 2053 coegeris.
1568 1968 1799 2053 Neque
1843 1970 2015 2033 enim
2072 1970 2181 2033 alii
2224 1969 2461 2033 debent
2506 1991 2599 2032 re-

282 2068 552 2132 stituere
599 2067 700 2130 vel
746 2068 1081 2152 corrigere,
1129 2060 1381 2149 si‘quid
1426 2066 1646 2130 vicarii
1695 2065 2150 2149 perdiderunt,
2198 2067 2299 2130 vel
2344 2066 2400 2128 si
2448 2065 2599 2149 quid

280 2165 529 2227 sinistri
573 2165 857 2246 perpessi
905 2168 1087 2239 sunt,
1132 2164 1256 2226 nisi
1305 2162 1431 2239 illi,
1493 2163 1603 2246 qui
1651 2161 1769 2226 hos
1816 2183 1960 2225 eum
2006 2162 2137 2225 suis
2182 2162 2479 2225 omnibus
2520 2160 2599 2224 ad

279 2259 765 2325 custodiendum
814 2264 1183 2323 reverenter
1238 2265 1300 2323 et
1348 2259 1728 2322 salvandum
1784 2258 2133 2343 insigniter
2186 2258 2598 2341 imperatoria

281 2358 524 2440 pietate
572 2360 1020 2438 receperunt.“

459 2452 592 2530 „At
660 2474 808 2517 vero
874 2453 1232 2537 Imperator
1294 2453 1396 2517 his
1462 2452 1698 2516 auditis
1765 2451 2098 2517 accersivit
2164 2450 2463 2528 vicarios,
2534 2455 2600 2514 et
2645 2448 2900 2552 Restttilzuun-

283 2551 372 2614 eis
441 2551 658 2614 omnia
725 2549 1151 2635 chirographa
1227 2550 1531 2625 reddidit,
1606 2550 1701 2614 ita
1769 2552 1846 2612 ut
1919 2570 2038 2612 nec
2106 2571 2321 2625 unum,
2368 2548 2596 2611 saltem
2806 2539 2817 2551 ’

280 2647 496 2710 deesse
555 2651 921 2729 putaretur,
986 2647 1235 2711 dicens:
1308 2647 1448 2731 Ego
1513 2647 1773 2730 quidem
1830 2651 1905 2709 ut
1966 2644 2342 2728 magistram
2403 2645 2599 2708 eccle-

281 2743 682 2807 siasticorum
730 2744 1137 2828 negotiorum
1184 2741 1409 2808 Sedem
1456 2742 1896 2826 Apostolicam
1952 2763 2065 2823 per
2119 2762 2297 2805 meos
2354 2742 2599 2824 legatos

281 2840 426 2918 adii,
476 2843 541 2903 et
585 2839 726 2904 ideo
774 2846 1050 2904 vestram
1100 2842 1533 2922 praesentiam
1583 2839 2023 2922 praestolatus
2068 2858 2231 2913 sum,
2279 2840 2355 2900 ut
2388 2841 2600 2902 vestro

279 2938 535 3000 decreto
579 2941 643 2998 et
688 2936 953 3000 solertia
998 2936 1263 2999 ecclesia
1309 2941 1533 2999 nostra
1592 2935 1873 2999 remedia
1919 2932 2215 2996 sanitatis
2264 2933 2599 3017 reciperet,

283 3040 348 3096 et
395 3054 696 3096 nos-non
743 3033 979 3095 nostris
1016 3032 1328 3108 motibus,
1375 3032 1484 3095 sed
1518 3039 1773 3095 vestrae
1804 3029 2170 3094 sententiae
2212 3051 2600 3112 pareremus,

283 3129 456 3212 Ergo
505 3127 930 3211 chirographa
986 3150 1146 3210 quae
1196 3150 1234 3190 a
1279 3130 1517 3192 nostris
1571 3127 2004 3192 sacerdotibus
2056 3147 2128 3188 ac
2179 3126 2426 3189 cunctis
2473 3127 2598 3190 cle-

282 3226 430 3289 ricis
498 3224 847 3288 salubriter
915 3224 1217 3307 exegistis
1286 3225 1590 3308 recipite,
1656 3230 1721 3288 et
1791 3222 2067 3306 spiritali
2135 3222 2307 3304 patri
2378 3227 2600 3287 nostro

284 3321 688 3386 sanctissimo
742 3318 958 3403 Papae
1017 3324 1519 3403 repraesentate.
1611 3322 1719 3385 Ita
1772 3327 1848 3384 ut
1904 3320 1956 3381 si
2011 3319 2151 3401 quis
2211 3340 2432 3383 eorum
2474 3338 2602 3403 per

283 3420 560 3500 abrupta
605 3417 906 3480 vitiorum
966 3417 1068 3480 vel
1129 3416 1311 3481 devia
1369 3419 1764 3500 pravitatum
1827 3417 2015 3482 solito
2068 3414 2363 3480 incedere
2424 3438 2600 3481 more

282 3514 654 3585 tentaverit,
702 3513 801 3578 his
834 3513 1300 3597 quodammodo
1332 3515 1413 3578 ab
1461 3516 1549 3578 eis
1583 3515 2009 3591 refraenetur,
2060 3513 2126 3573 et
2155 3512 2393 3577 talibus
2441 3513 2601 3577 loris

284 3613 367 3676 ad
413 3615 661 3675 rectum
698 3611 994 3695 justitiae
1052 3611 1378 3674 tramitem
1427 3616 1777 3675 revocetur.
1838 3645 1919 3656 --
1982 3612 2118 3687 Quo
2167 3612 2338 3675 facto
2383 3610 2602 3674 vicarii

284 3709 513 3793 gavisi,
575 3707 830 3772 libellos
888 3710 1179 3790 acceptos
1237 3708 1423 3772 nobis
1484 3713 1668 3773 caute
1729 3709 2103 3775 deferendos
2164 3707 2600 3771 tradiderunt:

286 3806 398 3889 qui
462 3805 779 3886 videlicet,
850 3809 1195 3887 antequam
1258 3804 1583 3868 remeandi
1651 3804 1729 3867 ad
1790 3806 2065 3887 patriam
2114 3807 2240 3870 iter
2302 3803 2600 3886 arripuis-

285 3906 465 3983 sent,
518 3903 799 3984 separati
843 3923 1093 3977 sumus„
1153 3901 1306 3985 quia
1363 3923 1400 3964 a
1447 3900 1808 3984 Dyrrachio
1861 3903 2122 3985 navigio
2169 3902 2461 3965 venimus
2508 3897 2607 3962 Si-

286 4004 578 4083 pontum,
625 3997 854 4061 deinde
887 4003 1148 4062 terreno
1197 3998 1432 4062 itinere
1463 3997 1928 4077 Beneventum,
1976 3998 2280 4082 posthaec
2313 3996 2601 4072 Romam,

288 4096 545 4159 eosdem
610 4094 862 4158 libellos
926 4098 1284 4178 portantes,
1394 4093 1575 4160 Missi
1627 4116 1777 4159 vero
1841 4094 2022 4159 Sedis
2084 4094 2500 4180 Apostolicae
2564 4115 2606 4156 a

288 4192 647 4275 Dyrrachio
711 4191 905 4255 simili
974 4189 1160 4254 modo
1230 4213 1462 4255 navem
1524 4184 1802 4275 ingressi
1871 4190 2206 4257 Anconam
2273 4191 2602 4273 petebant.

391 4305 656 4356 Jungmann‚
685 4303 1037 4344 Dissertationes.
1096 4303 1333 4345 Tom.111.
2324 4297 2392 4346 26
