3270 5028
865 440 949 493 De
987 439 1371 494 Decretalibus
1407 440 1992 497 Pseudo-Isidorianis.
2474 451 2581 503 269

268 581 517 645 siastici
584 602 737 664 prae
807 585 980 645 statu
1054 582 1359 646 laicorum
1430 583 1696 666 exponit
1765 588 1830 648 et
1901 585 2140 664 evehit,
2220 593 2405 673 urget
2468 590 2586 654 lai-

269 699 491 743 corum
568 698 719 761 erga
792 679 1118 761 praesules
1192 678 1688 762 subjectionem,
1776 680 2192 747 saecularium
2270 687 2340 750 in
2418 686 2589 751 bona

267 779 337 839 et
398 776 552 859 jura
615 773 934 838 Ecclesiae
1002 775 1486 859 usurpationem
1550 775 1908 874 redarguit,
1980 783 2158 844 vetat
2227 782 2484 848 clericos
2550 806 2587 847 a

266 870 702 936 saecularibus
776 869 1101 953 judicibus
1178 871 1473 956 judicari.
1562 907 1641 919 -—
1734 871 1803 933 2⁰
1879 875 2084 951 Quum
2161 883 2376 942 autem
2455 881 2588 963 epi—

267 989 608 1052 scoporum
680 968 1028 1032 auctoritas
1096 968 1223 1032 illis
1276 969 1668 1052 temporibus
1723 970 2243 1037 accusationibus
2297 974 2589 1057 dejectio-

260 1062 593 1145 ‘nibusque
653 1064 835 1128 valde
890 1064 1213 1128 diminuta
1277 1071 1469 1146 esset,
1536 1065 2125 1133 Pseudo-Isidorus
2188 1070 2424 1136 talibus
2486 1095 2589 1137 ex-

269 1160 555 1226 cessibus
623 1182 1033 1245 praecavere,
1103 1163 1323 1226 multis
1387 1163 1506 1226 hac
1568 1162 1646 1226 de
1712 1186 1780 1227 re
1849 1167 2113 1230 statutis
2179 1189 2344 1251 quae
2408 1190 2586 1233 exco-

270 1257 558 1342 gitabat,
636 1261 905 1322 conatus
974 1262 1088 1321 est.
1169 1294 1243 1304 —-
1326 1255 1397 1321 3⁰
1462 1259 1848 1324 Praesertim
1916 1263 2248 1345 providere
2323 1265 2590 1341 studuit,

269 1378 356 1419 ne
419 1354 608 1419 facile
671 1354 921 1417 influxu
992 1355 1350 1438 principum
1412 1358 1479 1419 et
1540 1356 1893 1420 factionum
1959 1358 2235 1442 episcopi
2282 1360 2592 1425 ¹damnari

270 1458 343 1516 et
427 1450 657 1534 deponi
745 1455 1027 1534 possent.
1159 1452 1362 1527 Quum
1435 1474 1584 1516 vero
1671 1454 1866 1517 etiam
1940 1456 2420 1539 metropolitani
2494 1462 2591 1521 at·

269 1570 401 1632 que
474 1548 599 1630 ipsi
672 1549 947 1632 episcopi
1004 1549 1174 1611 varii·
1240 1549 1508 1612 nimium
1593 1550 1933 1613 subessent
2002 1552 2276 1616 influxui
2344 1575 2589 1637 regum,

269 1667 547 1729 quorum
593 1645 957 1727 potentiam
1003 1646 1350 1722 timebant,
1408 1647 1687 1710 favorem
1738 1647 2156 1730 expetebant,
2215 1655 2432 1733 partes
2478 1672 2591 1734 po·

274 1742 487 1807 liticas
549 1740 1017 1824 sequebantur,
1084 1743 1316 1806 merito
1374 1743 1579 1806 visum
1643 1747 1740 1807 est
1803 1742 2078 1826 Isidoro,
2143 1745 2212 1808 in
2271 1751 2593 1831 metropo-

261 1838 499 1926 ¹litanis
552 1837 941 1921 synodisque
991 1860 1210 1903 eorum
1269 1861 1401 1903 non
1458 1840 1785 1903 sufficiens
1841 1842 2250 1924 praesidium,
2310 1865 2430 1907 nec
2475 1844 2590 1907 tri-

273 1936 478 2000 bunal
548 1935 706 1998 satis
781 1955 1059 2017 aequum
1130 1957 1202 1999 ac
1276 1939 1493 1999 tutum
1567 1937 1996 2002 constitutum
2072 1960 2205 2004 esse
2285 1942 2596 2023 praesuli-

280 2033 423 2110 bus,
489 2052 561 2095 ac
617 2033 955 2114 propterea
1007 2032 1281 2095 maxime
1339 2031 1743 2095 commendat
1803 2035 2252 2099 auctoritatem
2316 2035 2594 2101 Romani

280 2127 615 2193 Pontificis
692 2127 957 2210 ejusque
1038 2128 1105 2191 in
1197 2128 1560 2192 universam
1651 2130 1975 2193 ecclesiam
2053 2132 2590 2216 jurisdictionem,

274 2230 478 2309 atque
540 2223 617 2287 ad
678 2245 823 2287 eum
891 2244 1115 2288 causas
1180 2225 1618 2308 episcoporum
1682 2229 1754 2289 ut
1816 2228 2078 2311 negotia
2143 2231 2386 2315 majora
2450 2232 2592 2294 vult

275 2318 590 2400 deferri.1)

465 2520 505 2584 ¹)
556 2519 727 2586 Quam
771 2521 1104 2587 frequenter,
1138 2537 1203 2575 ea
1255 2528 1441 2577 aetate
1491 2523 1557 2576 ob
1602 2524 1844 2579 rationes
1890 2525 2145 2591 politicas
2205 2527 2443 2594 episcopi
2498 2543 2595 2594 per

277 2600 555 2668 principes
606 2600 696 2653 vel
744 2615 840 2667 per
890 2601 1126 2667 synodos
1176 2602 1274 2655 sub
1320 2601 1523 2654 influxu
1568 2603 1875 2670 principum
1921 2604 2249 2670 celebrataS,
2300 2621 2328 2659 e
2377 2605 2594 2660 sedibus

275 2679 395 2732 suis
434 2678 849 2745 depellerentur,
892 2683 1049 2732 notat
1086 2679 1384 2733 Hinschius
1422 2680 1456 2732 l.
1497 2697 1542 2734 c.
1579 2698 1631 2749 p.
1674 2680 1908 2735 CCXXI.
1950 2683 2220 2738 scribens:
2266 2685 2453 2752 „Anno
2491 2688 2595 2737 818

269 2752 394 2826 jam
440 2756 728 2811 Anselmus
779 2757 1062 2824 episcopus
1107 2758 1559 2825 MediolanensiS,
1612 2760 1919 2815 Wolfoldus
1973 2761 2372 2829 Cremonensis,
2423 2764 2595 2818 Theo-

277 2837 470 2891 dulfus
526 2836 969 2899 AurelianensiS,
1035 2838 1127 2903 qui
1182 2854 1301 2891 cum
1357 2839 1634 2894 Bernardo
1688 2855 1819 2908 rege
1874 2839 2073 2895 Italiae
2129 2841 2595 2909 conspiraverant,

283 2931 506 2969 munere
552 2914 773 2982 spoliati
822 2922 971 2982 sunt3
1021 2931 1068 2969 a.
1108 2919 1211 2969 830
1257 2917 1314 2969 in
1360 2922 1629 2972 conventu
1675 2918 2003 2986 Noviomagi
2050 2919 2238 2973 habito
2288 2936 2598 2987 compressa

283 2994 582 3048 rebellione
641 2993 892 3046 Lotharii
949 2994 1104 3048 Jesse
1161 2995 1446 3062 episcopus
1493 2997 1904 3063 Ambianensis3
1963 3015 2010 3051 a.
2057 3000 2160 3051 835
2217 2999 2273 3051 in
2327 3004 2597 3052 conventu

284 3073 431 3141 apud
480 3071 792 3126 Theodonis
850 3072 1041 3126 villam
1102 3079 1439 3144 congregato
1496 3075 1613 3129 Ebo
1672 3075 2108 3143 archiepiscopus
2166 3076 2486 3130 Rhemensis
2541 3082 2599 3130 et

286 3151 612 3219 Agobardus
667 3151 1069 3219 Lugdunensis,
1170 3151 1311 3205 Num
1367 3153 1464 3205 alii
1517 3153 1755 3221 episcopi
1812 3154 1984 3207 eidem
2044 3155 2274 3209 factioni
2336 3155 2421 3208 cui
2480 3155 2597 3209 Ebo

283 3231 650 3284 adhaerentes
687 3231 874 3284 eodem
915 3231 1143 3284 concilio
1190 3232 1433 3285 damnati
1472 3231 1613 3297 sint,
1663 3248 1771 3284 non
1810 3240 2050 3299 constat3
2104 3234 2161 3286 id
2197 3238 2411 3287 tantum
2449 3249 2597 3287 acce-

285 3310 481 3377 pimuS,
518 3308 998 3364 Bartholomaeum
1023 3309 1444 3376 Narbonensem,
1483 3310 1854 3365 Hereboldum
1891 3312 2442 3378 Autissiodorensem,
2479 3312 2600 3366 Jes-

283 3404 404 3441 sem
460 3388 901 3454 Ambianensem,
965 3389 1302 3442 Bernardum
1357 3389 1723 3443 Viennensem
1787 3390 1975 3444 eodem
2037 3396 2280 3458 tempore
2337 3392 2600 3445 ultionem

288 3466 554 3520 Ludovici
605 3467 693 3520 Pii
740 3467 997 3520 timentes
1044 3469 1200 3522 sedes
1250 3484 1375 3521 suas
1422 3468 1743 3522 deseruisse.
1829 3468 1972 3534 Quos
2018 3470 2335 3524 nominatim
2385 3487 2600 3525 enume-
2672 3494 2677 3503 «

287 3561 409 3599 rare
448 3561 516 3600 ex
549 3545 793 3599 fontibus
832 3545 988 3610 licet,
1027 3546 1211 3612 plures
1261 3551 1443 3600 autem
1481 3548 1666 3600 eadem
1706 3563 1895 3615 passos
1945 3563 2066 3602 esse
2114 3554 2342 3616 apparet
2388 3565 2453 3603 ex
2491 3550 2601 3616 epi·

286 3639 573 3692 scoporum
612 3626 677 3677 de
717 3625 1162 3679 exauctoratione
1200 3625 1466 3679 Ludovici
1501 3625 1786 3681 relationis
1827 3627 2006 3694 capite
2045 3634 2261 3694 quarto:
2312 3633 2386 3692 ,et
2424 3645 2600 3682 sacer-

285 3704 508 3757 dotibus
549 3704 753 3757 domini
802 3720 864 3757 ac
911 3704 1188 3757 monachis
1237 3708 1429 3758 contra
1467 3704 1708 3758 divinam
1754 3722 1817 3758 ac
1864 3707 2178 3761 canonicam
2217 3708 2603 3762 auctoritatem

291 3781 685 3849 praejudicium
739 3783 1015 3852 irrogavit
1066 3783 1206 3849 (scil.
1260 3782 1618 3850 Ludovicus),
1677 3790 1732 3838 et
1787 3784 2040 3838 absentes
2097 3787 2381 3841 damnavit
2436 3793 2491 3841 et
2544 3786 2603 3839 in

288 3861 394 3914 -hoc
430 3866 644 3914 reatum
689 3862 962 3914 homicidii
1010 3861 1335 3917 incurrendo
1386 3862 1695 3915 divinarum
1743 3878 1838 3916 seu
1874 3864 2228 3917 humanarum
2270 3865 2453 3934 legum
2494 3865 2604 3918 vio·

289 3939 438 3993 lator
476 3938 792 4002 extitisset,‘
841 3946 897 3994 et
944 3956 1010 3994 ex
1057 3941 1401 4009 apologetico
1447 3941 1653 3994 Ebonis
1702 3958 1745 3995 c.
1786 3944 1843 3994 2:
1892 3943 2033 4007 ,dum
2081 3960 2189 3997 non
2239 3944 2475 3998 habetur
2523 3945 2602 3997 in-

287 4017 576 4084 cognitum
632 4020 772 4084 quod
831 4036 863 4072 a
918 4020 1164 4087 pluribus
1220 4020 1439 4073 videtur
1493 4026 1857 4087 compertum,
1915 4021 2149 4087 qualiter
2203 4022 2434 4076 ecclesia
2470 4024 2603 4076 haec

289 4095 527 4150 maxime
588 4096 886 4151 Galliarum
942 4099 1041 4152 sub
1095 4098 1366 4167 regimine
1421 4098 1752 4152 Francorum
1809 4094 2041 4152 diversis
2105 4101 2604 4167 perturbationibus

289 4191 356 4228 ac
396 4175 682 4229 discordiis
731 4176 1037 4245 principum
1084 4176 1170 4230 his
1218 4177 1554 4245 temporibus
1604 4177 1823 4246 agitata
1870 4183 2118 4231 vexatur.
2194 4180 2347 4233 Unde
2395 4186 2455 4233 et
2488 4180 2605 4246 plu-
