3270 5028
1173 463 1351 518 Caroli
1388 464 1461 518 M.
1498 479 1693 519 mores.
2486 468 2587 520 197

274 610 350 670 et
422 605 593 670 bona
666 606 791 669 fide
865 605 1154 670 dimissas
1234 626 1368 670 esse
1439 605 1675 689 passim
1746 607 2137 672 concubinas
2213 608 2388 684 illas,
2470 629 2583 672 seu

281 723 513 784 ungeres
579 702 903 785 legitimas
967 701 1077 765 sed
1141 702 1535 785 inaequales,
1629 703 1707 767 Id
1769 703 1940 766 enim
2000 704 2147 787 'jure
2208 704 2379 768 civili
2443 726 2587 787 per·

285 798 698 880 mittebatur,
763 803 830 861 et
898 797 1068 882 apud
1131 796 1412 862 Francos
1480 798 1816 882 disciplina
1879 799 2305 864 ecclesiastica
2376 800 2588 884 quoad

274 894 913 959 indissolubilitatem
979 894 1377 959 matrimonii
1438 895 1548 959 diu
1607 896 1971 963 vacillabat.
2064 895 2167 961 Ita
2222 919 2274 961 e.
2325 917 2385 980 g.
2449 902 2588 961 tum

275 992 352 1054 in
416 991 683 1056 concilio
746 990 1182 1056 Vermeriensi
1255 1014 1315 1055 a.
1381 991 1534 1067 753,
1604 996 1740 1056 tum
1814 993 1884 1057 in
1947 993 2216 1058 concilio
2277 991 2616 1076 Compenr

274 1087 487 1152 diensi
533 1111 590 1153 a.
638 1088 791 1165 757,
852 1088 1012 1153 varii
1068 1110 1346 1153 canones
1404 1089 1643 1153 conditi
1690 1094 1845 1153 sunt
1890 1089 2013 1154 hac
2056 1090 2123 1153 in
2172 1111 2241 1155 re
2288 1089 2584 1155 laxiores.

2643 950 2669 967 κ]

2799 870 2816 897 f
2849 888 2864 901 ι

2681 886 2690 903 Ι
2713 903 2726 911 ,
2843 902 2850 907 Δ
2975 892 3006 911 ‘f'
3085 888 3110 907 φ)

2671 908 2870 979 ζῖκμτῖε
2957 940 3002 949 ψ
3121 938 3132 945 ⁴

2918 1036 2929 1047 -
2962 971 3127 1066 W}

2850 1034 2860 1052 f
3041 1036 3058 1057 l

2783 1102 2786 1105 ,
3010 1064 3034 1101 ,ί

2667 1148 2734 1191 κ,
2779 1150 2833 1195 ζ,
2865 1181 2882 1192 ,
2960 1115 3139 1219 ΛᾺΓΞἍῨ

284 1182 552 1249 Concilii
622 1184 1087 1250 Vermeriensis
1152 1206 1360 1250 canon
1431 1186 1521 1248 9¹¹⁸
1561 1189 1660 1248 est
1721 1185 1798 1250 de
1860 1185 2156 1264 muliere,
2233 1207 2395 1269 quae
2456 1209 2588 1250 ma-
2661 1200 2670 1209 ‘

278 1281 484 1344 ritum
538 1303 725 1344 suum
780 1282 850 1345 in
897 1282 1094 1346 alium
1151 1281 1447 1346 ducatum
1508 1282 1609 1346 vel
1656 1282 2051 1365 provinciam
2097 1285 2359 1346 euntem
2405 1284 2588 1366 sequi

284 1378 514 1443 noluit.
609 1377 798 1442 Hanc
841 1380 1184 1461 innuptam
1231 1400 1494 1442 manere
1532 1379 1723 1462 jubet
1768 1379 2084 1462 synodus,
2150 1378 2452 1463 quamdiu
2493 1379 2591 1443 vir

278 1477 424 1559 ejus
481 1475 683 1539 fuerit
739 1479 1082 1558 superstes.
1176 1473 1348 1538 Huic
1402 1497 1553 1540 vero
1597 1475 1651 1539 si
1697 1497 1764 1539 se
1812 1476 2144 1539 continere
2188 1498 2323 1540 non
2369 1476 2589 1560 possit,

277 1573 475 1636 aliam
533 1593 797 1636 uxorem
846 1571 1077 1635 ducere
1122 1572 1472 1655 permittit,
1532 1586 1676 1636 cu'm
1725 1572 2153 1654 poenitentia,
2215 1572 2281 1636 id
2325 1576 2456 1650 est,
2516 1595 2591 1638 ea

278 1668 653 1733 conditione
715 1674 788 1732 ut
847 1667 1316 1750 poenitentiam
1379 1665 1604 1753 agat.¹)
1701 1667 1964 1733 Canone
2029 1665 2111 1732 6⁰-
2160 1673 2371 1734 autem
2437 1691 2590 1733 con-

277 1765 414 1829 cilii
477 1763 1001 1849 Compendiensis
1066 1765 1284 1849 agitur
1350 1764 1427 1828 de
1494 1765 1737 1830 vasallo
1802 1787 1912 1829 seu
1976 1786 2189 1844 serve,
2275 1766 2372 1829 cui
2439 1766 2591 1830 data

282 1866 384 1926 est
443 1883 608 1926 uxor
666 1861 860 1925 feudo
921 1861 989 1925 in
1052 1882 1177 1944 quo
1238 1861 1516 1947 degebat
1577 1861 1859 1946 addicta3
1931 1862 2229 1927 recedens
2292 1862 2443 1928 inde
2512 1863 2590 1926 ad

280 1956 679 2042 propinquos
737 1958 967 2042 prioris
1030 1957 1305 2034 domini,
1369 1958 1461 2021 ibi
1518 1958 2002 2022 matrimonium
2060 1959 2390 2024 contrahit
2446 1980 2589 2023 cum

286 2055 493 2119 altera
567 2055 826 2119 femina.
920 2054 1000 2118 Ei
1080 2054 1454 2119 conceditur
1539 2058 1614 2119 ut
1687 2054 1855 2118 banc
1932 2054 2171 2119 habeat
2245 2051 2589 2135 uxorem.²)

278 2150 513 2216 Canon
570 2172 760 2234 porro
825 2152 954 2214 13⁰⁸
1002 2151 1314 2230 declarat,
1373 2153 1470 2216 fas
1526 2173 1665 2215 esse
1722 2152 1889 2229 vire,
1948 2151 2058 2235 qui
2105 2172 2369 2216 uxorem
2410 2175 2589 2216 suam

284 2249 352 2312 in
417 2249 878 2314 monasterium
941 2248 1192 2334 ingredi
1255 2252 1370 2312 aut
1429 2248 1604 2313 foras
1667 2248 2126 2313 monasterium
2187 2249 2390 2313 velari
2452 2271 2592 2334 per-

278 2346 488 2423 misit,
557 2345 750 2410 aliam
813 2348 1156 2431 conjugem
1221 2341 1545 2427 ducere3);
1627 2345 1695 2408 id
1759 2340 2014 2429 quoque
2080 2346 2275 2410 licere
2339 2345 2592 2410 mulieri

276 2444 467 2527 cujus
557 2443 658 2507 vir
741 2445 1162 2509 monasticam
1236 2445 1436 2507 vitam
1515 2444 1655 2527 ipsa
1737 2442 2184 2513 consentiente
2261 2444 2590 2527 amplexus

427 2702 470 2771 ¹)
509 2703 638 2757 Can.
677 2708 787 2758 9¹¹⁸:
842 2705 929 2773 „Si
969 2704 1088 2772 quis
1132 2704 1466 2759 necessitate
1513 2702 1821 2759 inevitabili
1862 2708 2097 2771 cogente
2131 2702 2188 2756 in
2226 2703 2392 2756 alium
2430 2704 2589 2757 duca-

275 2786 399 2834 tum
439 2797 535 2836 seu
572 2783 908 2850 provinciam
942 2783 1176 2851 fugerit,
1228 2788 1323 2837 aut
1361 2781 1628 2837 seniorem
1668 2796 1849 2847 suum,
1897 2782 1984 2835 cui
2019 2781 2178 2835 fidem
2215 2781 2435 2836 mentiri
2480 2799 2589 2837 non

278 2861 512 2928 poterit,
552 2868 771 2916 secutus
808 2863 1001 2929 fuerit,
1041 2868 1097 2917 et
1134 2878 1268 2917 uxor
1305 2863 1446 2931 ejuS,
1488 2877 1607 2914 cum
1644 2859 1797 2915 valet
1836 2865 1892 2914 et
1928 2865 2129 2927 potest,
2180 2877 2362 2915 amore
2399 2877 2589 2928 paren-

280 2945 399 2994 tum
451 2946 547 2994 aut
593 2942 754 2997 rebus
806 2943 944 3008 suiS,
997 2959 1118 2996 eum
1164 2941 1315 3009 sequi
1364 2940 1628 3006 noluerit,
1678 2939 1799 3006 ipsa
1846 2939 1992 2993 omni
2040 2945 2285 3006 tempore
2335 2941 2589 3006 quamdiu

278 3019 370 3073 vir
418 3019 534 3087 ejus
581 3036 737 3088 quem
787 3026 977 3075 secuta
1017 3036 1126 3075 non
1160 3020 1268 3074 fuit
1302 3020 1480 3083 vivet,
1530 3034 1744 3085 semper
1779 3018 2010 3085 innupta
2046 3023 2375 3085 permaneat.
2452 3018 2590 3072 Nam

197 3139 204 3148 .
282 3097 378 3152 ille
415 3100 502 3153 vir
537 3100 673 3168 ejuS,
711 3100 803 3167 qui
836 3099 1171 3154 necessitate
1208 3104 1442 3167 cogente
1479 3100 1536 3151 in
1573 3099 1742 3152 alium
1778 3097 1957 3153 locum
1994 3098 2160 3166 fugit,
2208 3097 2281 3163 (si
2317 3114 2592 3165 nunquam

284 3177 342 3229 in
393 3194 545 3231 suam
605 3179 842 3246 patriam
904 3192 964 3232 se
1010 3194 1352 3233 reversurum
1401 3180 1638 3246 sperat),
1700 3177 1748 3230 si
1798 3192 1878 3230 ser
1906 3177 2181 3231 abstinere
2231 3193 2341 3230 non
2388 3181 2590 3244 potest,

277 3257 450 3311 aliam
485 3274 706 3313 uxorem
744 3274 864 3312 cum
899 3257 1241 3325 poenitentia
1281 3262 1467 3326 potest
1505 3254 1799 3324 accipere.“
1877 3256 2044 3310 Pertz
2080 3256 2152 3309 M.
2189 3255 2253 3309 G.
2293 3256 2447 3310 Tom.
2487 3256 2589 3309 ΠΙ.

428 3414 470 3484 2)
510 3416 669 3470 Prior
713 3415 954 3482 scilicet,
1006 3415 1169 3470 alteri
1215 3415 1376 3469 feudo
1422 3414 1666 3480 addicta,
1713 3411 1889 3467 virum
1936 3413 2091 3479 sequi
2134 3414 2340 3481 nequit.
2390 3443 2458 3453 —
2506 3415 2591 3467 En

285 3502 442 3551 tenor
491 3495 713 3550 canonis
751 3498 812 3549 6:
883 3496 1089 3564 „Homo
1136 3494 1355 3548 francus
1400 3492 1615 3560 accepit
1651 3491 1968 3547 beneficium
2006 3493 2071 3547 de
2109 3492 2321 3548 seniore
2358 3508 2482 3559 su0,
2536 3499 2591 3548 et

279 3575 441 3629 duxit
491 3590 673 3628 secum
723 3590 875 3628 suum
926 3573 1224 3639 vasallum,
1275 3577 1332 3627 et
1375 3577 1570 3639 postea
1618 3571 1727 3625 fuit
1772 3569 1848 3625 ibi
1894 3576 2138 3625 mortuus
2177 3576 2234 3625 et
2272 3571 2481 3626 dimisit
2516 3572 2591 3626 ibi

283 3654 460 3722 ipsum
505 3653 800 3722 vasallum3
851 3658 907 3708 et
953 3657 1082 3720 post
1129 3653 1233 3706 hoc
1279 3649 1493 3719 accepit
1543 3650 1685 3704 alius
1723 3651 1883 3704 homo
1929 3650 2108 3717 ipsum
2144 3650 2486 3717 beneficium,
2536 3656 2590 3705 et

279 3749 381 3801 pro
426 3734 530 3787 hoc
569 3738 633 3787 ut
677 3731 870 3787 melius
913 3732 1188 3800 potuisset
1234 3732 1434 3785 habere
1471 3729 1625 3782 illum
1662 3729 1959 3795 vasallum,
2005 3728 2156 3783 dedit
2192 3729 2277 3783 illi
2312 3730 2591 3784 mulierem

285 3814 352 3868 de
386 3812 507 3880 ipso
544 3811 821 3879 beneficio,
861 3816 917 3866 et
951 3810 1143 3865 habuit
1180 3810 1355 3877 ipsam
1393 3809 1576 3877 aliquo
1612 3814 1885 3876 temporc;
1925 3813 1981 3863 et
2018 3807 2244 3862 dimissa
2278 3808 2378 3862 illa
2411 3824 2591 3863 rever-

280 3907 378 3946 sus
425 3896 508 3946 est
543 3893 613 3946 ad
648 3895 904 3960 parentes
951 3889 1182 3946 senioris
1229 3890 1314 3943 sui
1350 3888 1576 3954 mortui,
1627 3892 1684 3941 et
1721 3887 1934 3954 accepit
1970 3885 2046 3942 ibi
2086 3903 2304 3943 uxorem
2342 3892 2398 3942 et
2434 3889 2591 3942 modo

282 3972 451 4025 habet
486 3987 621 4026 eam.
682 3970 992 4024 Diffinitum
1021 3974 1124 4037 est,
1160 3974 1224 4023 ut
1260 3968 1413 4021 illam
1454 3983 1614 4034 quam
1642 3971 1837 4033 postea
1876 3966 2088 4033 accepit
2125 3966 2300 4033 ipsam
2339 3965 2587 4021 habeat.“

284 4050 482 4117 Labbe,
523 4052 673 4105 Tom.
709 4049 806 4104 VI.
843 4067 896 4117 p.
937 4051 1090 4104 1695.

427 4129 470 4197 ³)
507 4130 689 4184 Natal.
727 4130 1035 4184 Alexander
1082 4128 1235 4182 addit
1273 4129 1403 4196 post
1448 4127 1562 4195 ejus
1608 4128 1861 4192 mortem·
1908 4125 2004 4179 sed
2049 4124 2106 4177 id
2142 4123 2200 4177 in
2239 4139 2445 4179 canone
2483 4139 2591 4177 non

280 4206 583 4264 invenitur.
659 4208 766 4263 Cfr.
804 4208 930 4262 Nat.
969 4208 1057 4262 Al.
1102 4207 1161 4260 in
1211 4222 1352 4261 saec.
1398 4205 1555 4260 VIII.
1593 4206 1722 4273 Gap.
1761 4203 1859 4258 IV.
1907 4208 2010 4257 art.
2061 4205 2111 4258 7.
2159 4232 2232 4241 —-
2279 4204 2447 4258 Forte
2485 4201 2592 4256 dici
