3270 5028
910 433 1159 486 Eventus
1195 437 1322 499 post
1361 431 1658 486 Concilium
1696 448 1804 486 oec.
1833 432 1993 487 VIII.
2503 434 2610 484 423

294 578 488 641 istae:
568 572 634 638 1⁰
688 576 889 651 Quum
951 573 1236 638 Joannes
1292 571 1619 656 Synodum
1683 575 2153 639 oecumenicam
2197 572 2378 637 VIII.
2451 574 2605 638 anni

303 673 427 737 869
462 672 890 736 venerabilem
939 671 1127 748 dicat,
1178 692 1250 733 ac
1282 671 1658 735 nullatenus
1709 693 1842 735 eam
1895 670 2050 734 velit
2096 671 2402 734 abolitam
2446 691 2605 751 esse,

300 771 411 834 sed
456 774 710 833 tantum
773 767 1119 850 apostolica
1172 767 1557 832 auctoritate
1610 767 2002 851 dispensare,
2065 765 2274 849 quoad
2323 787 2607 849 eaquae

298 870 550 929 statuta
598 869 784 929 erant
833 863 910 927 de
955 863 1219 947 Photi03
1279 862 1382 926 hic
1425 865 1496 927 in
1543 886 1660 927 sua
1706 864 2001 928 versione
2049 861 2405 926 Concilium
2454 861 2608 926 illud

297 962 561 1026 exhibet
625 965 700 1025 ut
768 963 1140 1025 damnatum
1214 963 1280 1023 et
1347 961 1605 1043 penitus
1671 960 2075 1044 abrogatum.
2176 958 2266 1022 Et
2336 980 2409 1023 eo
2470 960 2608 1022 loco

295 1081 423 1142 quo
470 1058 755 1122 Joannes
817 1058 886 1121 in
950 1058 1220 1139 epistola
1280 1059 1359 1121 ad
1414 1056 1719 1121 Photium
1782 1058 2236 1121 commemorat
2298 1076 2606 1119 canonem

295 1156 375 1219 de
422 1178 555 1218 non
603 1154 1049 1237 promovendis
1097 1154 1273 1217 laicis
1315 1153 1645 1217 conditum
1693 1154 1774 1217 ab
1820 1153 1932 1216 illa
1963 1149 2315 1216 venerabili
2347 1150 2607 1234 Synodo

293 1252 412 1315 sub
479 1251 813 1315 Hadriano
883 1251 994 1327 Π.,
1066 1249 1291 1313 callide
1361 1248 1632 1314 Photius
1702 1249 2041 1313 substituit
2108 1249 2419 1332 synodum
2461 1246 2611 1311 'Ta-

295 1350 448 1412 rasii
496 1349 616 1411 sub
659 1348 993 1411 Hadriano
1040 1347 1092 1410 Ι.
1150 1383 1237 1390 -—
1300 1343 1371 1407 2⁰
1416 1347 1591 1422 Quae
1652 1346 1939 1429 pluribus
1992 1346 2147 1409 locis
2193 1344 2609 1408 mandaverat

208 1467 212 1471 ·
292 1445 579 1509 Joannes
638 1446 714 1509 de
768 1444 1208 1508 satisfactione
1254 1442 1501 1520 Photii,
1565 1448 1626 1507 et
1678 1444 1862 1506 venia
1916 1463 1989 1504 ac
2044 1441 2489 1505 misericordia„
2526 1441 2608 1504 ab
2882 1459 2911 1502 ι

294 1543 431 1625 ipso
490 1541 767 1624 petenda
824 1562 1037 1604 coram
1067 1538 1355 1622 synode,
1420 1540 1657 1622 partim
1705 1539 1937 1603 omissa
1992 1546 2171 1613 sunt,
2234 1537 2468 1620 partim
2513 1538 2608 1600 ita

291 1639 527 1719 lenita,
589 1643 664 1700 ut
730 1640 961 1720 agatur
1025 1636 1102 1699 de
1168 1637 1581 1700 invocatione
1648 1634 2117 1699 misericordiae
2184 1634 2458 1699 divinae.
2522 1670 2609 1678 --

293 1735 368 1800 3⁰
414 1735 622 1810 Quum
668 1733 973 1798 Pontifex
1030 1731 1146 1797 sub
1194 1730 1555 1796 conditione
1599 1732 1909 1796 Photium
1961 1733 2296 1815 agnoverit
2345 1735 2411 1795 et
2455 1753 2607 1794 con·

294 1832 646 1895 firmaverit
691 1834 767 1893 ut
823 1829 1285 1912 patriarcham,
1343 1830 1413 1893 in
1470 1828 1833 1892 absolutam
1887 1829 2441 1893 confirmationem
2486 1827 2611 1891 ista

298 1931 547 1991 mutata
611 1931 784 1990 sunt.
845 1961 926 1969 -—
997 1924 1069 1989 4⁰
1134 1924 1357 1989 Omnis
1423 1925 1665 2009 Ignatii
1730 1926 2001 2000 mentio,
2066 1926 2327 2008 quaevis
2390 1924 2608 1989 Photii

294 2022 733 2106 reprehensiO,
806 2024 1484 2087 excommunicationis
1550 2023 1765 2086 minae
1834 2022 1886 2085 si
1953 2021 2469 2106 jurisdictionem
2538 2020 2608 2084 in

259 2113 664 2208 xBulga'riam
724 2121 1169 2191 continuaret,
1229 2119 1459 2182 omissa
1512 2122 1687 2182 sunt.
1755 2154 1841 2162 —-
1903 2115 1973 2180 5⁰
2026 2117 2255 2181 Multis
2315 2117 2608 2181 laudibus

295 2221 362 2279 et
404 2216 705 2279 encomiis
753 2217 1078 2280 exaltatur
1123 2215 1425 2292 photius,
1486 2237 1652 2298 quae
1699 2216 1767 2278 in
1826 2215 2059 2279 litteris
2112 2215 2415 2298 genuinis
2460 2215 2605 2276 nul·

296 2313 551 2376 latenus
597 2310 1091 2392 continentur.¹)

478 2453 619 2518 117.
700 2452 840 2517 Hac
905 2453 1158 2518 ratione
1227 2452 1428 2537 igitur
1490 2450 1765 2516 Photius
1834 2450 2214 2516 documenta
2281 2451 2609 2534 pontificia
2636 2456 2928 2558 Ρῖἃθῑξῗῗᾶῒῐπ

296 2552 731 2633 praeparavit,
794 2554 868 2614 ut
937 2550 1152 2613 eadem
1219 2551 1285 2612 in
1350 2544 1616 2633 synodo
1657 2549 1953 2614 habenda
2012 2549 2266 2612 recitari
2328 2553 2606 2632 possent.
2657 2530 2908 2560 cononum.

292 2645 653 2710 Adornavit
708 2647 950 2728 pariter
994 2646 1431 2729 apocrisiarios
1487 2646 1998 2728 patriarcharum
2048 2645 2337 2710 Orientis
2386 2650 2451 2708 et
2495 2645 2609 2709 do·

293 2734 593 2807 cunienta
640 2743 721 2807 ab
772 2743 924 2826 ipsis
970 2742 1302 2807 tradenda.
1396 2742 1625 2826 Legati
1676 2743 1970 2807 videlicet
2028 2744 2137 2807 isti
2185 2742 2287 2805 vel
2343 2742 2610 2806 fuerunt

291 2839 740 2902 fraudulenter
800 2840 1112 2922 suppositi
1164 2839 1251 2902 ab
1309 2840 1478 2921 ipSO,
1535 2839 1637 2903 vel
1691 2840 1741 2903 si
1806 2861 2027 2904 revera
2091 2863 2168 2903 ex
2228 2839 2368 2903 istis
2414 2840 2609 2922 parti·
2686 2868 2709 2878 -

294 2936 413 2998 bus
461 2933 750 2999 Orientis
797 2940 1147 3012 venerunt,
1205 2936 1500 2999 homines
1546 2940 1731 3001 erant
1778 2937 2182 3020 negotiorum
2230 2957 2454 3018 parum
2500 2957 2608 3017 pe·

293 3031 402 3095 riti
466 3035 532 3094 et
589 3031 774 3095 caeco
837 3031 1140 3114 obsequio
1185 3030 1407 3095 Photii
1468 3032 1750 3095 favorem
1809 3037 2161 3110 sectanteS,
2219 3033 2313 3096 ita
2359 3036 2432 3094 ut
2493 3054 2608 3114 pro

295 3128 477 3192 libito
544 3129 844 3211 epistolas
891 3124 1128 3191 *eorum
1192 3127 1426 3191 finibus
1491 3130 1621 3192 suis
1683 3129 1986 3212 adaptare
2046 3133 2280 3213 posset.
2376 3127 2609 3192 Omnia

294 3224 442 3287 dein
492 3224 800 3307 disposita
845 3228 1031 3298 sunt,
1079 3227 1153 3287 ut
1199 3229 1419 3288 coacto
1465 3226 1886 3308 plurimorum
1934 3227 2294 3309 praesulum
2343 3225 2608 3289 concilio
2644 3258 2647 3261 ¹

293 3321 614 3403 deciperet
679 3320 926 3404 legatos
991 3320 1333 3386 Romanos
1439 3322 1770 3406 Quumque
1830 3322 2104 3387 Photius
2157 3325 2292 3406 jam
2352 3323 2607 3386 asseclis

294 3417 423 3480 suis
468 3416 787 3480 dioeceses
834 3417 1257 3492 restituisset,
1305 3417 1670 3500 multosque
1717 3440 1912 3482 novos
1960 3420 2321 3483 ordinasset
2370 3419 2605 3502 episco-

293 3535 433 3596 pOS,
495 3512 810 3594 synodum
872 3514 1086 3596 potuit
1148 3514 1479 3596 colligere,
1552 3514 1619 3578 in
1687 3537 1812 3599 qua
1876 3515 2047 3579 ultra
2115 3520 2477 3580 tercentum
2544 3519 2609 3580 et
2716 3533 2721 3537 ·

294 3610 621 3693 octoginta
668 3610 937 3674 aderant
984 3610 1260 3693 episcopi
1323 3633 1399 3674 ex
1460 3612 1752 3677 omnibus
1807 3613 2277 3695 patriarchatus
2323 3614 2420 3676 sui
2467 3635 2602 3696 pro-

272 3706 531 3774 ‚vinciis
625 3706 843 3770 Etiam
891 3729 968 3769 ex
1016 3706 1206 3770 Italia
1254 3708 1542 3771 inferiori
1584 3715 1650 3773 et
1699 3731 1775 3773 ex
1824 3708 2069 3786 Sicilia,
2134 3732 2299 3792 quae
2347 3711 2606 3791 provin—

293 3803 423 3867 ciae
454 3802 600 3867 Sedi
640 3802 971 3867 Romanae
1019 3808 1273 3886 ereptae
1307 3808 1512 3881 erant,
1559 3808 1886 3888 praesules
1919 3807 2334 3871 advenerant.
2413 3805 2601 3891 Ejus-

391 4076 396 4077 ’
472 4078 512 4144 1)
552 4078 691 4134 Vide
729 4080 1155 4148 Hergenrtither,
1192 4082 1441 4150 Photius‚
1480 4083 1543 4136 T.
1584 4084 1660 4136 II.
1699 4100 1786 4151 pp.
1827 4087 1930 4138 396
1968 4101 2108 4153 sqq„
2160 4085 2249 4139 ubi
2302 4083 2609 4139 accuratius

295 4173 356 4212 ea
392 4158 706 4212 indicantur
742 4175 879 4228 quae
918 4165 1131 4213 mutata
1170 4166 1300 4214 sunt
1336 4162 1392 4215 in
1428 4162 1602 4217 variis
1639 4161 1864 4218 litteriS.
