3270 5028
1083 401 1298 455 Bellum
1336 406 1526 454 contra
1561 400 1973 469 LongobardOS.
2581 402 2683 455 135

375 543 528 606 dum
591 546 718 621 est,
782 543 877 606 uti
934 543 1071 625 jam
1136 542 1499 614 innuimus,
1564 543 1637 606 in
1698 541 2094 607 documentis
2148 543 2322 607 illius
2376 543 2683 626 temporis

373 638 497 702 dici
563 639 858 703 civitates
924 636 1112 715 reddi
1180 662 1252 703 ac
1318 636 1579 702 restitui
1646 637 1718 703 Β.
1790 638 2017 717 Petro,
2086 639 2423 715 Pontifici,
2483 638 2686 721 reipu-

373 736 579 800 blicae
629 735 988 809 Romanae,
1052 736 1352 800 ecclesiae
1400 734 1753 800 Romanae.
1856 735 1952 798 De
1999 735 2472 820 significatione
2517 736 2685 819 ejus-

373 832 542 896 modi
605 854 827 896 vocum
894 832 1127 896 eruditi
1192 831 1432 914 passim
1498 832 1853 914 disputant.
1962 829 2429 896 Restitutionis
2498 854 2682 896 voca-

359 929 597 992 -bulum
681 950 1013 993 censemus
1088 929 1400 1011 imprimis
1473 927 1794 1003 adhiberi,
1878 935 2197 1012 quatenus
2270 928 2681 1012 Longobardi
2726 933 2991 985 Explicatis.

371 1025 563 1117 quod*
596 1028 1067 1108 occupaverant
1123 1025 1522 1109 cogebantur
1578 1022 1921 1088 dimittere.
2021 1025 2471 1089 Tradebantur
2530 1025 2682 1089 civi-

371 1126 542 1186 tates
609 1121 906 1186 Romano
976 1120 1309 1195 Pontifici;
1384 1122 1813 1185 restitutionis
1882 1123 2261 1186 vocabulum
2326 1125 2538 1185 autem
2575 1151 2579 1155 ·
2611 1143 2686 1186 eo

370 1219 624 1285 facilius
685 1218 1142 1299 adhibebatur,
1204 1218 1371 1301 quod
1435 1217 1557 1281 hac
1616 1218 1872 1282 ratione
1936 1216 2088 1282 Itali
2153 1241 2190 1280 a
2247 1218 2686 1283 dominatione

370 1315 657 1379 violenta
719 1314 1005 1379 nationis
1075 1315 1456 1398 peregrinae
1527 1320 1592 1377 et
1668 1335 1895 1378 exosae
1962 1315 2392 1379 liberarentur
2457 1315 2684 1398 suique

363 1413 532 1497 juris
601 1411 854 1476 fierent.
974 1410 1145 1486 Im0,
1217 1415 1293 1475 ut
1363 1411 1674 1487 diximus,
1742 1412 1880 1495 jam
1949 1433 2028 1474 ex
2106 1411 2324 1494 aliquo
2396 1416 2682 1494 tempore

371 1530 513 1573 cum
567 1509 637 1571 in
684 1507 876 1571 Italia
934 1507 1281 1590 imperialis
1339 1511 1625 1590 potestas
1682 1508 2073 1582 concideret,
2136 1506 2413 1571 ditiones
2469 1508 2684 1571 variae

373 1605 739 1689 provinciae
785 1603 991 1667 Italae
1038 1604 1249 1667 instar
1293 1604 1680 1686 reipublicae
1738 1604 1964 1680 uniuS,
2019 1605 2141 1669 sub
2185 1602 2462 1668 Romani
2510 1604 2684 1686 Pon·

371 1702 562 1766 tificis
609 1723 858 1765 summa
904 1702 1326 1782 protectione,
1384 1722 1450 1764 se
1495 1700 2022 1777 considerabant,
2082 1723 2153 1764 ac
2199 1702 2402 1785 magis
2448 1703 2683 1784 magis-

374 1820 499 1882 que
548 1797 1008 1862 formaverant.
1102 1796 1317 1879 Pipini
1380 1819 1452 1860 ac
1505 1795 1822 1878 Stephani
1885 1798 2313 1862 conventione
2372 1803 2438 1860 et
2497 1804 2685 1881 pacto

372 1895 768 1978 principatus
831 1915 1119 1957 summus
1181 1892 1458 1957 Romani
1532 1892 1860 1957 pontificis
1920 1895 2057 1976 jam
2127 1894 2330 1978 magis
2394 1894 2685 1958 determi-

371 1995 566 2055 natus
625 1998 690 2054 et
748 1991 1038 2054 firmatus
1103 1994 1262 2053 erat.
1370 1988 1560 2052 Unde
1621 1989 1930 2053 reddendi
1994 1995 2060 2053 et
2119 1991 2497 2054 restituendi
2561 2013 2682 2054 vox

280 2128 283 2131 ι
374 2109 448 2152 eo
495 2087 744 2151 facilius
802 2086 1194 2150 occurrebat.
1288 2084 1776 2168 Significatione
1830 2089 2046 2150 autem
2101 2106 2452 2166 synonyma
2497 2109 2678 2152 voca-

372 2184 526 2247 bula
585 2181 1006 2264 reipublicae,
1074 2180 1465 2263 reipublicae
1527 2181 1894 2261 Romanae,
1960 2179 2332 2262 Pontifici&
2391 2182 2684 2248 ecclesiae

373 2279 785 2344 adhibentur.
877 2279 1066 2342 Haud
1112 2301 1262 2344 vero
1313 2280 1620 2343 alluditur
1678 2278 1776 2341 acl*
1812 2279 2148 2362 antiquam
2203 2281 2483 2363 aliquam
2543 2303 2683 2364 pos-

370 2378 722 2442 sessionem
748 2375 1048 2441 ·Rornani
1093 2376 1458 2456 PontificiS,
1515 2377 1617 2439 vel
1680 2377 1756 2439 ad
1814 2373 2224 2440 donationem
2280 2374 2682 2458 suppositam

376 2470 822 2551 Constantini,
899 2495 1091 2557 quam
1167 2474 1501 2556 aliquanto
1576 2476 1723 2555 post
1796 2474 2247 2539 tantummodo
2322 2475 2679 2539 confectam

370 2593 720 2636 censemus
1144 2643 1149 2648 p

547 2668 650 2733 60.
706 2665 785 2730 In
844 2668 956 2730 illo
1012 2668 1391 2731 documento
1447 2667 1847 2743 donationis,
1900 2671 2217 2749 quantum
2276 2689 2355 2731 ex
2403 2670 2680 2733 Anasta·
2701 2676 2896 2718 numus
2927 2676 3012 2717 Ro·

370 2764 448 2828 sii
507 2763 819 2827 relation‘e
873 2763 1166 2827 concludi
1227 2768 1474 2846 potest,
1539 2763 1710 2827 haud
1771 2768 2302 2827 commemoratur
2355 2765 2489 2847 ipse
2548 2765 2680 2829 Du·
2780 2749 2942 2778 manus.

315 2917 322 2924 .
371 2863 549 2924 catus
607 2860 980 2923 Romanus.
1056 2858 1123 2923 Is
1189 2860 1307 2943 ὀρ-μ
1326 2860 1504 2942 facto
1561 2862 1699 2944 jam
1769 2861 2139 2924 auctoritati
2209 2860 2533 2926 Pontificis
2603 2878 2710 3087 ex(

371 2954 586 3039 aliquo
634 2951 937 3039 *tempore
1001 2956 1325 3039 subjectus
1390 2957 1633 3033 fuerat,
1704 2978 1820 3021 nec
1880 2958 1948 3020 in
2013 2978 2270 3031 manus·
2301 2958 2677 3041 Longobar·

370 3050 591 3117 dorum
664 3052 995 3117 inciderat.
1110 3052 1523 3134 Imperatoris
1590 3057 1805 3116 autem
1874 3052 2227 3116 dominatio
2290 3055 2552 3118 nomine
2615 3061 2680 3118 et

369 3148 596 3211 umbra
642 3147 919 3229 quadam
951 3147 1155 3212 adhuc
1201 3149 1485 3213 existens
1532 3171 1645 3231 per
1689 3170 1757 3213 se
1788 3148 2173 3228 conciderat,
2220 3171 2418 3232 quum
2452 3150 2679 3215 Graeci

369 3249 596 3308 contra
657 3243 1117 3327 Longobardos
1179 3245 1429 3308 nullum
1492 3249 1899 3327 praestarent
1960 3245 2270 3308 auxilium
2326 3245 2675 3310 Romanos-

369 3363 494 3424 que
538 3340 657 3404 sibi
707 3341 1163 3423 relinquerent.
1254 3340 1412 3403 Inde
1459 3363 1656 3424 quum
1718 3342 1799 3404 ab
1845 3341 2177 3404 obsidione
2234 3346 2297 3404 et
2355 3363 2677 3426 expugna·

367 3437 548 3501 tione
611 3436 1185 3521 Longobardorum
1250 3438 1509 3500 nonnisi
1573 3459 1690 3501 sua
1756 3438 2150 3512 resistentia,
2216 3460 2290 3502 ac
2358 3438 2507 3502 dein
2559 3438 2673 3504 Pi-

368 3533 506 3615 pini
558 3533 749 3596 armis
808 3533 1266 3613 liberarentur,
1322 3534 1705 3598 necessitate
1762 3534 2033 3617 quadam
2093 3536 2350 3617 penitus
2407 3538 2680 3600 cessavit

366 3630 759 3712 suprematia
826 3629 1266 3712 ImperatoriS,
1343 3652 1506 3713 quae
1580 3652 1724 3694 cum
1802 3652 1969 3694 novo
2038 3652 2249 3694 rerum
2326 3636 2502 3695 statu
2565 3654 2681 3715 per

367 3725 780 3789 donationem
831 3725 1045 3808 Pipini
1102 3727 1490 3807 constitutO,
1547 3728 1898 3791 consistere
1956 3725 2127 3791 haud
2185 3732 2457 3810 poterat.
2553 3727 2677 3791 Im·

367 3821 583 3904 plicite
651 3844 834 3901 sane,
911 3824 1012 3886 vel
1083 3823 1278 3886 etiam
1345 3823 1514 3887 forte
1580 3824 1914 3906 explicite,
1984 3825 2251 3908 Pipinus
2321 3823 2676 3889 Romanam

366 3918 623 3996 urbem,
672 3918 751 3980 ad
799 3940 992 4001 quam
1036 3919 1437 3983 liberandam
1485 3921 1725 3984 bellurn
1772 3925 2157 4003 susceperat,
2218 3922 2459 4003 pariter
2503 3920 2678 3985 Pon·

365 4014 523 4077 tifici
576 4013 1027 4097 possidendam
1083 4015 1453 4079 vindicavit.
1555 4016 1744 4079 Hanc
1799 4018 1936 4099 ejus
1993 4017 2186 4081 fuisse
2244 4018 2677 4083 intentionem

367 4130 566 4199 eoque
629 4110 813 4175 modo
875 4113 1091 4176 omnia
1150 4112 1510 4177 constituta
1567 4113 1795 4189 fuisse,
1860 4118 2041 4194 patet
2099 4136 2176 4177 ex
2231 4114 2504 4196 epistola
2552 4113 2680 4180 Ro·
