3270 5028
964 454 1173 510 Causae
1211 454 1577 525 principatum
1613 462 2021 525 praeparantes,
2581 460 2649 512 89

340 596 556 661 fuisse.
646 593 782 659 Nec
831 595 1005 660 aliud
1051 603 1368 674 secutum,
1417 620 1609 682 quam
1655 602 2174 682 praesumpserat
2218 598 2391 663 fides.
2479 597 2649 663 Nam

338 695 499 758 tota¹
525 693 845 776 legatione
894 692 1239 777 dignanter
1293 699 1584 778 accepta,
1638 695 1733 759 ita
1786 697 2019 760 summi
2062 694 2427 760 Sacerdotis
2471 717 2651 778 prae-

339 789 549 853 sentia
611 811 724 852 rex
778 790 1037 873 gavisus
1098 793 1224 868 est,
1287 794 1362 854 ut
1420 795 1489 855 et
1530 792 1717 857 bello
1776 792 2088 856 abstineri
2148 791 2541 876 praeciperet
2587 796 2653 855 et

249 966 256 973 .
338 887 510 963 ultra
563 885 932 949 Danubium
992 886 1336 951 recederet.
1439 887 1522 952 Et
1584 889 1878 972 quamvis
1939 889 2188 973 aliquot
2252 889 2441 953 annis
2506 891 2653 972 post

341 984 424 1060 (a.
473 982 631 1065 455)
689 1005 726 1045 a
786 981 1110 1048 Greiserico
1173 981 1612 1049 Vandalorum
1681 1006 1832 1069 rege
1890 985 2058 1050 idem
2114 1007 2250 1050 non
2307 985 2651 1062 obtineret,

338 1079 555 1168 effecit
617 1083 839 1143 tamen
897 1084 1162 1144 sanctus
1216 1079 1551 1158 Pontifex,
1613 1091 1689 1145 ut
1735 1080 1906 1146 Urbs
1973 1086 2338 1146 servaretur
2396 1085 2461 1146 et
2516 1082 2651 1145 vita

339 1174 780 1241 habitatorum
823 1176 1160 1240 incolumis
1205 1181 1390 1241 esset.

519 1316 620 1381 10.
675 1315 867 1379 Brevi
924 1319 1067 1400 post
1124 1316 1523 1383 destructum
1582 1318 1934 1403 Imperium
1999 1318 2393 1383 occidentale
2451 1317 2648 1382 Gothi
2711 1319 2921 1362 (10111161

339 1413 458 1476 sub
505 1410 900 1477 Theoderico
945 1410 1028 1523 (a.
1077 1412 1237 1498 488)
1293 1414 1551 1480 Italiam
1608 1417 2037 1500 subegerunt3
2104 1415 2214 1480 sed
2274 1414 2472 1479 etiam
2528 1414 2649 1478 sub

254 1597 257 1601 ⁴
338 1509 459 1574 hoc
504 1530 685 1594 rege,
741 1511 1033 1593 quamvis
1076 1511 1360 1575 Arianus
1407 1516 1603 1590 esset,
1663 1512 1944 1577 Romani
1991 1512 2323 1576 Pontificis
2366 1510 2649 1575 influxus

339 1607 408 1669 in
470 1628 573 1670 res
637 1627 889 1690 quoque
951 1608 1167 1672 civiles
1229 1609 1546 1673 maximus
1610 1615 1770 1673 erat.
1875 1608 1951 1672 Id
2007 1609 2109 1673 vel
2169 1611 2353 1691 patet
2412 1629 2492 1671 ex
2554 1607 2649 1686 iis,

340 1725 502 1785 quae
548 1702 962 1768 Cassiodorus
1006 1704 1382 1770 Theoderici
1436 1706 1730 1771 minister
1784 1706 2007 1770 scribit
2060 1706 2139 1769 ad
2197 1704 2516 1770 Joannem
2565 1703 2647 1767 ΙΙ.

340 1799 738 1865 Pontificem.
846 1799 993 1878 VOS,
1052 1802 1143 1866 ait
1158 1850 1173 1879 ‚
1233 1801 1662 1884 speculatores
1708 1801 2068 1866 christiano
2112 1800 2357 1883 populo
2394 1797 2650 1882 praesi-

256 1958 259 1961 ,
341 1895 539 1974 detis2
603 1917 714 1960 vos
767 1896 991 1978 patris
1056 1896 1315 1963 nornine
1383 1898 1605 1964 omnia
1673 1897 1982 1980 diriqitia
2094 1895 2434 1962 Securitas
2501 1915 2651 1977 erqo

331 1991 543 2076 plebis
609 1992 696 2057 ad
766 1997 1045 2058 vestram
1108 1994 1373 2077 respicit
1433 1995 1714 2077 famam,
1781 1994 1888 2060 eui
1946 1993 2269 2059 divinitus
2335 1996 2429 2057 est
2489 2012 2650 2056 com-

340 2088 540 2153 missa
586 2089 895 2157 custodia.
993 2091 1403 2174 Quapropter
1456 2111 1574 2157 nos
1629 2091 1800 2156 decet
1859 2090 2182 2156 custodire
2230 2088 2484 2171 aliaua,
2540 2108 2651 2152 vos

341 2185 578 2251 omnia.
670 2186 956 2252 Pascitis
1009 2187 1265 2270 quidem
1321 2187 1762 2270 spiritualiter
1819 2187 2226 2253 commissum
2273 2185 2451 2251 vobis
2501 2205 2646 2268 yre-

333 2304 508 2371 qem,
569 2286 786 2350 tamen
829 2304 944 2349 nec
985 2283 1116 2350 ista
1160 2284 1433 2368 potestis
1489 2283 1811 2367 neyliqere
1867 2304 2032 2366 quae
2087 2282 2375 2366 corporis
2428 2283 2645 2347 viden-

338 2385 452 2445 tur
495 2379 931 2446 substantiam
976 2381 1302 2447 continere
1314 2401 1339 2462 ,·
1383 2402 1540 2447 ‘nam
1572 2381 1742 2446 sicut
1786 2380 1972 2446 homo
2019 2384 2269 2446 constat
2311 2401 2391 2444 ex
2435 2378 2646 2444 duali-

339 2480 488 2558 tate,
534 2477 632 2544 ita
680 2476 830 2545 boni
866 2478 1088 2562 patris
1136 2483 1228 2544 est
1282 2483 1563 2562 utraque
1616 2478 1919 2561 refovere.
1928 2479 1976 2561 1)
2064 2479 2103 2545 J
2109 2479 2472 2545 ustinianus
2517 2477 2647 2543 Im-

340 2581 598 2659 perator
643 2577 964 2642 destruxit
996 2577 1250 2662 quidem
1285 2577 1646 2643 Gothorum
1687 2578 1758 2642 in
1789 2576 1987 2641 Italia
2030 2597 2303 2659 regnum
2354 2578 2435 2653 (a.
2469 2572 2649 2659 554),

340 2681 534 2756 atque
596 2672 828 2738 Italiae
891 2675 1250 2757 provincias
1307 2676 1539 2740 iterum
1610 2674 1890 2757 Imperio
1930 2676 2169 2759 junxit.
2280 2671 2405 2738 Sed
2470 2672 2648 2737 brevi

341 2776 488 2854 post
534 2768 620 2854 (a.
665 2768 824 2854 568)
872 2771 1192 2835 Alboinus
1237 2770 1812 2856 Longobardorum
1872 2793 1983 2835 rex
2044 2791 2344 2854 magnam
2401 2773 2645 2853 partem

253 2902 259 2908 ·
341 2867 571 2932 Italiae
638 2867 762 2932 sibi
831 2870 1129 2953 subjecit,
1200 2890 1604 2954 regnumque
1668 2867 2245 2951 Longobardorum
2320 2865 2647 2939 fundavit3

341 2966 555 3047 plures
616 2969 837 3029 tamen
906 2965 1271 3048 provinciae
1329 2967 1505 3030 inter
1563 2986 1723 3049 quas
1777 2964 2045 3029 ducatus
2103 2963 2429 3030 Romanus
2450 3010 2465 3040 ‚
2530 2960 2648 3024 sub

341 3060 757 3144 Imperatoris
814 3061 1096 3126 dominio
1149 3068 1618 3126 remanserunt.
1727 3060 1825 3125 Ex
1888 3082 1962 3124 eo
2008 3081 2160 3124 vero
2206 3063 2493 3141 tempore
2556 3057 2647 3121 in-

340 3157 553 3223 fluxus
602 3161 666 3221 et
715 3158 1064 3221 auctoritas
1110 3155 1445 3221 Pontificis
1491 3159 1559 3222 in
1606 3180 1706 3222 res
1754 3157 1970 3222 civiles
2009 3155 2214 3220 adhuc
2260 3175 2649 3238 magnopere

277 3292 283 3299 ·
343 3258 568 3318 auctus
632 3257 746 3319 est.
847 3253 1054 3329 Quum
1120 3254 1318 3317 robur
1378 3255 1642 3337 Imperii
1704 3261 1845 3318 tum
1909 3254 2194 3317 externis
2260 3253 2445 3316 bellis
2508 3255 2650 3315 tum

342 3351 673 3415 intestinis
720 3349 1048 3415 discordiis
1093 3350 1298 3434 magis
1345 3353 1678 3436 magisque
1726 3352 2147 3426 decresceret,
2193 3349 2342 3413 illae
2386 3348 2649 3432 provin-

343 3448 478 3512 ciae
532 3447 907 3530 frequenter
961 3446 1274 3511 auxilium
1330 3447 1659 3511 sufficiens
1712 3448 1792 3511 ab
1837 3445 2344 3529 Imperatoribus
2400 3453 2650 3509 eorum-

343 3566 468 3628 que
515 3543 804 3608 exarchis
850 3548 1077 3608 contra
1121 3542 1580 3628 Longobardos
1635 3566 1767 3608 non
1816 3544 2269 3623 obtinuerunt,
2321 3564 2441 3606 nec
2485 3563 2652 3605 sem-

343 3663 456 3724 per
500 3644 780 3723 potestas
825 3639 1238 3723 Imperatoris
1294 3662 1409 3723 par
1455 3644 1622 3719 erat,
1681 3644 1754 3704 ut
1801 3663 1905 3705 eas
1951 3641 2022 3703 in
2079 3639 2446 3703 obedientia
2502 3639 2651 3701 reti·

344 3741 546 3802 neret.
614 3737 790 3802 Hinc
836 3738 1190 3801 necessario
1236 3737 1583 3803 auctoritas
1633 3741 1700 3801 et
1742 3737 2024 3801 influxus
2060 3736 2389 3801 Pontificis
2432 3736 2503 3798 in
2547 3756 2651 3799 res

344 3835 563 3899 civiles
623 3833 962 3898 admodum
1017 3834 1235 3898 crevit.
1324 3834 1406 3898 In
1470 3856 1543 3898 eo
1592 3834 1761 3898 enim
1816 3835 1955 3918 jam
2014 3832 2274 3897 unicum
2328 3831 2651 3915 refugium

345 3936 563 3996 tutum
638 3931 818 3996 Italis
852 3981 855 3982 ν
891 3931 1227 3996 videbatur
1296 3931 1536 4009 inesse,
1615 3934 1683 3995 et
1748 3931 1845 3995 vel
1914 3931 2069 4013 ipsis
2147 3929 2437 3993 exarchis
2516 3929 2651 4013 ejus

528 4192 570 4259 ¹)
609 4191 742 4261 Opp.
780 4190 844 4245 Τ.
873 4191 918 4244 Ι.
956 4192 1057 4260 Ep.
1094 4191 1191 4246 IX.
1230 4194 1279 4244 2.

2679 1382 2744 1423 Lo
2747 1382 2976 1435 agobardi.
