3270 5028
1134 415 1521 470 Controversia
1557 415 1613 469 in
1653 414 1849 469 Gallia.
2577 416 2645 467 69

332 556 454 619 roli
527 558 794 641 ejusque
864 556 1114 622 monitu
1179 580 1216 621 a
1279 556 1660 640 quibusdam
1733 557 1883 621 viris
1946 556 2244 638 eruditiS,
2315 556 2647 639 praecipue

333 652 513 717 forte
550 652 645 718 ab
678 652 995 735 ᾸΙαιιίῃο,
1023 653 1350 718 confectos
1399 656 1465 716 et
1509 652 1723 718 Caroli
1770 655 2029 718 nomine
2078 653 2281 717 editos
2327 653 2542 718 fuisse.

513 749 617 813 80.
660 728 864 813 Plura
919 748 991 813 in
1046 750 1145 815 his
1203 749 1383 814 libris
1438 748 1516 814 ad
1571 749 1839 813 verbum
1895 752 2294 815 conveniunt
2348 771 2492 814 cum
2551 750 2648 831 iis,

333 867 500 929 quae
545 845 915 910 Hadrianus
975 846 1046 910 in
1093 868 1208 910 sua
1263 845 1533 928 epistola
1580 847 1767 922 citat3
1822 847 1891 910 in
1934 847 2074 911 aliis
2131 859 2352 912 tamen
2405 850 2505 911 est
2559 846 2648 911 di-

333 942 609 1008 versitas
659 947 798 1007 tum
858 943 1067 1028 quoad
1127 942 1418 1007 ordinem
1475 943 1930 1026 capitulorum,
1987 948 2127 1007 tum
2175 945 2386 1027 quoad
2431 943 2645 1010 verba.

334 1038 525 1104 Unde
572 1041 917 1124 colligitur,
971 1037 1349 1121 capitulare
1393 1039 1555 1103 illud
1600 1040 1683 1103 ab
1727 1039 2117 1124 Angilberto
2163 1041 2472 1105 traditum
2512 1040 2646 1104 Ha-

333 1137 561 1201 driano
608 1158 741 1201 non
788 1136 980 1220 plane
1025 1132 1437 1202 ideffi‘l'ffisse
1476 1136 1959 1214 documentum,
2016 1158 2088 1201 ac
2135 1136 2318 1200 Libri
2362 1135 2645 1202 Carolini

332 1233 432 1298 uti
476 1255 654 1297 nunc
700 1236 979 1310 exstant,
1026 1238 1316 1298 attamen
1363 1232 1547 1298 valde
1592 1233 1818 1298 simile.
1911 1233 2434 1299 Probabilissima
2480 1233 2645 1297 vide-

331 1334 441 1393 tur
511 1351 585 1394 ea
643 1330 1032 1414 suppositio,
1106 1330 1415 1414 scriptum
1481 1329 1816 1394 Hadriano
1859 1330 2156 1395 -missum
2225 1335 2292 1394 et
2358 1329 2646 1395 Concilio

332 1425 862 1491 Francofurtensi
937 1427 1335 1510 propositum
1413 1427 1604 1510 paulo
1680 1431 1830 1510 post
1903 1427 2357 1510 amplificatum
2430 1426 2643 1490 fuisse.

332 1521 570 1587 Utrum
639 1544 789 1586 vero
857 1519 1237 1605 Capitulare
1297 1523 1457 1587 illud
1525 1522 1604 1586 ad
1662 1522 2061 1597 Hadrianum
2126 1524 2385 1588 missum
2451 1522 2645 1587 fuerit

334 1625 590 1684 tantum
632 1619 845 1683 brevis
880 1620 1208 1703 catalogus
1253 1619 1625 1684 lemmatum
1675 1620 1773 1683 vel
1806 1621 2258 1703 capitulorum,
2302 1619 2396 1683 uti
2426 1619 2646 1684 eadem

333 1738 371 1779 a
427 1714 744 1780 Pontifice
804 1715 874 1779 in
921 1737 1038 1780 sua
1093 1716 1364 1799 epistola
1422 1716 1739 1799 citantur,
1798 1738 1884 1781 an
1926 1738 2077 1780 vero
2137 1716 2396 1781 uberior
2456 1737 2646 1799 expo·

331 1813 483 1877 sitio
530 1834 609 1876 ex
657 1834 784 1896 qua
838 1813 1145 1877 lemmata
1201 1811 1312 1876 illa
1356 1814 1489 1896 ipse
1536 1811 1903 1877 Hadrianus
1957 1813 2245 1896 collegit,
2301 1813 2649 1877 difficulter

333 1908 547 1973 dirimi
610 1912 842 1993 potest.
954 1908 1164 1973 Priori
1228 1909 1591 1974 sententiae
1654 1910 1832 1973 favet
1891 1908 1991 1972 Ill.
2051 1907 2360 1990 Hefele.¹)
2431 1945 2513 1955 —
2579 1908 2646 1974 Si

334 2005 701 2090 Capitulare
752 2004 1086 2070 Hadriano
1140 2006 1403 2070 missum
1458 2006 1586 2070 fuit
1639 2006 1799 2070 illud
1858 2007 2188 2085 volumen,
2250 2005 2421 2090 quod
2479 2028 2644 2071 com·

332 2108 646 2167 memorat
700 2102 1116 2179 HincmaruS,
1178 2124 1375 2185 seque
1437 2102 1508 2167 in
1570 2103 1718 2166 aula
1780 2103 2012 2187 legisse
2074 2103 2326 2180 asserit,
2387 2103 2646 2186 majoris

331 2197 518 2264 molis
564 2198 725 2263 illud
770 2220 925 2283 opus
970 2199 1189 2278 fuisse,
1247 2204 1314 2264 et
1358 2199 1456 2263 uti
1509 2196 1804 2279 Carolini
1849 2199 2137 2282 pluribus
2183 2200 2363 2264 libris
2409 2201 2647 2265 eonsti-

330 2296 507 2373 tisse,
553 2295 889 2360 fatendum
937 2301 1125 2360 esset.
1194 2295 1580 2361 Hincmarus
1616 2296 1914 2361 videlicet
1959 2296 2034 2360 de
2068 2294 2326 2379 Synodo
2372 2296 2647 2379 septima

330 2393 612 2476 loquens
666 2391 736 2473 (l.
793 2390 876 2476 c.)
941 2415 979 2456 a
1032 2392 1565 2458 Francofurtensi
1623 2394 1893 2458 concilio
1948 2395 2215 2477 rejecta,
2279 2393 2435 2457 haec
2492 2394 2644 2457 sub-

322 2490 579 2574 jungit:
642 2488 748 2553 De
803 2489 992 2573 cujus
1044 2487 1478 2556 destructione
1535 2510 1666 2556 non
1721 2488 2042 2556 modicum
2088 2489 2412 2571 volumen,
2477 2489 2648 2573 quod

329 2584 404 2650 in
449 2584 714 2650 Palatio
760 2586 1269 2652 adolescentulus
1316 2586 1468 2670 leyi,
1523 2586 1603 2652 ab
1651 2587 1862 2652 eodem
1909 2587 2314 2669 Imperatore
2358 2586 2645 2672 (Carolo)

329 2681 612 2748 Romam
657 2687 752 2747 est
798 2704 924 2766 per
993 2683 1302 2766 quosdam
1359 2683 1682 2766 episcopos
1738 2683 2036 2764 missum,
2094 2684 2169 2750 in
2226 2685 2414 2767 cujus
2465 2685 2643 2750 volu·

330 2778 531 2845 minis
577 2783 811 2861 quarto
860 2778 1022 2845 libro
1067 2780 1222 2845 haec
1274 2779 1351 2845 de
1410 2779 1811 2846 Universalis
1868 2780 2129 2846 ‘nomine
2182 2780 2429 2863 scripta
2473 2785 2645 2847 sunt.

328 2877 548 2962 Atque
607 2877 727 2942 hoc
786 2878 923 2943 loco
976 2878 1365 2945 Hincmarus
1421 2879 1799 2963 vigesimum
1861 2884 2160 2944 octavum
2225 2878 2369 2941 libri
2429 2879 2644 2962 quarti

329 2978 525 3057 caput
586 2973 888 3039 describit
950 2976 1143 3058 plane
1206 2975 1373 3039 idem
1433 2997 1577 3039 cum
1645 2997 1750 3053 eo,
1812 2974 1982 3059 quod
2042 2974 2280 3058 legitur
2337 2974 2405 3039 in
2464 2974 2646 3038 libris

331 3069 649 3135 Carolinis
677 3092 715 3134 a
745 3070 912 3136 'Pilio
960 3070 1165 3136 editiS.
1241 3069 1367 3135 Sed
1412 3072 1743 3155 probabile
1785 3076 1901 3149 est,
1948 3071 2370 3136 Hincmarum
2416 3071 2645 3155 legisse

328 3167 499 3249 ipsos
543 3167 741 3232 libros
774 3167 1105 3232 Carolinos
1143 3168 1281 3252 jam
1328 3168 1623 3251 ampliori
1668 3167 2043 3232 recensione
2073 3167 2438 3252 completos,
2486 3190 2644 3251 qua-

327 3264 455 3327 lem
503 3286 679 3328 nunc
710 3264 973 3344 habent,
1022 3268 1089 3328 et
1120 3263 1528 3329 existimasse
1575 3263 1826 3329 eosdem
1862 3263 2159 3328 Pontifici
2205 3264 2401 3328 fuisse
2439 3269 2645 3329 trans-

328 3361 592 3424 missos..
666 3360 740 3426 Id
784 3365 1003 3425 tamen
1051 3360 1281 3444 nequit
1337 3360 1590 3425 admitti
1639 3361 1720 3425 ob
1780 3360 2215 3425 diversitatem
2265 3382 2645 3425 commemo-

328 3460 558 3535 ratam,
605 3479 768 3541 quae
805 3457 1013 3541 quoad
1059 3457 1347 3528 ordinem
1383 3456 1826 3540 Capitulorum
1874 3462 1941 3521 et
1971 3457 2183 3534 verba,
2231 3458 2300 3521 in
2349 3457 2645 3541 capitulis

329 3554 411 3617 ab
456 3552 788 3618 Hadriano
846 3553 1060 3620 citatis
1123 3557 1190 3618 et
1244 3553 1313 3617 in
1371 3553 1552 3618 libris
1601 3552 1918 3618 Carolinis
1973 3554 2071 3617 uti
2117 3576 2288 3619 nunc
2345 3558 2648 3620 constant

326 3650 683 3713 invenitur.

505 3744 609 3809 81.
671 3746 912 3811 Iterum
970 3748 1038 3811 in
1091 3746 1302 3811 Gallia
1363 3746 1441 3811 de
1498 3748 1675 3811 cultu
1736 3748 2085 3831 imaginum
2143 3751 2356 3811 actum
2416 3750 2514 3810 est
2575 3747 2642 3809 in
2700 3756 2790 3800 Gon

333 3839 682 3952 Conventa
722 3841 1092 3908 Parisiensi
1158 3844 1278 3907 sub
1345 3843 1667 3908 Ludovico
1729 3844 1846 3908 Pio
1909 3841 2412 3909 a.825.1110
2480 3849 2642 3907 tem·

428 3928 555 3950 Ἣ--μ

508 4066 543 4130 ¹)
582 4066 637 4119 C.
679 4064 741 4119 G.
780 4065 844 4119 B.
884 4066 988 4119 ΠΙ.
1039 4067 1088 4133 ξ.
1126 4068 1248 4119 402.
1300 4096 1369 4104 -
1418 4065 1758 4120 Conferenda
1807 4071 1937 4119 sunt
1981 4082 2116 4133 quae
2154 4066 2240 4120 Ill.
2279 4069 2488 4121 Auctor
2535 4068 2642 4121 dis-

330 4144 469 4199 serit
508 4145 573 4200 de
611 4144 790 4199 Libris
830 4144 1098 4199 Carolinis
1137 4145 1172 4199 l.
1213 4161 1258 4198 o.
1296 4143 1343 4214 ξ.
1382 4147 1487 4197 400
1524 4160 1640 4212 sqq.

2685 3819 2821 3861 Parisi
