3270 5028
918 440 1217 495 Concilium
1254 439 1657 494 oecumenicum
1694 445 1962 492 octavum.
2492 439 2606 491 399

283 582 729 648 triarcharam
781 579 1184 663 quaestiones
1229 578 1687 645 ecclesiasticas
1732 576 1987 658 dirimi,
2042 579 2599 663 dum‘interrogat

283 682 355 745 in
420 701 713 745 sermone
777 679 1216 744 adhortatorio
1278 677 1671 742 Photianos:
1742 674 2079 740 Actionem
2145 678 2206 738 et
2262 672 2598 757 judiciam

285 780 572 858 quatuor
604 773 1161 858 patriarchalium
1207 772 1475 852 sedium,
1536 772 1684 854 qais
1729 771 2071 837 dissolvere
2106 769 2400 854 poterit?
2491 769 2599 835 Ad

285 894 473 955 quem
520 872 694 937 enim
738 869 1090 954 effayietis,
1134 869 1518 936 solationem
1565 868 1983 953 obliyamenti
2016 866 2353 951 petentes?
2372 867 2417 948 ¹)
2510 868 2598 933 Et

253 961 480 1035 ¹antea
532 972 670 1055 jam
717 970 994 1034 dixerat:
1052 966 1458 1032 Protectione
1515 964 1655 1030 veri
1701 964 1833 1030 Dei
1886 963 2098 1031 nostri
2145 964 2430 1046 quinque
2476 984 2598 1047 pa-

285 1064 611 1131 triarchia
665 1064 838 1130 orbis
901 1068 1231 1129 terraram
1295 1066 1472 1127 recta
1534 1062 1856 1139 sentiant,
1924 1066 1985 1125 et
2046 1058 2179 1128 non
2246 1065 2339 1126 est
2403 1060 2603 1126 laesio

282 1161 455 1243 fidei,
504 1165 564 1226 et
591 1161 731 1226 ideo
769 1160 1086 1242 quidquid
1111 1159 1440 1243 judicant,
1487 1158 1847 1225 necessario
1883 1157 2122 1224 debetis
2170 1157 2463 1240 recipere.
2496 1209 2508 1221 .
2538 1209 2551 1221 .
2586 1200 2600 1215 .

291 1257 626 1340 Quidquid
655 1257 1128 1341 judicaverant
1147 1254 1590 1339 patriarchae,
1644 1254 2121 1335 confirmamus.
2189 1254 2393 1320 Nemo
2425 1253 2599 1320 enim

277 1359 490 1438 potest
535 1355 758 1419 datam
803 1352 896 1418 eis
929 1357 1313 1437 potestatem
1357 1373 1398 1417 a
1436 1351 1702 1418 Christo
1731 1352 1874 1417 Deo
1915 1356 1976 1417 et
2007 1351 2347 1418 Salvatore
2376 1356 2600 1417 nostro

285 1448 712 1536 reprobare.²)
815 1451 1029 1515 Etiam
1089 1451 1386 1516 disertius
1444 1452 1514 1515 in
1570 1450 1948 1534 patriarchis
2002 1473 2321 1518 summum
2377 1450 2601 1515 Eccle-

288 1551 420 1615 siae
479 1548 770 1613 tribunal
830 1548 1087 1631 reponit
1146 1546 1394 1611 Baanes
1453 1547 1942 1622 Commissarius
2001 1546 2390 1631 ImperialiS,
2451 1547 2598 1611 dum
2644 1546 2911 1650 agapeshgie

286 1646 410 1711 hac
452 1646 705 1710 ratione
751 1644 1032 1709 disserit:
1075 1641 1309 1707 Posuit
1341 1643 1534 1708 Deus
1556 1641 1917 1707 Ecclesiam
1961 1662 2150 1708 suam
2196 1641 2270 1708 in
2316 1641 2602 1724 quinque
2645 1621 2672 1660 p
2700 1621 2728 1650 ¹¹
2752 1620 2823 1650 ω
2856 1620 2925 1650 ¹⁸*

278 1740 709 1825 patriarchis,
758 1744 818 1805 et
861 1738 1156 1820 definivit
1198 1738 1273 1805 in
1319 1738 1707 1821 Evanyeliis
1749 1737 1915 1820 sais,
1971 1743 2047 1804 at
2090 1759 2433 1820 nunquam
2480 1738 2600 1804 ali-

291 1837 550 1919 qaando
585 1836 855 1920 penitus
884 1834 1200 1916 decidant,
1248 1856 1318 1901 eo
1350 1836 1519 1918 quod
1548 1834 1767 1919 capita
1796 1834 2123 1901 Ecclesiae
2153 1837 2323 1916 sint;
2365 1834 2599 1901 etenim

289 1934 457 2000 illud
501 1933 671 2016 qaod
714 1932 991 1998 dicitur:
1052 1933 1188 2013 „Et
1230 1937 1464 2015 portae
1518 1931 1727 2014 inferi
1780 1953 1914 1998 non
1963 1932 2436 2014 praevalebant
2488 1932 2599 1997 ad-

288 2051 514 2098 versas
558 2034 758 2110 eam“,
804 2030 920 2095 hoc
961 2030 1331 2110 denuntiat,
1392 2028 1652 2111 quando
1697 2027 1830 2096 duo
1877 2028 2266 2111 ceciderant,
2323 2034 2606 2095 currant

221 2187 228 2204 ,
291 2127 378 2193 ad
420 2126 575 2207 tria,
624 2148 768 2192 cam
815 2126 950 2191 tria
995 2126 1378 2206 ceciderunt,
1428 2130 1708 2191 currunt
1744 2125 1830 2190 ad
1874 2125 2020 2207 duo,
2068 2146 2213 2192 cum
2249 2146 2398 2192 vero
2446 2146 2600 2207 qaa-
2850 2203 2851 2206 Ἴ

291 2229 443 2289 taor
482 2223 654 2306 forte
686 2222 1046 2304 ceciderint,
1094 2244 1320 2303 anam,
1370 2222 1538 2304 qaod
1573 2225 1917 2304 permanet
1959 2222 2035 2288 in
2070 2222 2359 2288 omnium
2392 2222 2606 2305 capite
2696 2231 2765 2272 s

296 2319 562 2386 Christo
619 2320 760 2384 Deo
816 2324 1065 2400 nostro,
1123 2324 1376 2384 revocat
1431 2318 1672 2384 iterum
1726 2318 2051 2400 reliquam
2101 2340 2333 2401 corpas
2379 2319 2599 2385 Eccle-

291 2414 498 2497 siae.³)
590 2417 769 2483 Haec
816 2440 972 2482 sane
1017 2418 1144 2482 fuit
1186 2439 1319 2482 non
1366 2416 1638 2500 Synodi,
1697 2417 1810 2480 sed
1854 2416 2092 2481 Baanis
2136 2418 2360 2501 inepta
2407 2440 2598 2501 expo-

291 2516 475 2591 siti03
523 2513 812 2580 ostendit
855 2518 1095 2590 tamen,
1143 2514 1365 2598 quales
1408 2513 1748 2597 opiniones
1779 2536 1852 2579 eo
1895 2519 2184 2598 tempore
2231 2514 2300 2578 in
2331 2513 2605 2581 Oriente

282 2613 422 2696 jam
468 2611 813 2694 viguerint.
906 2611 1006 2675 Ad
1054 2613 1167 2676 illa
1210 2612 1409 2676 verba
1454 2611 1686 2675 merito
1733 2611 2216 2677 Thomassinus:
2265 2611 2483 2690 „Quae
2528 2612 2600 2674 in

288 2709 411 2773 hac
469 2704 1033 2792 argumentatione
1095 2713 1298 2786 arteS,
1362 2730 1525 2792 quae
1569 2706 1829 2772 fraudes
1887 2708 2364 2790 delitescerent,
2422 2729 2601 2772 excu-

287 2810 428 2869 tere
472 2797 871 2888 supersedeo.
948 2805 1089 2870 Hoc
1117 2828 1314 2870 unum
1361 2826 1613 2884 mone0‚
1663 2803 2051 2875 Graecorum
2092 2808 2262 2868 artes
2308 2804 2601 2869 offucias-

290 2923 412 2986 que
474 2901 545 2965 in
609 2901 1033 2985 coaequandis
1104 2903 1391 2986 quinque
1454 2901 1834 2984 patriarchis
1895 2900 2232 2983 prohibere
2289 2922 2424 2965 non
2487 2923 2599 2985 po·

289 2997 519 3077 tuisse,
572 2996 730 3080 quin
779 2998 1217 3080 experimento
1273 3002 1374 3061 tot
1422 2999 1821 3063 saeculorum
1875 3018 2040 3080 quae
2094 2997 2610 3062 luculentissima.

292 3093 773 3177 certissimaque
836 3097 934 3158 est
990 3093 1459 3176 Scripturarum
1527 3093 2007 3178 interpretatio,
2074 3098 2356 3173 constet,
2417 3094 2599 3158 illum
2714 3142 2718 3148 -

293 3212 491 3255 unum
539 3191 650 3275 qui
695 3190 938 3274 primus
972 3196 1071 3254 est
1106 3191 1277 3254 inter
1321 3190 1738 3273 patriarchas,
1783 3191 2051 3255 caeteris
2085 3190 2340 3254 affuisse
2371 3190 2605 3273 saepis·

290 3288 448 3352 sime
495 3286 576 3350 ab
624 3309 909 3351 errorum
939 3287 1403 3371 haeresumque
1447 3287 1756 3353 barathro
1789 3286 2146 3364 educendis,
2191 3308 2311 3351 nec
2353 3286 2607 3370 eguisse

292 3384 497 3467 ipsum
544 3406 826 3468 unquam
883 3384 1176 3449 beneficii
1222 3384 1682 3449 vicissitudine.
1732 3383 2070 3467 ‚Denique
2117 3383 2404 3468 quamvis
2451 3383 2600 3447 sub-

294 3481 441 3545 inde
488 3481 799 3545 existeret
854 3485 921 3544 et
973 3481 1275 3545 emicaret
1314 3479 1706 3545 Graecorum
1755 3481 2104 3566 jactantia,
2166 3479 2603 3544 indubitatum

293 3582 514 3642 tamen
557 3581 676 3659 est,
721 3580 788 3641 et
822 3577 943 3642 hac
975 3578 1115 3661 ipsa
1160 3578 1444 3661 generali
1486 3576 1744 3662 Synodo
1773 3575 1953 3643 VIII.
1998 3577 2343 3660 plurimum
2384 3575 2603 3642 discri-

295 3673 484 3739 minis
544 3674 1000 3758 interpositum
1056 3675 1258 3738 fuisse
1298 3673 1543 3758 Papam
1599 3675 1772 3739 inter
1829 3679 1895 3738 et
1951 3672 2349 3758 patriarchas
2396 3678 2610 3737 caete-

294 3793 420 3848 ros,
466 3819 481 3835 .
531 3819 546 3835 .
595 3821 618 3856 .,
660 3776 736 3836 ut
779 3793 863 3836 ne
896 3792 1052 3855 opus
1085 3771 1341 3856 quidem
1374 3772 1461 3835 sit
1506 3772 1631 3836 a'lio
1664 3771 2043 3835 documento
2075 3771 2206 3835 ullo
2251 3770 2331 3836 ad
2362 3770 2617 3854 primae

475 4013 516 4081 1)
554 4014 678 4067 Act.
708 4012 805 4066 VI.
840 3984 1023 4067 nabbe
1048 4013 1205 4068 vm.
1240 4030 1293 4081 p.
1335 4015 1486 4068 1058.

399 4130 402 4133 -
470 4091 515 4159 ²)
553 4091 762 4148 Ibidem
797 4108 849 4160 p.
891 4094 1042 4146 1050.

470 4169 517 4238 ⁸>
553 4172 861 4227 Act.v111.
898 4172 1086 4226 nabbe
1110 4171 1267 4227 vm.
1308 4173 1460 4226 1106.
