3270 5028
934 418 1142 472 Causae
1178 419 1570 485 praeparantes
1605 416 1987 484 principatum.
2516 417 2617 469 103

311 558 514 637 tione,
585 559 672 624 ad
725 557 1053 641 praedicti
1106 556 1435 640 principis
1490 556 1926 639 defensionem
1987 560 2048 620 et
2106 553 2419 621 invictam
2479 555 2621 636 eJ‘us

312 655 713 721 clementiam
761 657 1121 720 convertere
1175 674 1321 719 cum
1374 652 1708 732 voluisset,
1766 652 1904 736 ipse
1958 672 2107 717 vero
2164 651 2291 716 his·
2323 651 2622 717 omnibus

311 773 454 818 cum
505 752 750 836 qaudio
812 755 873 816 et
926 749 1305 833 qratiarum
1367 749 1617 815 actione
1674 748 1961 815 Domino
2021 748 2339 831 repensis,
2407 747 2622 831 ipsam

310 848 694 932 leqationem
740 869 886 914 cum
914 847 1174 930 maqnis
1205 846 1586 913 muneribus
1617 846 1898 912 Romam
1942 845 2211 911 remisit.
2220 844 2272 930 l)
2347 846 2624 910 Romani

310 948 552 1012 scilicet
596 952 859 1011 senatus
915 946 1243 1023 consulto,
1299 947 1486 1008 iuxta
1542 945 1658 1009 hos
1713 949 2037 1021 auctore8‚
2090 945 2490 1021 obtulerunt,
2549 946 2624 1006 ut

309 1045 426 1109 sub
487 1042 679 1108 certis
735 1041 1243 1119 conditionibUS‚
1310 1042 1568 1106 dimissa
1618 1040 2060 1106 dominatione
2107 1039 2522 1116 Graecorum,
2586 1061 2624 1102 a

311 1140 542 1224 quibus
589 1140 771 1203 nulla
831 1159 974 1222 spes
1021 1137 1249 1202 auxilii
1305 1139 1687 1223 effulgebat,
1750 1137 2050 1203 Carolum
2099 1141 2175 1200 ut
2225 1137 2622 1201 defensorem

311 1258 499 1301 suum
553 1238 995 1320 agnoscerent.
1089 1232 1212 1298 Sed
1265 1235 1391 1299 ista
1447 1256 1562 1318 pro
1617 1240 1907 1318 tempore
1966 1235 2262 1298 effectum
2323 1255 2454 1297 non
2505 1233 2623 1297 ha-

312 1333 627 1409 buerunt,
696 1335 762 1397 et
817 1330 1364 1415 subsequentibus
1423 1333 1613 1396 annis
1661 1331 1939 1395 Romani
1999 1331 2205 1396 adhuc
2260 1351 2623 1413 supremam

312 1430 819 1495 dominationem
892 1427 1312 1512 Imperatoris
1386 1428 1721 1493 orientalis
1789 1432 2209 1512 agnoverunt.
2331 1426 2625 1491 Potestas

312 1532 531 1591 tamen
587 1525 959 1590 immediata
1012 1526 1151 1610 jam
1208 1529 1368 1588 tunc
1424 1530 1562 1589 erat
1624 1546 1821 1609 penes
1874 1525 2333 1607 rempublicam
2387 1522 2624 1588 Roma-

312 1646 466 1687 nam
525 1643 974 1706 summumque
1032 1620 1440 1704 Pontificem,
1499 1622 1611 1705 qui
1670 1621 2009 1705 praecipue
2069 1621 2454 1686 auctoritate
2509 1643 2626 1685 sua

317 1719 559 1783 Romae
607 1723 803 1803 atque
846 1719 916 1783 in
963 1717 1195 1783 ducatu
1240 1718 1532 1782 Romano
1578 1741 1681 1782 res
1728 1718 2198 1783 moderabatur.

491 1877 594 1940 26.
659 1873 1139 1955 SzZaffcharias
1195 1897 1368 1940 anno
1419 1876 1541 1940 741
1592 1874 1887 1958 Gregorii
1936 1870 2052 1940 III.
2111 1876 2181 1938 in
2240 1875 2625 1957 pontificatu
2647 1879 2957 1931 S.Zacharias,

314 1995 667 2051 successor,
715 1995 856 2037 cum
908 1971 1310 2056 Luitprando
1356 1973 1494 2056 ipso
1539 1972 1874 2056 tractavit3
1926 1975 2063 2056 jam
2104 1972 2408 2049 diximu8‚
2456 1972 2626 2035 forte
2733 1942 2790 1982 R'
2818 1941 2864 1982 P'

317 2093 395 2135 ex
456 2070 728 2155 quadam
790 2071 1052 2152 pacifica
1115 2068 1592 2133 interventione
1652 2068 1865 2133 Caroli
1930 2070 2095 2153 apud
2152 2067 2627 2152 Luitprandum

313 2190 415 2232 res
454 2167 706 2232 facilius
763 2167 1145 2249 compositas
1197 2165 1415 2231 fuisse.
1511 2164 1947 2248 Luitprandus
2006 2170 2342 2249 occupatas
2397 2167 2467 2230 in
2515 2163 2625 2228 du-

315 2268 462 2328 catu
511 2263 805 2329 Romano
851 2262 1145 2327 civitates
1191 2262 1547 2340 Ameriam,
1599 2261 1819 2340 Offae,
1868 2262 2319 2326 Polimartium
2367 2266 2435 2326 et
2478 2260 2627 2324 Ble-

315 2383 454 2425 ram
525 2383 668 2424 cum
735 2381 956 2424 earum
1011 2360 1268 2434 incolis,
1336 2380 1592 2423 necnon
1658 2359 2077 2443 patrimonia,
2146 2359 2386 2423 scilicet
2441 2357 2627 2422 Sabi-

317 2479 548 2545 nense‚
592 2455 985 2532 Narniense,
1030 2453 1500 2532 Auximanum‚
1550 2454 2067 2536 Anconitanum,
2115 2455 2515 2521 Numatense
2562 2458 2629 2520 et

317 2553 654 2619 Sutrinum
698 2552 1006 2617 Pontifici
1062 2552 1353 2617 reddidit.
1468 2553 1609 2617 Hac
1666 2554 1742 2616 de
1789 2575 1859 2617 re
1905 2553 2286 2617 Anastasius
2347 2554 2418 2617 in
2471 2552 2630 2616 Vita

316 2649 376 2716 S.
425 2650 797 2717 Zachariae:
861 2647 1066 2731 C‘uJus
1112 2648 1508 2734 (Zachariae)
1553 2648 1692 2731 piis
1748 2648 2018 2731 eloquiis
2067 2649 2278 2730 flexus
2290 2698 2307 2729 ,
2364 2652 2426 2713 et
2477 2669 2626 2714 con-

318 2745 633 2811 stantiam
679 2749 740 2810 et
785 2741 1289 2810 admonitionem
1335 2745 1547 2811 sancti
1589 2744 1724 2810 viri
1763 2745 2140 2813 admiratus
2173 2748 2359 2829 (rex),
2407 2744 2628 2811 omnia

318 2841 755 2925 Quaecumque
805 2840 1003 2925 petiit
1051 2861 1176 2922 per
1229 2840 1524 2923 qratiam
1579 2841 1793 2907 sancti
1838 2841 2135 2925 Spiritus
2198 2842 2507 2921 obtinuit,
2567 2845 2629 2906 et

308 2938 684 3022 praedictas
729 2941 1013 3019 quatuor
1045 2935 1367 3017 civitates,
1419 2958 1583 3020 quas
1621 2939 1760 3021 ipse
1791 2944 1943 3004 ante
1991 2939 2325 3005 biennium
2362 2960 2487 3020 per
2518 2938 2625 3003 ob-

317 3034 662 3101 sessionem
719 3035 966 3117 factam
1017 3055 1147 3116 pro
1197 3034 1533 3116 praedicto
1587 3035 2023 3107 Prasimundo
2084 3035 2239 3101 duce
2295 3034 2629 3123 Spoletino

318 3131 702 3212 abstulerat,
763 3131 963 3222 eidem
1009 3134 1230 3195 sancto
1277 3152 1422 3197 cum
1474 3153 1697 3198 eorum
1748 3132 2227 3197 habitatoribus
2271 3131 2632 3200 redonavit..

322 3228 502 3308 Quas
546 3232 607 3292 et
643 3248 768 3311 per
813 3226 1225 3292 donationem
1268 3226 1576 3307 firmavit.
1633 3278 1647 3291 .
1704 3279 1718 3293 .
1779 3228 1956 3293 Nam
2002 3232 2063 3294 et
2111 3228 2465 3295 Sabinense
2500 3249 2629 3311 pa-

319 3324 730 3404 trimonium,
793 3324 963 3406 quod
1008 3343 1132 3405 per
1188 3344 1396 3389 annos
1442 3345 1648 3407 prope
1705 3324 1985 3408 triyinta
2037 3325 2263 3407 fuerat
2317 3325 2625 3406 ablatum,

319 3425 512 3503 atque
556 3421 929 3487 Narniense
988 3419 1186 3485 etiam
1245 3424 1305 3484 et
1365 3420 1824 3486 Auximanum
1877 3425 2071 3503 atque
2118 3421 2626 3501 Anconitanum,

318 3538 566 3583 necnon
611 3522 673 3582 et
716 3517 1143 3596 Numatense,
1202 3521 1264 3581 et
1308 3516 1540 3582 vallem
1593 3537 1759 3599 quae
1810 3522 2080 3584 vocatur
2131 3539 2371 3601 mayna
2432 3518 2629 3583 sitam

318 3613 393 3680 in
446 3613 780 3679 territorio
829 3612 1135 3693 Sutrino,
1190 3634 1314 3695 per
1374 3613 1749 3679 donationis
1803 3614 2068 3681 titulum
2124 3614 2255 3697 ipsi
2300 3616 2383 3679 B.
2433 3615 2630 3680 Petro

322 3709 780 3793 Apostolorum
815 3710 1112 3793 principi
1150 3709 1558 3790 reconcessit,
1619 3714 1681 3775 et
1725 3731 1952 3793 pacem
2012 3732 2157 3776 cum
2203 3712 2447 3777 ducatu
2491 3710 2628 3775 Ro-

322 3826 514 3872 mano
567 3806 704 3890 ipse
748 3828 867 3871 rex
909 3806 984 3872 in
1041 3806 1281 3890 viyinti
1339 3804 1748 3886 confirmavit
1802 3827 2027 3873 annos.
2088 3844 2171 3853 —
2228 3808 2632 3873 Patrimonia

321 3906 432 3971 illa
477 3906 757 3969 maxima
802 3911 983 3989 parte
1032 3911 1214 3969 extra
1252 3905 1557 3969 ducatum
1588 3904 1952 3969 Romanum
1998 3906 2123 3970 sita
2168 3905 2288 3990 ipsi
2331 3906 2632 3971 ecclesiae

503 4147 544 4215 1)
585 4148 833 4201 Chronic.
872 4147 1143 4202 Moissiac.
1183 4147 1253 4201 ad
1291 4163 1336 4200 a.
1379 4148 1496 4199 734.
1534 4146 1703 4201 Pertz
1740 4146 1813 4201 M.
1854 4147 1917 4201 G.
1954 4147 1997 4200 Ι.
2039 4149 2157 4203 392.
