3270 5028
1187 443 1520 497 Convocatio
1560 442 1808 496 Concilii.
2580 447 2652 498 49

333 589 563 652 laissee
610 609 690 651 au
733 585 1046 650 veritable
1086 585 1327 649 concile
1376 592 1441 649 et
1471 587 1509 649 a
1540 607 1639 649 ses
1685 586 1911 668 legate.
1958 620 2045 631 —
2092 586 2361 663 Adrien,
2409 607 2651 651 comme

338 685 535 761 Paul,
590 704 832 748 comme
878 680 1166 758 Taraise,
1224 682 1687 747 reconnaissait
1742 681 1907 746 donc
1952 704 2077 766 que
2137 683 2196 745 le
2254 683 2496 747 concile
2539 684 2650 766 ge·-

336 781 520 845 neral
585 780 744 844 etait
808 778 967 842 dans
1029 799 1129 842 ces
1189 778 1667 843 malheureuses
1731 778 2201 843 circonstances
2272 780 2333 842 le
2397 778 2652 843 dernier

337 899 573 960 moyen
621 877 698 940 de
744 896 1039 940 ramener
1084 875 1175 939 les
1220 874 1585 958 heretiques
1631 877 1670 939 a
1716 876 1779 939 la
1823 876 1997 939 vraie
2044 876 2133 940 foi
2180 882 2245 940 et
2290 875 2366 939 de
2419 875 2670 940 rendre*

338 975 403 1038 la
447 975 597 1058 paix
642 976 681 1037 a
726 972 1049 1056 l'Eglise.“
1108 1006 1192 1017 —
1256 969 1380 1035 Sed
1427 971 1587 1036 haec
1628 993 1849 1036 revera
1895 973 1976 1036 ad
2021 973 2391 1055 opinionem
2436 977 2652 1036 aucto·

336 1073 428 1136 ris
483 1068 877 1155 probandam
932 1090 1063 1132 non
1121 1068 1484 1132 conferunt.
1591 1067 1982 1133 Nullatenus
2044 1069 2215 1132 enim
2270 1067 2651 1142 ostenditur,

336 1166 789 1233 auctoritatem
854 1166 1081 1230 summi
1141 1164 1477 1229 Pontificis
1546 1165 1758 1250 quoad
1820 1165 2260 1250 magisterium
2330 1170 2394 1230 et
2458 1165 2651 1250 juris-

334 1266 688 1329 dictionem
731 1285 846 1347 per
893 1285 961 1326 se
1008 1285 1141 1328 non
1202 1284 1336 1326 esse
1383 1264 1641 1346 plenam
1686 1268 1752 1325 et
1797 1283 2142 1339 summam,
2199 1262 2311 1326 sed
2358 1261 2650 1327 accedere

334 1362 567 1426 debere
626 1361 1074 1425 auctoritatem
1123 1358 1414 1424 Concilii.
1513 1355 1826 1443 Sequitur
1878 1362 2167 1435 tantum,
2228 1359 2298 1422 in
2354 1358 2484 1422 illis
2535 1358 2649 1423 cir-

337 1458 747 1523 cumstantiis
795 1456 1289 1520 celebrationem
1321 1455 1592 1521 Concilii
1637 1454 1915 1519 medium
1955 1458 2382 1538 opportunum
2433 1455 2647 1531 fuisse,

338 1560 416 1619 ut
474 1554 795 1618 efficacius
855 1558 920 1617 et
976 1553 1324 1616 solemnius
1383 1574 1533 1616 vera
1588 1551 1883 1616 doctrina
1937 1552 2073 1636 jam
2132 1550 2396 1615 definita
2441 1550 2649 1615 vindi·

333 1658 596 1717 caretur
660 1657 725 1715 et
783 1649 1090 1713 haeretici
1148 1650 1591 1733 rejicerentur.
1700 1647 1986 1712 Adverte
2042 1649 2266 1730 etiam,
2330 1649 2398 1712 in
2463 1653 2648 1712 textu

339 1749 645 1830 epistolae
691 1747 913 1825 verba,
965 1767 1130 1830 quae
1176 1746 1374 1809 vertit
1430 1750 1655 1809 auctor
1700 1763 1856 1809 sans
1918 1742 2252 1808 l'autorite'
2302 1743 2456 1809 d’wn
2504 1763 2646 1808 con·

332 1843 458 1908 cile
498 1841 781 1926 yeneral,
831 1866 990 1907 esse:
1038 1839 1179 1906 sine
1224 1839 1457 1923 synodi
1503 1838 1771 1921 actione,
1815 1841 1854 1905 i.
1904 1863 1957 1907 e.
2007 1842 2455 1906 celebratione.

518 1942 620 2008 56.
673 1940 851 2004 Misit
895 1961 1082 2022 porro
1128 1937 1493 2003 Hadrianus
1539 1938 1619 2002 ad
1665 1936 2018 2003 Concilium
2064 1939 2311 2022 legatos
2358 1939 2467 2023 qui
2513 1940 2647 2003 vice

336 2038 539 2122 ipsius
600 2036 1066 2119 praesiderent,
1132 2035 1376 2099 scilicet
1438 2035 1701 2098 Petrum
1771 2033 2390 2117 archipresbyterum
2458 2037 2649 2100 eccle-

332 2136 470 2199 siae
539 2130 619 2197 Sti
675 2131 887 2208 Petri,
959 2136 1025 2196 et
1090 2132 1351 2195 Petrum
1423 2131 1724 2194 abbatem
1794 2127 1874 2195 S‘¹
1930 2128 2153 2195 Sabae.
2249 2131 2650 2216 Quapropter

337 2232 450 2296 isti
489 2230 740 2317 ,Vicarii
792 2229 999 2312 Papae
1046 2229 1337 2312 quamvis
1398 2228 1743 2312 episcopali
1801 2227 2120 2312 dignitate
2170 2232 2494 2307 carentes,
2556 2234 2648 2293 ta·

339 2314 485 2392 men
535 2326 830 2390 omnibus
878 2326 1188 2409 episcopis
1246 2325 1587 2408 praepositi
1646 2324 2071 2389 inveniuntur
2117 2324 2186 2388 in
2232 2324 2415 2389 Actis
2459 2326 2649 2410 hujus

332 2423 635 2501 Consilii,
699 2445 772 2486 eo
830 2421 1002 2506 quod
1045 2428 1349 2486 tenerent
1393 2421 1599 2485 locum
1657 2422 2065 2505 Apostolicae
2121 2419 2326 2486 Sedis.
2381 2458 2467 2467 ——
2524 2421 2649 2487 Ta-

333 2522 539 2586 rasius
610 2528 741 2585 tres
812 2520 970 2584 alios
1039 2517 1438 2602 patriarchas
1509 2520 1762 2583 monuit
1830 2518 1909 2583 de
1978 2519 2328 2583 indictione
2402 2518 2650 2604 Synodi
2686 2536 2963 2607 Parriarohao

330 2619 655 2703 generalis
701 2639 815 2700 per
863 2618 1139 2700 legatos,
1200 2617 1312 2701 qui
1370 2637 1475 2679 eos
1520 2615 1970 2695 hortarentur,
2029 2621 2104 2680 ut
2152 2616 2230 2680 ad
2277 2639 2419 2681 eam
2466 2617 2647 2681 veni·
2707 2599 2959 2642 ⁰¹¹⁰¹²t⁸¹⁶⁸⁰

335 2720 504 2779 rent.
605 2713 838 2798 Legati
905 2734 1019 2796 per
1073 2713 1438 2797 Aegyptum
1500 2720 1567 2776 et
1623 2711 1958 2777 Orientem
2015 2715 2192 2778 inter
2249 2715 2426 2779 mille
2486 2715 2649 2798 peri·

334 2797 480 2875 cusa
526 2811 652 2875 iter
697 2811 932 2889 feceret,
992 2832 1314 2895 quumque
1361 2809 1875 2893 Hierosolymam
1919 2812 2394 2894 pervenissent,
2445 2810 2650 2876 Theo-

329 2908 561 2971 dorum
625 2906 1054 2992 patriarcham
1116 2912 1442 2972 mortuum
1507 2908 1926 2985 invenerunt,
2001 2912 2067 2971 et
2109 2906 2349 2986 Eliam,
2419 2909 2524 2992 qui
2594 2908 2650 2972 ei

334 3008 755 3082 successerat,
811 3028 848 3067 a
895 3004 1217 3086 praefecto
1266 3002 1568 3088 Caliphae
1614 3004 1899 3088 Aegypti
1946 3004 2017 3068 in
2065 3005 2327 3075 exilium
2364 3007 2647 3069 missum.

335 3101 760 3166 Diverterunt
816 3122 1004 3183 porro
1064 3099 1263 3183 legati
1323 3101 1423 3164 vel
1484 3099 1553 3163 in
1615 3098 1991 3164 Palaestina
2052 3101 2152 3163 vel
2212 3101 2283 3163 in
2347 3103 2647 3186 Aegypto

336 3195 505 3279 apud
552 3196 929 3268 monachos,
993 3195 1104 3278 qui
1151 3216 1258 3259 eos
1318 3195 1791 3261 instantissime
1846 3199 2187 3280 rogarunt,
2249 3219 2332 3261 ne
2378 3197 2648 3262 ulterius

334 3292 779 3375 procederent,
833 3314 1146 3356 summum
1194 3292 1366 3355 enim
1412 3314 1546 3357 esse
1593 3293 1982 3375 periculum,
2040 3315 2121 3357 ne
2167 3293 2456 3360 infideles
2502 3294 2649 3358 Mu-

335 3389 707 3472 hamedani‚
777 3392 1102 3471 comperto
1165 3389 1449 3472 ipsorum
1512 3389 1746 3452 itinere
1812 3412 1945 3453 non
2008 3390 2214 3454 solum
2275 3412 2380 3455 eos
2444 3393 2646 3455 inter-

331 3485 619 3561 ficerent,
665 3484 777 3548 sed
822 3485 1023 3548 diram
1070 3485 1583 3568 persecutionem
1628 3486 1697 3548 in
1742 3508 1962 3550 omnes
2007 3486 2264 3552 illarum
2309 3488 2645 3572 regionum

332 3575 734 3646 Christianos
802 3582 1184 3645 excitarent.
1295 3581 1450 3645 Esse
1504 3603 1657 3647 vero
1706 3583 1805 3660 ‚ob
1869 3581 2335 3648 Saracenorum
2405 3584 2648 3650 hostili·

330 3684 533 3741 tatem
584 3678 846 3743 omnino
894 3678 1313 3762 impossibile,
1371 3682 1445 3741 ut
1499 3678 1898 3760 patriarchae
1943 3680 2021 3744 ad
2070 3678 2400 3763 Synodum
2450 3681 2643 3765 profi-

333 3774 673 3839 ciscantur.
785 3774 884 3838 Ex
948 3773 1277 3839 monachis
1342 3779 1560 3837 autem
1624 3774 1749 3839 duo
1811 3776 2060 3840 inventi
2123 3780 2306 3854 sunt,
2373 3798 2642 3860 quorum

328 3870 531 3948 alter,
593 3871 837 3935 scilicet
893 3870 1182 3935 Joannes
1240 3870 1634 3934 Antiocheni
1680 3869 2112 3954 patriarchae,
2174 3872 2340 3937 alter
2401 3873 2642 3937 scilicet

342 3962 630 4030 Thomas
694 3967 1117 4031 Alexandrini
1183 3966 1504 4050 syncellus
1571 3967 1819 4046 fuerat,
1895 3990 2055 4053 quos
2122 3970 2261 4034 loco
2331 3968 2643 4035 Policiani

334 4064 786 4138 Alexandrini,
835 4068 901 4127 et
936 4062 1326 4128 Theodoreti
1358 4062 1748 4129 Antiocheni
1795 4064 2305 4148 patriarcharum
2355 4065 2435 4129 ad
2481 4063 2644 4149 Syn-

328 4158 527 4224 odum
572 4160 805 4245 reliqui
849 4159 1146 4224 monachi
1200 4160 1599 4245 delegarunt.
1692 4158 2042 4225 Praeterea
2088 4183 2265 4238 vero,
2326 4167 2399 4226 ut
2453 4162 2643 4226 fidem

439 4270 701 4322 Jungmann,
734 4270 1089 4312 DissertationeS.
1141 4271 1264 4312 Tom.
1299 4270 1391 4314 111.
2293 4268 2330 4318 4
