3270 5028
1075 454 1158 506 De
1197 452 1546 507 institutione
1582 452 1822 519 Mperii.
2099 514 2134 554 ‘a
2247 461 2296 509 ‘R
2440 420 2447 428 .
2507 458 2610 541 175

285 595 799 679 suppositionem
846 615 982 658 non
1027 596 1185 658 satis
1235 596 1489 679 probari
1539 595 1854 659 existimo.
1950 594 2248 659 Profecto
2292 512 2348 659 εχ]
2395 595 2608 680 Egin-

295 691 479 756 hardi
540 692 735 756 verba
795 682 1013 756 πω
917 682 1261 756 contextus
1310 690 1830 769 considerantur,
1892 692 2144 756 nullum
2202 693 2294 756 ibi
2352 697 2449 756 est
2509 693 2607 756 in·

285 790 566 868 dicium,
635 787 806 872 quod
873 788 1299 871 suppositioni
1367 789 1601 853 faveat.
1716 787 1857 852 Imo
1922 786 2035 853 iu'a
2099 790 2293 853 verba
2356 811 2470 873 per
2539 809 2607 853 se

287 908 439 950 eam
504 887 814 970 ingerunt
873 885 1111 961 ideam,
1173 905 1252 948 ex
1313 884 1624 950 modestia
1686 885 1960 968 quadam
2022 885 2325 969 prudenti
2377 885 2608 967 carobs

295 983 458 1046 illud
514 984 756 1047 factum
815 1003 949 1045 non
1005 981 1206 1045 fuisse
1256 970 1618 1065 acceptum,
1678 1003 1754 1046 eo
1808 984 2082 1046 maxime
2131 985 2301 1066 quod
2350 982 2608 1047 Graecis

296 1080 457 1158 haec
512 1078 864 1162 assumptio
921 1077 1262 1161 dignitatis
1318 1079 1671 1161 imperialis
1716 1080 1929 1143 valde
1941 1080 2150 1143 invisa
2201 1079 2388 1143 foret.
2481 1078 2609 1142 Ad·
2635 1116 2654 1132 ·

288 1178 395 1241 -dit
449 1177 623 1240 enim
679 1175 850 1239 illico
909 1174 1341 1259 Eginhardus:
1400 1172 1736 1239 Invidiam
1799 1177 2016 1239 tamen
2070 1173 2349 1256 suscepti
2403 1173 2608 1238 nomi-

285 1273 422 1352 mis‘,
469 1272 795 1337 Romanis
839 1268 1358 1352 Imperatoribus
1402 1290 1598 1352 super
1641 1270 1755 1334 hoc
1799 1269 2332 1353 indiynantibuS,
2367 1289 2610 1353 mayna

288 1368 453 1434 tulit
509 1367 860 1450 patientia.
986 1366 1273 1448 Vicitque
1339 1387 1562 1431 eorum
1631 1367 2105 1432 contumaciam
2172 1365 2609 1451 maynanimi-

287 1469 429 1530 tate
474 1463 656 1548 etc.¹)
717 1502 805 1510 —
863 1465 1164 1530 Carolum
1216 1466 1288 1529 in
1347 1465 1563 1528 animo
1619 1465 1946 1543 habuisse,
1993 1470 2068 1528 ut
2121 1466 2248 1540 sibi
2297 1467 2433 1548 ips-e
2489 1465 2609 1528 im-

297 1565 602 1647 perialem
688 1583 987 1627 coronam
1063 1562 1455 1645 imponeret,
1533 1563 1906 1645 conjectura
1981 1568 2082 1626 est
2150 1584 2316 1645 quae
2392 1560 2608 1626 solidis

294 1660 657 1724 rationibus
703 1658 886 1741 baud‘
917 1658 1200 1724 fulcitur.
1278 1657 1539 1722 Etenim
1586 1680 1722 1722 non
1769 1660 1978 1723 solum
2023 1662 2406 1722 consuetum
2453 1661 2610 1733 erat,

296 1762 376 1820 ut
428 1777 614 1840 reges
668 1755 751 1819 ab
813 1756 1121 1839 episcopis
1179 1759 1674 1831 coronarentur,
1736 1755 1841 1817 sed
1902 1755 2094 1818 etiam
2150 1754 2610 1819 Constantino·

298 1854 429 1937 poli
476 1853 907 1935 Imperatores
951 1851 1104 1915 inde
1153 1874 1190 1915 a
1235 1852 1489 1915 saeculo
1547 1852 1777 1935 quinto
1836 1873 1872 1933 a
1926 1851 2289 1933 patriarcha
2345 1871 2611 1915 corona-

298 1947 614 2027 bantur.2)
730 1948 942 2012 Etiam
1008 1948 1265 2031 quando
1336 1948 1600 2012 Carolus
1672 1971 1728 2011 a.
1804 1948 1930 2010 774
1995 1947 2238 2011 Romae
2305 1948 2460 2024 fuit,
2530 1942 2609 2008 ab

300 2044 603 2110 Adriano
649 2044 839 2127 Papa
884 2043 958 2108 in
1003 2044 1211 2125 capite
1256 2044 1398 2126 ejus
1442 2043 1737 2125 pretiosa
1782 2042 2089 2124 imposita
2133 2048 2228 2107 cst
2272 2062 2510 2107 corona
2517 2061 2544 2122 ,·
2558 2041 2610 2120 ³)

297 2144 470 2208 hanc
528 2164 827 2207 coronam
885 2142 1082 2205 fuisse
1144 2139 1443 2205 diadema
1496 2139 1903 2222 patriciatus
1913 2187 1930 2218 ‚
1997 2163 2124 2224 quo
2181 2140 2611 2223 Imperatores

288 2241 599 2305 solebant
667 2239 984 2324 insignire
1048 2239 1380 2321 patricios,
1451 2238 1848 2301 Muratorius
1921 2242 2159 2302 censet.
2227 2274 2315 2284 —
2383 2236 2611 2321 Itaque

288 2341 664 2402 ⁴aversatum
722 2336 919 2400 fuisse
981 2334 1310 2412 Carolum,
1371 2339 1446 2398 ut
1499 2335 1827 2399 coronatio
1883 2335 2230 2418 imperialis
2284 2355 2396 2416 per
2440 2332 2611 2398 Pon-

288 2434 538 2499 ·tificem
585 2433 790 2510 fieret,
834 2431 991 2495 mihi
1038 2430 1417 2514 persuadere
1463 2453 1597 2496 non
1645 2452 1921 2513 possum.
1969 2464 2055 2474 --—·

483 2533 598 2595 11..
650 2529 746 2593 Ea
810 2550 999 2612 porro
1059 2550 1224 2612 quae
1287 2530 1486 2593 habet
1548 2528 1837 2594 Joannes
1899 2528 2255 2607 DiaconuS,
2329 2528 2613 2592 Leonem

290 2627 533 2693 Carolo
600 2629 738 2711 jam
812 2627 882 2690 in
962 2625 1307 2690 Germania
1385 2648 1686 2690 coronam
1762 2625 2155 2708 imperialem
2230 2626 2613 2708 promisisse,

290 2730 370 2788 et
422 2724 719 2788 Carolum
779 2724 948 2787 banc
1007 2723 1493 2804 promissionem
1550 2720 1711 2786 tun‘c
1776 2727 2166 2805 acceptasse,
2234 2722 2423 2786 fidem
2479 2743 2614 2786 non

305 2825 654 2885 merentur.
747 2819 1008 2883 Etenim
1064 2819 1350 2884 Joannes
1404 2818 1731 2883 Diaconus
1792 2840 1925 2882 non
1988 2823 2086 2883 est
2146 2827 2373 2883 auctor
2431 2839 2614 2883 coae-

239 2995 245 3002 ι
292 2940 450 2993 vae,
507 2917 617 2980 sed
662 2917 919 2999 scripsit
963 2937 1189 2979 versus
1248 2917 1443 2979 finem
1490 2915 1728 2980 saeculi
1780 2915 1937 2979 noni
1985 2915 2351 2980 Chronicon
2406 2938 2612 2990 suum,

291 3013 473 3098 -quod
545 3034 744 3097 usque
818 3013 894 3077 ad
965 3034 1022 3077 a.
1100 3012 1225 3075 872
1303 3012 1639 3095 produxit3
1715 3032 1787 3074 ac
1860 3034 2083 3094 parum
2148 3016 2470 3075 versatum
2547 3032 2614 3074 se

289 3111 585 3174 ostendit
630 3111 695 3173 in
739 3110 815 3174 iis
864 3131 1030 3194 quae
1063 3107 1273 3172 Caroli
1312 3108 1399 3173 M.
1450 3114 1633 3193 gesta
1678 3113 1992 3191 spectant.
2041 3145 2130 3153 —
2177 3108 2463 3172 Leonem
2495 3106 2614 3171 III.

289 3212 518 3271 autem
569 3206 813 3270 Romae
861 3228 1001 3269 cum
1052 3204 1381 3269 Romanae
1433 3205 1731 3270 ecclesiae
1790 3206 2156 3288 proceribus
2204 3215 2270 3268 et
2314 3226 2458 3269 cum
2504 3226 2615 3269 va-

290 3304 415 3367 riis
481 3303 791 3386 episcopis
860 3302 937 3365 de
1004 3301 1217 3365 Caroli
1283 3302 1701 3366 coronatione
1772 3302 1976 3385 egisse
2047 3323 2392 3386 eorumque
2460 3324 2611 3367 con-

288 3400 447 3464 :silia
508 3421 794 3464 consona
851 3398 1182 3476 habuisse,
1246 3399 1344 3461 uti
1399 3399 1468 3461 in
1524 3397 1892 3462 Annalibus
1953 3396 2615 3464 Laureshamensibus

300 3497 612 3574 refertur,
683 3497 945 3560 omnino
1011 3495 1341 3577 probabile
1404 3499 1523 3560 est.
1633 3490 1761 3557 Sed
1829 3495 1892 3559 id
1960 3495 2331 3560 nullatenus
2398 3496 2615 3560 exclu-

288 3592 418 3669 -dit,
473 3593 612 3677 ipso
666 3591 766 3655 die
828 3590 1080 3655 Natalis
1132 3590 1398 3656 Domini
1453 3613 1588 3655 rem
1647 3614 1722 3656 ex
1773 3592 2121 3680 inopinato
2178 3591 2405 3660 Carolo
2457 3592 2615 3656 acci-

289 3689 486 3753 disse.
546 3724 636 3735 —
690 3688 869 3764 Quod
922 3689 1002 3753 ad
1054 3689 1391 3772 epistolam
1451 3688 1627 3752 illam
1675 3688 1934 3753 Alcuini
1992 3689 2258 3770 attinet,
2311 3711 2439 3772 qua
2486 3688 2613 3753 Ev-

392 3870 525 4002 5741)
562 3870 622 3925 L.
664 3888 708 3924 c.
747 3901 815 3908 ——
852 3871 962 3926 Cfr.
1000 3873 1102 3925 hac
1139 3872 1197 3924 in
1233 3887 1292 3926 re
1327 3872 1391 3925 B.
1431 3870 1700 3937 NiehueS,
1751 3870 2104 3924 Kaiserthum
2139 3872 2246 3925 und
2285 3871 2612 3938 Papstthum

288 3965 354 4015 Ρ·
535 3963 651 4017 sqq·

480 4026 525 4096 ²)
560 4028 626 4082 V.
667 4029 1096 4099 Hergenrothen
1134 4031 1338 4084 Kirche
1375 4031 1486 4083 und
1523 4030 1684 4084 Staat
1719 4031 1762 4083 I.
1802 4046 1853 4082 n.
1895 4031 1926 4081 7
1965 4044 2111 4096 seqq.

290 4185 369 4239 Ρ
407 4105 527 4239 ΠΒ)
557 4107 874 4241 Cpggnicon
910 4110 1231 4164 salernitan.
1271 4127 1316 4163 c.
1343 4112 1427 4163 26.
1466 4110 1570 4177 Ap.
1597 4108 1866 4163 Muratori
1891 4107 2091 4163 Rerum
2128 4109 2255 4163 Ital.
2295 4108 2406 4162 Scr.
2445 4110 2507 4162 Τ.
2536 4110 2611 4163 ΙΙ.

518 4203 552 4253 P

2649 2601 2829 2654 objecta
2864 2603 2926 2644 di-

2698 2664 2893 2722 luuntur.
