3270 5028
869 461 1207 528 ,Concilium
1245 459 1649 515 oecumenicum
1687 463 1956 513 octavum.
2483 463 2587 515 387

280 601 608 667 Methodio
651 606 712 667 et
755 601 1032 686 anatie
1067 601 1185 668 sub
1228 600 1676 683 satisfactione
1729 599 1944 680 libelli,
1993 620 2179 681 quem
2224 600 2299 664 de
2344 600 2588 666 scrinio

279 699 709 781 susceperant,
747 698 1062 782 proprias
1107 697 1400 763 ecclesias
1417 722 1429 740 1
1445 697 1801 764 redderent.
1877 694 2232 764 Photianis
2274 717 2422 761 vero
2467 697 2585 763 sub

279 795 496 860 eadem
542 815 619 860 ac
662 794 1054 860 districtiori
1084 791 1532 877 satisfactione
1562 793 2112 861 communicarent
2157 793 2432 874 quidem,
2478 794 2588 859 sed

278 892 681 957 sacerdotum
711 891 1071 975 judicium,
1120 911 1322 973 usque
1367 891 1453 955 ad
1499 890 1686 955 Sedis
1732 890 2137 974 Apostolicae
2180 890 2585 970 sententiam,

280 993 579 1054 manente
620 987 1018 1055 sanctissimi
1044 988 1267 1071 Papae
1298 986 1560 1053 Nicolai
1590 986 1867 1070 judicio,
1909 986 2386 1071 protelarent.1)
2452 988 2585 1054 Ne-

279 1088 625 1151 cessarium
688 1085 861 1150 haud
920 1085 1124 1148 visum
1185 1090 1285 1149 est
1330 1084 1408 1148 de
1465 1084 1593 1148 illis
1641 1085 2150 1149 accusationibus
2205 1085 2275 1149 in
2329 1083 2587 1169 Synodo

278 1204 501 1267 agere,
557 1204 717 1265 quas
771 1171 1064 1245 Photius'
1103 1184 1325 1246 contra
1386 1179 1831 1246 Occidentales
1885 1181 2261 1264 protulerat.
2352 1181 2587 1247 Photio

276 1280 397 1344 soli
457 1279 631 1343 enim
692 1278 849 1343 haec
898 1278 1281 1343 videbantur
1338 1277 1756 1342 adscribenda
1817 1298 2019 1363 eoque
2076 1277 2380 1343 damnato
2438 1301 2584 1344 con·

278 1375 502 1453 cidere,
547 1397 668 1440 nec
710 1374 984 1438 ulterius
1031 1373 1427 1439 attendenda
1473 1375 1572 1438 vel
1621 1373 2023 1438 discutienda
2069 1379 2134 1439 et
2179 1374 2586 1459 divulganda.

278 1472 513 1536 Totum
568 1473 637 1536 in
695 1493 770 1535 eo
828 1472 1106 1554 positum
1161 1469 1539 1554 apparebat,
1599 1476 1677 1534 ut
1720 1470 1998 1535 Photius
2057 1472 2316 1554 penitus
2374 1472 2590 1555 rejice·

277 1575 472 1647 retur,
522 1591 645 1653 pax
695 1568 822 1633 cito
869 1567 1350 1643 restitueretur,
1399 1570 1466 1631 et
1511 1564 1875 1632 Orientales
1920 1566 2000 1631 ad
2045 1568 2471 1632 reverentiam
2516 1570 2586 1633 in

278 1665 505 1732 Sedem
552 1664 912 1730 Romanam
958 1665 1223 1748 ejusque
1277 1662 1354 1727 de
1398 1662 1524 1727 fide
1584 1666 1649 1727 et
1706 1663 2040 1747 disciplina
2097 1664 2352 1728 decreta
2397 1665 2584 1729 redu-

277 1767 591 1827 cerentur.
681 1761 832 1824 Alia
877 1759 1173 1844 quaestio
1212 1764 1336 1837 est,
1396 1781 1617 1823 annon
1664 1760 1847 1824 valde
1894 1760 2306 1826 conduxisset
2349 1762 2429 1826 ad
2473 1785 2586 1845 po-

146 1888 150 1891 >
276 1859 548 1945 steriorg
599 1858 944 1922 schismata
997 1856 1291 1934 vitanda,
1353 1856 1466 1919 illa
1520 1878 1776 1941 quoque
1834 1858 2311 1922 accusationum
2375 1859 2585 1942 capita

276 1954 611 2030 damnare3
671 1952 779 2017 sed
835 1976 909 2018 eo
963 1957 1252 2037 tempore
1310 1974 1477 2035 quae
1540 1956 1764 2036 postea
1820 1957 2173 2018 evenerunt
2232 1955 2585 2038 praevideri

277 2073 409 2114 non
445 2053 768 2135 poterant,
816 2054 1009 2133 atque
1054 2050 1135 2114 ob
1180 2050 1406 2134 gravia
1445 2051 1684 2114 motiva
1724 2049 1900 2114 illam
1937 2049 2307 2133 selegerunt
2353 2052 2586 2135 agendi

278 2149 464 2212 viam.
557 2147 747 2211 Unde
798 2146 970 2210 haud
1025 2145 1531 2229 reprehendendi
1590 2151 1906 2230 apparent
1960 2147 2266 2212 Pontifex
2322 2150 2588 2233 ejusque

278 2244 498 2329 legati,
544 2243 655 2309 sed
698 2243 1118 2327 dispositione
1148 2242 1423 2326 quadam
1456 2242 1674 2307 divina
1713 2265 1846 2308 rem
1880 2244 1972 2308 ita
2001 2249 2325 2327 peractam
2370 2245 2587 2323 fuisse,

278 2342 488 2425 potius
535 2340 920 2407 censendum
969 2343 1087 2405 est.

456 2439 561 2502 81.
631 2437 1078 2502 Pervenerunt
1145 2436 1345 2521 legati
1411 2439 1558 2519 post
1624 2435 1801 2498 varia
1869 2434 2120 2500 itineris
2187 2432 2715 2501 incommoda·cum
2759 2450 2919 2523 hepo-re

280 2534 939 2619 Constantinopolim,
997 2536 1061 2597 et
1118 2526 1240 2597 die'
1274 2533 1382 2598 25.
1430 2531 1825 2617 Septembris
1870 2555 1927 2599 a.
1977 2534 2102 2598 869
2160 2556 2395 2618 magno
2441 2556 2583 2599 cum
2675 2516 2853 2567 ‘⁰⁰⁶¹’n’

275 2631 506 2717 gaudio
551 2651 915 2717 magnaque
960 2653 1106 2696 cum
1149 2630 1560 2696 solemnitate
1606 2652 1647 2692 a
1690 2628 1933 2694 Basilio
1966 2629 2359 2714 Imperatore
2396 2635 2483 2711 et,
2506 2633 2587 2695 ab

275 2726 536 2813 Ignatio
578 2727 943 2811 patriarcha
986 2727 1229 2810 recepti
1271 2731 1447 2792 sunt.
1538 2725 1662 2789 Die
1709 2726 2171 2812 subsequente,
2217 2748 2417 2811 quum
2461 2728 2586 2792 ite-

143 2896 146 2899 ,
274 2848 419 2890 rum
464 2823 544 2889 ad
574 2824 1036 2907 Imperatorem
1068 2823 1502 2900 accessissent,
1553 2822 1659 2886 hic
1702 2844 1884 2886 suam
1924 2823 2365 2888 manifestavit
2409 2846 2587 2909 spem

275 2923 443 3003 fore,
498 2925 572 2986 ut
625 2942 844 2986 eorum
900 2943 1017 3004 ope
1071 2921 1374 2986 scandala
1423 2919 1639 2984 Photii
1699 2919 2077 2984 auferantur
2120 2924 2184 2983 et
2228 2942 2353 3003 pax
2399 2922 2586 2986 resti·

276 3022 519 3084 tuatur.
610 3016 795 3082 Tunc
853 3017 1052 3099 legati
1109 3016 1185 3080 de
1236 3015 1555 3100 exigenda
1606 3015 2074 3099 subscriptione
2133 3014 2333 3080 libelli
2394 3018 2589 3081 verba

278 3114 605 3191 fecerunt,
671 3135 799 3197 qua
854 3113 932 3178 de
991 3134 1061 3177 re
1106 3117 1330 3177 auctor
1376 3111 1567 3177 Vitae
1614 3111 1960 3176 Hadriani:
2026 3109 2266 3194 Leqati
2327 3116 2587 3178 sanctae

280 3207 465 3275 Sedis
522 3207 930 3292 Apostolicae
979 3207 1485 3291 responderunt:
1548 3207 1643 3272 Et
1697 3227 1815 3273 nos
1871 3207 2012 3272 ideo
2065 3206 2389 3288 venimus,
2445 3208 2586 3274 ideo

277 3305 464 3371 missi
524 3326 783 3386 sumus,
847 3304 952 3391 (ut
1013 3307 1228 3370 unitas
1293 3310 1359 3370 et
1409 3304 1853 3388 tranquillitas
1913 3303 2415 3391 restaurentur):
2479 3306 2590 3370 sed

279 3401 600 3469 neminem
635 3401 1070 3469 Orientalium
1099 3405 1462 3466 vestrorum
1492 3420 1786 3482 unquam
1827 3400 1900 3465 in
1929 3404 2223 3466 nostram
2269 3402 2586 3484 synodum

279 3499 601 3582 suscipere
632 3519 1001 3583 possumus,
1047 3497 1183 3564 nisi
1216 3497 1424 3563 oblato
1472 3495 1701 3576 libello,
1746 3497 1933 3581 cujus
1974 3497 2261 3579 formam
2307 3499 2384 3563 de
2427 3498 2585 3564 scri-

279 3595 390 3661 nio
434 3601 697 3662 sanctae
739 3595 926 3661 Sedis
972 3594 1379 3679 Apostolicae
1422 3593 1850 3676 sumpsimus,
1908 3593 2093 3660 nobis
2145 3594 2357 3676 fuerit
2400 3594 2587 3660 satis-

275 3693 543 3776 factum.
603 3732 682 3739 —
738 3693 1110 3776 Imperator
1161 3696 1223 3757 et
1267 3689 1665 3773 patriarcha
1726 3690 2073 3757 dixerunt:
2132 3690 2305 3771 Quia
2348 3711 2587 3758 novum

280 3789 395 3855 hoc
447 3793 507 3855 et
559 3789 941 3857 inauditum
994 3789 1070 3854 de
1124 3788 1331 3855 libello
1378 3787 1774 3870 proferendo
1821 3789 2144 3868 asseritis,
2205 3808 2451 3854 necesse
2496 3792 2589 3853 est

280 3889 357 3952 ut
402 3886 644 3953 tenoris
684 3887 869 3953 illius
910 3888 1195 3970 formam
1240 3883 1593 3950 videamus.
1685 3883 1819 3949 Nec
1862 3905 2076 3966 mora,
2131 3884 2329 3951 libelli
2368 3885 2588 3968 forma

171 4022 175 4026 ·
245 4057 250 4063 ,
278 3983 539 4066 prolata
583 3989 694 4066 est,
741 3988 801 4050 et
832 3983 908 4048 de
953 3982 1159 4049 latino
1201 3981 1276 4048 in
1309 4001 1619 4065 yraecum
1653 4001 1958 4047 conversa
1995 3981 2286 4048 omnium
2315 3980 2589 4048 notitiae

583 4126 695 4133 effi.-

463 4191 502 4260 ¹)
541 4190 674 4244 Vita
709 4191 978 4246 Hadriani
1013 4191 1087 4248 Π.
1126 4209 1172 4246 c.
1209 4191 1461 4247 XXXIV.

2170 4278 2272 4333 25*
