3270 5028
1131 416 1522 501 Controuersia
1556 417 1613 471 in
1653 418 1849 473 Gallia.
2216 438 2224 445 ·
2571 422 2639 473 67

330 553 431 620 ita
494 560 555 620 et
608 576 651 621 a
703 555 889 622 nobis
942 557 1339 640 reciperetur
1394 562 1454 622 et
1514 558 1922 624 condecenter
1975 558 2425 625 honoraretur.
2485 609 2499 624 .
2557 610 2571 626 .
2624 609 2639 624 .

332 651 567 717 Edidit
620 652 808 718 nobis
856 651 1327 737 Capitulare
1380 655 1692 721 adversus
1734 654 2097 738 Synodum,
2157 675 2322 738 quae
2365 677 2494 739 pro
2535 677 2637 723 sa-

331 768 598 814 crarum
658 747 1026 832 imayinum
1084 751 1399 817 evectione
1456 752 1530 818 in
1575 751 1825 818 Nicaea
1877 757 2023 819 acta
2077 758 2186 818 est.
2292 753 2470 818 Unde
2517 775 2641 836 pro

329 849 546 909 vestra
589 845 902 927 melliflua
944 847 1152 931 reqali
1196 848 1532 914 dilectione
1566 869 1692 931 per
1737 849 2237 932 unumquodque
2281 850 2641 934 capitulum

327 961 709 1023 responsum
754 943 1183 1025 reddidimus,
1230 966 1362 1010 non
1409 943 1767 1027 quemlibet,
1818 944 2005 1026 absit,
2052 946 2374 1012 hominem
2419 947 2641 1029 defen-

328 1037 565 1116 dentes,
613 1040 724 1104 sed
768 1041 1085 1108 olitanam
1131 1041 1545 1107 traditionem
1588 1047 1850 1107 sanctae
1896 1042 2243 1108 catholicae
2287 1048 2347 1107 et
2393 1048 2639 1126 aposto·

329 1135 491 1201 licae
556 1134 899 1204 Romanae
973 1138 1267 1204 ecclesiae
1337 1143 1649 1219 tenentes,
1716 1138 2009 1222 priscam
2070 1140 2638 1222 praedecessorum

326 1236 705 1303 nostrorum
746 1240 1120 1301 sanctorum
1165 1235 1558 1317 Pontificum
1603 1235 1939 1318 sequimur
1983 1234 2371 1317 doctrinam,
2427 1242 2639 1303 rectae

324 1332 478 1416 fidei
522 1332 940 1399 traditionem
987 1331 1196 1396 modis
1241 1330 1539 1398 omnibus
1581 1331 2001 1398 vindicantes.
2012 1331 2059 1414 1)

508 1469 608 1532 78.
664 1467 861 1531 Anno
920 1465 1048 1531 794
1076 1468 1392 1547 ,tempore
1448 1463 1785 1529 Paschatis
1837 1465 1922 1545 (d.
1982 1465 2083 1528 23.
2141 1466 2390 1547 Martii)
2447 1467 2638 1533 Caro·
2718 1481 2921 1536 synodus

324 1568 425 1631 lus
488 1586 786 1649 magnam
848 1561 1077 1626 habuit
1131 1558 1459 1644 Synodum
1508 1559 1949 1639 Francofurti‚
2016 1563 2117 1626 cui
2178 1564 2483 1647 permulti
2528 1564 2637 1627 ad·
2686 1543 2934 1648 Frssffssffr‘

250 1706 256 1711 -
324 1663 595 1726 fuerunt
656 1659 933 1744 episcopi
987 1658 1173 1742 regni
1230 1658 1424 1741 ipsius
1443 1654 1493 1739 ²)
1555 1680 1701 1722 cum
1757 1659 1986 1743 legatis
2040 1660 2371 1724 Pontificis
2427 1660 2639 1726 Theo-

325 1758 625 1843 phylacto
671 1761 737 1822 et
781 1755 1109 1839 Stephano
1167 1755 1476 1839 episcopis
1523 1754 1992 1820 Cardinalibus.
2085 1755 2227 1820 Hac
2280 1757 2350 1820 in
2395 1757 2638 1840 synodo

323 1854 402 1920 de
458 1854 713 1920 haeresi
757 1852 1273 1936 Adoptianorum
1329 1855 1543 1916 actum
1592 1856 1693 1916 est
1747 1852 2093 1936 eademque
2139 1853 2470 1930 damnata3
2528 1853 2639 1918 sed

326 1953 521 2018 etiam
599 1949 925 2034 Synodum
999 1949 1349 2013 Nicaenam
1426 1948 1695 2033 ejusque
1770 1948 2022 2013 decreta
2097 1949 2173 2013 de
2248 1950 2639 2036 imaginibus

327 2048 603 2134 episcopi
660 2048 1058 2131 rejecerunt,
1120 2047 1383 2128 propter
1438 2046 1724 2109 rationes
1783 2067 1942 2128 quas
1998 2047 2423 2129 exposuimus.
2524 2046 2636 2111 Ca-

325 2169 462 2211 non
510 2145 592 2210 11.
639 2144 935 2208 videlicet
995 2142 1191 2226 hujus
1255 2142 1506 2206 concilii
1565 2142 1659 2205 ita
1718 2163 1785 2206 se
1839 2141 2067 2206 habet:
2135 2141 2361 2206 Allata
2412 2145 2507 2207 est
2563 2142 2638 2209 in

326 2240 609 2307 medium
672 2238 962 2321 quaestio
1016 2237 1093 2302 de
1146 2257 1315 2302 nova
1367 2236 1765 2301 Graecorum
1821 2238 2093 2319 synodo,
2160 2258 2355 2319 quam
2403 2239 2480 2303 de
2524 2240 2636 2304 ad-

327 2337 595 2404 orandis
654 2333 1056 2419 imaqinibus
1120 2331 1682 2415 Constantinopoli
1751 2332 2082 2414 fecerunt,·
2150 2334 2224 2400 in
2288 2355 2418 2417 qua
2479 2335 2636 2400 scri-

317 2440 512 2519 ptum
559 2432 936 2512 habebatur,
983 2436 1060 2496 ut
1092 2429 1207 2513 qui
1254 2428 1658 2513 imaqinibus
1689 2428 2080 2495 Sanctorum
2109 2430 2209 2496 ita
2256 2436 2332 2497 ut
2380 2431 2639 2512 deificae

338 2530 659 2598 Trinitati
705 2529 1044 2595 servitium
1101 2532 1220 2594 aut
1277 2527 1720 2592 adorationem
1775 2548 1908 2593 non
1956 2527 2424 2611 impenderent,
2482 2552 2637 2597 ana-

327 2628 541 2693 thema
597 2626 1087 2711 judicarentur.
1211 2624 1340 2704 Qui
1410 2644 1615 2707 supra
1674 2624 2072 2690 sanctissimi
2130 2630 2360 2709 patres
2427 2628 2639 2694 nostri

328 2723 713 2791 omnimodis
744 2721 1189 2788 adorationem
1223 2725 1284 2786 et
1314 2719 1688 2786 servitutem
1726 2725 2067 2786 renuentes
2098 2727 2637 2807 contempserunt,

325 2826 518 2904 atque
575 2819 1038 2886 consentientes
1083 2818 1686 2884 condemnaverunt.
1742 2853 1830 2863 —
1885 2818 2184 2903 Episcopi
2234 2820 2637 2887 Francofurti

324 2919 575 2985 collecti
623 2919 1100 2994 existimabant,
1148 2915 1479 3000 Synodum
1526 2916 1704 2980 illam
1754 2915 1924 2979 haud
1971 2918 2479 2996 oecumenicam,
2525 2919 2633 2981 sed

324 3017 722 3080 nationalem
772 3013 1154 3079 Graecorum
1194 3014 1439 3090 fuisse,
1508 3017 1575 3075 et
1635 3013 2073 3077 adorationem
2140 3034 2499 3095 supremam
2570 3020 2640 3079 et

325 3095 681 3176 absolutam
754 3111 1145 3193 imaginibus
1212 3110 1407 3173 sacris
1476 3108 1845 3174 decrevisse.
1967 3105 2167 3191 quue
2240 3131 2314 3173 eo
2383 3109 2637 3174 facilius
2698 3081 2706 3150 ἶ

323 3210 445 3274 sibi
492 3215 986 3291 persuaserunt,
1048 3205 1217 3289 quod
1260 3204 1728 3281 OrientalibuS‚
1791 3205 1886 3267 uti
1935 3204 2291 3288 innnimm,
2349 3229 2422 3271 eo
2472 3212 2633 3272 tem·

323 3327 474 3389 pore
535 3303 768 3368 Franci
832 3303 1076 3368 infensi
1137 3306 1371 3366 essent.
1473 3301 1804 3365 Videntur
1862 3301 2061 3384 legati
2119 3301 2450 3367 Pontificis
2511 3304 2639 3368 isto

323 3401 400 3465 de
451 3401 713 3484 negotio
759 3400 923 3464 nihil
971 3400 1039 3462 in
1087 3398 1406 3462 mandatis
1446 3398 1773 3474 habuisse,
1831 3419 1951 3461 nec
1995 3398 2284 3481 potuisse
2330 3400 2638 3483 dissipare

322 3498 767 3562 confusionem
822 3499 887 3560 et
945 3517 1278 3559 erroneam
1338 3495 1705 3578 opinionem
1753 3492 2152 3559 Francorum
2209 3495 2287 3574 de
2342 3495 2638 3560 doctrina

504 3756 547 3821 1)
582 3721 650 3810 V.
687 3756 887 3822 Lame,
926 3755 1053 3808 vn.
1091 3771 1141 3823 p.
1182 3757 1301 3808 915.

501 3835 545 3904 2)
595 3835 866 3889 Batonius
916 3835 984 3888 ad
1040 3850 1088 3887 a.
1143 3835 1246 3886 794
1291 3851 1343 3887 n.
1383 3835 1430 3886 1.
1481 3832 1698 3886 scribit:
1759 3835 1873 3902 „Ex
1921 3833 2094 3888 Italia
2140 3850 2396 3901 namque,
2453 3834 2638 3889 Gallia

325 3920 489 3983 atque
528 3913 825 3969 Germania
851 3913 1192 3980 frequenteS,
1243 3912 1460 3967 circiter
1497 3911 1736 3966 trecenti
1771 3929 1996 3967 numero
2036 3912 2273 3980 episcopi
2311 3928 2638 3979 convenere,

326 3994 468 4059 quod
504 3992 692 4061 magni
727 3992 988 4047 momenti
1027 4007 1193 4045 causa
1226 3990 1495 4058 (haeresis
1524 3990 1983 4059 Adoptianorum)
2021 3992 2077 4045 id
2114 3991 2464 4058 postularet.“
2530 3990 2634 4045 Sed

324 4071 470 4125 haud
505 4075 722 4124 tantum
759 4069 928 4124 fuisse
967 4070 1339 4138 episcoporum
1375 4085 1654 4125 numerum
1691 4069 1939 4138 plerique
1976 4070 2312 4125 existimant.
2376 4070 2482 4125 Cfr.
2524 4070 2636 4125 He-

322 4149 432 4205 fele
471 4149 528 4204 C.
567 4150 629 4205 G.
669 4150 734 4203 B.
771 4149 874 4203 ΙΠ.
913 4147 961 4218 ξ.
998 4152 1119 4206 399.

2250 4235 2314 4290 5*
