3270 5028
866 422 1117 475 Eventus
1155 425 1282 490 post
1319 420 1620 474 Concilium
1659 437 1771 475 oec.
1798 422 1952 477 VIII.
2457 425 2562 475 437

241 564 647 647 Quapropter
692 584 866 627 nunc
912 564 1306 628 sententiam
1347 563 1857 647 prorogavimus;
1919 569 1984 627 et
2029 586 2185 647 opus
2232 568 2348 640 est,
2404 566 2563 628 utri·

243 683 449 746 usque
493 661 697 744 partis
742 659 1251 744 religiosissimos
1294 660 1620 742 episcopos
1669 661 1862 738 mitti,
1914 665 1986 724 ut
2032 682 2342 744 perpensa
2388 660 2564 724 omni

243 758 685 835 dubitatione,
760 760 827 820 et
889 757 1162 821 veritate
1230 756 1553 840 utrimque
1620 758 2065 834 manifestata,
2142 757 2350 821 dicere
2418 778 2564 841 pos-

243 856 444 919 simus
519 855 688 938 quod
757 853 933 943 Deus
1004 854 1299 918 voluerit.
1406 852 1701 918 Romana
1779 856 1951 918 enim
2020 855 2284 918 ecclesia
2351 855 2564 919 ’instar

243 951 488 1035 speculi
535 957 602 1015 et
648 950 1028 1033 exemplaris
1074 949 1338 1034 reliquis
1386 951 1667 1015 ecclesiis
1712 951 2149 1016 constituitur.
2227 951 2318 1014 Et
2363 951 2562 1033 quod-

243 1070 519 1132 cumque
582 1047 934 1122 definierit,
1002 1048 1071 1109 in
1136 1048 1602 1129 sempiternum
1667 1052 1892 1111 manet
1954 1048 2422 1130 incorruptum,
2498 1053 2565 1111 et

244 1146 367 1209 hac
431 1145 508 1208 de
573 1166 766 1209 causa
825 1144 1184 1207 sententias
1241 1165 1478 1226 magna
1537 1166 1681 1207 cum
1747 1144 2165 1228 inquisitione
2233 1145 2400 1208 ferre
2464 1145 2565 1208 de·

247 1246 411 1309 cet.“
433 1239 482 1326 1)
587 1241 806 1317 Quoad
869 1240 1034 1305 hanc
1095 1242 1412 1304 rationem
1477 1241 1707 1324 agendi
1771 1239 2085 1324 Stephani
2131 1240 2211 1305 V.
2280 1242 2565 1324 apprime

246 1339 527 1403 advertit
571 1338 926 1402 Baronius:
974 1336 1117 1419 „Ita
1163 1337 1417 1420 quidem
1468 1359 1706 1422 magna
1752 1338 2258 1403 consideratione
2303 1360 2569 1420 suspen·

247 1436 345 1500 dit
390 1436 725 1521 judicium.
829 1434 1088 1498 Etenim
1152 1434 1206 1497 si
1265 1433 1686 1516 acquievisset
1738 1434 1918 1518 Papa
1972 1435 2052 1498 iis
2109 1456 2275 1529 quae
2329 1434 2565 1516 scripta

250 1540 436 1598 erant
504 1532 585 1595 ab
642 1530 1037 1614 Imperatore
1107 1530 1184 1593 de
1241 1528 1481 1594 Photio
1549 1537 1779 1614 sponte
1848 1554 1915 1595 se
1987 1531 2354 1608 abdicante,
2424 1532 2563 1615 ejus

250 1630 594 1694 sessionem
662 1627 1067 1710 illegitimam
1145 1627 1609 1710 quodammodo
1679 1630 1982 1713 probasse
2045 1628 2245 1692 videri
2319 1628 2565 1711 potuis-

249 1731 368 1791 set.
483 1723 823 1789 Caeterum
894 1724 1111 1787 nullus
1180 1746 1315 1787 esse
1379 1729 1635 1807 poterat
1699 1727 1873 1790 locus
1936 1725 2441 1803 renuntiationi,
2508 1725 2566 1788 ei

251 1823 364 1906 qui
406 1843 739 1905 nunquam
801 1820 1085 1904 legitime
1149 1819 1444 1885 sedisset:
1509 1844 1697 1886 nemo
1755 1827 1966 1905 potest
2011 1823 2333 1885 dimittere
2395 1820 2568 1905 quod

251 1941 387 1983 non
432 1917 694 1995 habuit,
756 1917 867 1981 sed
913 1917 1261 2001 ejiciendus
1320 1922 1394 1980 ut
1451 1919 1648 1996 latro,
1708 1919 1819 2002 qui
1876 1941 2010 1982 non
2067 1941 2180 1982 sua
2241 1918 2348 1982 diu
2396 1919 2569 1982 mala

252 2015 375 2079 fide
420 2014 719 2097 possedit.
825 2012 926 2078 Ne
972 2014 1174 2098 igitur
1219 2014 1519 2097 probasse
1565 2036 1640 2079 eo
1697 2016 1882 2079 modo
1931 2011 2301 2099 Stephanus
2346 2014 2568 2078 Photii

253 2111 727 2177 restitutionem
790 2111 991 2175 videri
1054 2112 1286 2193 possit,
1359 2132 1491 2174 non
1564 2112 2118 2176 renuntiationem
2184 2112 2386 2188 illius,
2459 2110 2568 2175 sed

253 2208 633 2293 ejectionem
709 2210 922 2291 potius
998 2212 1130 2271 tam
1208 2207 1288 2271 ab
1365 2206 1764 2291 Imperatore
1834 2207 2029 2293 'quam
2105 2209 2185 2271 ab
2257 2208 2565 2290 episcopis

254 2309 583 2388 exspectat
638 2303 986 2383 audire.“²)
1046 2341 1129 2349 --
1191 2303 1363 2369 Hinc
1421 2305 1624 2388 igitur
1680 2306 1922 2370 factum
1981 2311 2107 2382 est,
2171 2309 2245 2368 ut
2302 2305 2565 2368 restitu-

253 2402 347 2465 tio
393 2401 709 2484 completa
752 2402 1008 2466 unionis
1053 2401 1259 2464 adhuc
1306 2401 1818 2484 protraheretur,
1881 2424 1953 2467 eo
2001 2403 2100 2465 vel
2147 2402 2350 2485 magis
2398 2400 2568 2484 quod

254 2497 746 2563 communicatio
830 2498 1003 2564 inter
1074 2497 1341 2564 Romam
1426 2503 1492 2564 et
1560 2497 2188 2582 Constantinopolim
2262 2520 2337 2562 eo
2412 2504 2568 2561 tem·

253 2617 405 2677 pore
469 2597 629 2660 satis
692 2595 971 2659 difficilis
1044 2603 1225 2661 esset.
1333 2598 1491 2660 Post
1555 2596 1904 2660 triennium
1969 2601 2183 2660 autem
2249 2599 2568 2660 venerunt

253 2691 667 2775 Imperatoris
715 2693 943 2776 legati,
1002 2694 1112 2775 qui
1172 2700 1239 2757 et
1285 2715 1485 2757 novas
1536 2691 1815 2772 Styliani
1863 2692 2259 2774 aliorumque
2305 2712 2566 2774 praesu·

254 2793 387 2853 lum
428 2790 789 2852 attulerunt
833 2790 1112 2870 litterae,
1172 2790 1406 2873 quibus
1452 2811 1664 2853 rerum
1711 2793 1951 2852 statum
2003 2787 2445 2871 exponebant,
2503 2791 2568 2850 et

255 2886 506 2950 enixius
574 2884 1116 2966 dispensationes
1160 2887 1549 2949 necessarias
1626 2889 1693 2947 et
1761 2885 2018 2948 unionis
2087 2885 2564 2949 restitutionem

256 2982 589 3064 petebant.

437 3128 580 3190 133.
637 3122 970 3208 Stephano
1004 3125 1082 3189 V.
1152 3149 1367 3191 mense
1424 3127 1788 3210 Septembri
1844 3149 2017 3191 anno
2081 3128 2201 3191 891
2260 3126 2567 3191 defuncto

255 3224 556 3289 successit
621 3221 977 3287 Formosus
1039 3224 1381 3299 Pontifex,
1453 3231 1651 3307 atque
1718 3224 1836 3287 sub
1906 3246 1979 3287 eo
2047 3225 2321 3287 schisma
2386 3224 2565 3306 peni·

257 3326 359 3384 tus
417 3321 804 3384 exstinctum
862 3325 982 3384 est.
1081 3320 1438 3403 Respondit
1490 3322 1623 3403 ipse
1683 3343 1857 3385 anno
1905 3321 2030 3385 892
2082 3319 2377 3403 Styliano
2433 3321 2566 3403 epi·-

435 3597 476 3663 ι>
513 3596 699 3650 nabbe
736 3595 833 3648 1x.
872 3598 994 3648 373.

2617 945 2852 996 Negotium

2597 1007 2881 1059 protrahitur.

434 3675 479 3744 ²)
519 3676 604 3728 Ad
645 3691 692 3727 a.
731 3677 835 3727 886
872 3692 923 3728 n.
963 3678 1047 3728 28.
1095 3705 1162 3711 ——
1210 3666 1497 3741 Apparens
1547 3675 1814 3728 dissensio
1862 3675 2014 3729 inter
2059 3675 2282 3729 litteras
2328 3675 2567 3742 Impera·
2667 3679 2679 3690 “

257 3756 391 3810 toris
443 3764 498 3810 et
550 3753 785 3823 Styliani
833 3753 959 3808 inde
1007 3753 1286 3821 provenit,
1339 3755 1479 3822 quod
1526 3754 1639 3807 Leo
1685 3754 1999 3820 Imperator
2049 3759 2310 3821 coegerat
2354 3755 2565 3820 quidem

258 3836 512 3889 Photium
552 3836 732 3889 sedem
779 3833 1200 3899 patriarchalem
1247 3834 1579 3901 relinquere,
1624 3832 1963 3887 toleraverat
2002 3839 2210 3896 tamen,
2262 3840 2323 3886 ut
2374 3849 2568 3886 renun-

257 3913 542 3966 tiationem
580 3911 801 3980 scriptis
840 3913 1137 3979 exhiberet,
1177 3914 1423 3982 quodque
1463 3913 1553 3978 qui
1588 3912 1808 3966 litteras
1841 3911 2193 3978 Imperatoris
2232 3913 2570 3980 scripserant

260 3996 422 4045 antea
466 3992 663 4044 Photio
707 3992 1070 4045 adhaeserant
1118 4008 1342 4058 eumque
1387 3991 1693 4065 habuerant
1738 3994 1801 4042 ut
1835 3991 2142 4057 legitimum
2186 3990 2567 4058 patriarcham.

260 4071 534 4138 Stylianus
595 4075 776 4124 autem
828 4070 1028 4137 aliique
1081 4072 1360 4138 praesules
1423 4087 1543 4124 eum
1595 4078 1660 4124 ut
1704 4069 2060 4137 illegitimum
2109 4076 2487 4137 usurpatorem
2540 4087 2569 4124 e

261 4150 384 4202 sede
423 4150 657 4215 ejectum
696 4149 1123 4204 considerabant.
