3270 5028
2126 346 2136 379 6

645 442 716 493 92
1176 438 1326 493 XIV.
1364 439 1447 495 De
1484 437 1635 493 civili
1670 438 1739 492 R.
1774 435 2061 492 Pontificis
2097 435 2427 505 principatu.

643 582 912 643 texeret.
1007 577 1181 657 Quia
1232 599 1381 643 vero
1428 577 1854 662 comperimus
1863 625 1881 658 ,
1936 578 2189 660 scribit,
2246 577 2483 643 multos
2537 597 2603 641 se
2647 596 2689 641 a
2736 595 2953 641 muro·

645 693 796 738 rum
838 672 1090 757 vigiliis
1135 695 1462 756 excusare,
1509 674 1598 740 sit
1639 673 2037 757 fraternitas
2082 679 2296 739 vestra
2341 673 2637 754 sollicita,
2683 676 2759 738 ut
2803 671 2953 738 nul-

645 769 782 835 lum
824 791 1029 852 neque
1065 792 1190 854 per
1232 776 1533 837 nostrum
1576 791 1782 853 neque
1820 792 1945 852 per
1986 771 2280 836 ecclesiae
2314 791 2573 851 nomen,
2634 773 2754 836 aut
2799 789 2952 851 quo-

644 865 795 931 libet
839 866 970 932 alio
1026 867 1210 934 modo
1264 867 1524 950 defendi
1571 888 1613 933 a
1658 865 1907 950 viyiliis
1953 867 2295 950 patiatur,
2359 868 2468 932 sed
2510 887 2725 932 omnes
2766 885 2952 949 yene-

642 962 876 1039 raliter
930 963 1472 1050 compellantur.²)
1574 966 1653 1030 Id
1708 968 1918 1049 ipsum
1974 966 2380 1031 commendat
2428 967 2716 1050 episcopo
2766 964 2949 1030 Cala-

641 1062 876 1127 ritan0.
968 1060 1321 1128 Murorum
1365 1060 1659 1144 vigilias,
1717 1063 1967 1141 scribit,
2025 1065 2087 1126 et
2132 1060 2631 1127 sollicitudinem
2673 1059 2747 1125 in
2799 1057 2953 1124 locis

638 1156 838 1238 facite
884 1155 1182 1223 omnibus
1228 1156 1541 1223 adhiberi.
1608 1158 1703 1222 Et
1747 1157 2128 1238 confidimus
2162 1157 2237 1223 in
2274 1156 2696 1239 redemptoris
2740 1154 2954 1222 nostri

631 1252 951 1336 potentia,
1001 1253 1158 1335 quia
1188 1253 1719 1321 adversariorum
1749 1254 1934 1321 nobis
1962 1253 2272 1321 incursus
2316 1254 2412 1319 vel
2456 1253 2712 1319 insidae
2741 1253 2953 1318 denuo

639 1371 772 1415 non
817 1351 1212 1435 nocebunt.2)
1302 1352 1509 1418 Jussit
1554 1357 1621 1417 et
1666 1354 2046 1418 communiri
2090 1353 2300 1429 urbeS,
2352 1357 2416 1418 et
2460 1352 2533 1417 in
2578 1373 2686 1416 eas
2732 1350 2951 1415 invehi

641 1449 856 1531 copias
903 1450 1332 1516 abundantes,
1401 1447 1986 1532 Lonyobardorum
2017 1469 2154 1529 rex,
2203 1450 2429 1515 scribit
2460 1449 2683 1528 eidem,
2722 1467 2953 1530 pacem

637 1564 772 1608 non
814 1543 1031 1625 faciet.
1107 1544 1262 1610 Ideo
1306 1565 1554 1610 necesse
1594 1549 1705 1624 est,
1751 1549 1828 1611 ut
1867 1544 2264 1627 fraternitas
2301 1548 2535 1625 vestra,
2583 1544 2739 1609 dum
2786 1541 2952 1622 licet,

639 1639 964 1705 civitatem
1010 1661 1199 1706 suani
1244 1640 1342 1706 vel
1400 1641 1537 1707 alia
1583 1641 1720 1707 loca
1774 1641 2028 1708 muniri
2071 1641 2443 1725 provideat,
2499 1645 2692 1722 atque
2729 1638 2949 1705 immi-

637 1740 793 1803 neat
852 1742 928 1802 ut
989 1737 1403 1803 abundanter
1477 1737 1552 1803 in
1622 1738 1716 1803 eis
1777 1737 2034 1804 condita
2087 1743 2560 1822 procurentur,
2627 1739 2952 1820 quatenus

637 1832 840 1898 hostis
884 1854 1016 1899 non
1061 1833 1357 1900 inveniat
1402 1835 1571 1918 quod
1617 1835 1849 1916 laedat,
1895 1835 2005 1899 sed
2050 1835 2360 1918 confusus
2406 1832 2778 1925 abscedat&

817 1984 916 2046 13.
981 1980 1107 2048 Sed
1167 1983 1325 2048 haec
1383 1984 1718 2049 sufficiunt
1766 1988 1841 2048 ut
1895 1990 2150 2068 pateat,
2209 1985 2561 2048 maximum
2622 1983 2818 2047 fuisse
2874 2004 2954 2046 ea

638 2082 852 2145 aetate
898 2079 1176 2145 Romani
1207 2078 1541 2145 Pontificis
1587 2081 1660 2145 in
1707 2102 1810 2145 res
1858 2082 2073 2146 civiles
2113 2081 2345 2146 Italiae
2391 2080 2704 2144 influxum
2751 2084 2950 2164 atque

638 2177 1122 2253 auctoritatem,
1198 2177 1555 2261 meritoque
1624 2179 1853 2262 reponi
1916 2179 1988 2243 in
2050 2178 2170 2244 hoc
2231 2177 2480 2241 influxu
2545 2177 2947 2260 principatus

637 2274 775 2357 ejus
837 2273 1041 2337 civilis
1103 2273 1486 2356 principium
1547 2273 1866 2358 quoddam
1929 2279 1996 2339 et
2056 2275 2569 2339 fundamentum.
2678 2272 2949 2337 Saeculo

637 2370 810 2434 enim
874 2370 1178 2453 septimo,
1249 2373 1600 2453 octavoque
1666 2371 1936 2436 ineunte
1995 2394 2099 2436 res
2159 2372 2230 2436 in
2288 2371 2507 2436 eodem
2569 2374 2745 2435 statu
2802 2391 2943 2453 per·

634 2472 1030 2533 manserunt.
1135 2466 1277 2531 Imo
1338 2467 1542 2551 magis
1604 2489 1863 2553 quoque
1920 2467 2076 2535 Itali
2138 2467 2504 2533 Romanum
2558 2466 2938 2533 Pontificem

634 2564 1126 2629 considerarunt
1172 2567 1245 2627 ut
1296 2568 1724 2647 protectorem
1781 2567 2219 2650 praecipuum,
2276 2566 2389 2650 qui
2434 2565 2744 2642 consilii8‚
2802 2564 2942 2647 opi-

631 2661 779 2743 buS,
847 2660 1104 2724 auxiliis
1165 2663 1482 2744 quantum
1542 2665 1801 2745 poterat
1859 2667 2116 2747 praesto
2177 2668 2346 2739 erat,
2414 2684 2613 2747 quum
2675 2662 2756 2726 ab
2813 2660 2937 2724 Im-

632 2756 1034 2841 peratoribus
1093 2758 1469 2840 frequenter
1528 2747 2147 2843 derelinquerentur.
2266 2758 2310 2824 J
2311 2781 2415 2822 am
2476 2759 2777 2838 vidimus,
2848 2757 2945 2820 ita

631 2854 690 2917 ei
746 2853 1030 2919 addictos
1092 2854 1288 2918 fuisse
1337 2855 1504 2919 cives
1562 2854 1791 2920 Italiae
1855 2859 1924 2921 et
1979 2858 2246 2935 milites,
2306 2859 2383 2921 ut
2443 2859 2667 2921 contra
2712 2854 2966 2937 impios·

633 2951 826 3014 etiam
904 2950 1328 3035 quorumdam
1398 2949 1870 3034 Imperatorum
1945 2957 2215 3018 conatus
2287 2973 2430 3018 eum
2502 2951 2941 3016 defenderent.

633 3044 770 3111 Nec
844 3048 1274 3113 necessarium
1352 3051 1450 3112 est
1524 3048 1758 3112 iterum
1835 3071 2329 3114 commemorare
2406 3072 2510 3129 ea,
2583 3071 2746 3133 quae
2821 3046 2942 3112 sub

634 3142 942 3228 Gregorio
989 3144 1072 3209 Π.
1132 3145 1518 3209 acciderunt.
1614 3144 1739 3209 Sed
1796 3146 2004 3229 qualis
2062 3146 2261 3210 fuerit
2320 3150 2463 3229 post
2518 3146 2940 3228 irruptionem

635 3238 1206 3399 Longoozrdorum
1251 3247 1462 3306 status
1509 3242 1811 3325 politicus
1852 3242 2099 3319 Italiae,
2146 3244 2429 3307 breviter
2473 3243 2577 3308 hic
2623 3260 2944 3326 exponere

637 3356 904 3399 conveni
941 3386 955 3399 .

240 3477 243 3480 ’
303 3493 610 3565 Longobagdo-
813 3474 915 3539 14.
964 3473 1268 3557 Regnum
1315 3475 1903 3558 Lonqobardorum
1946 3480 2014 3544 in
2060 3478 2257 3544 Italia
2301 3478 2735 3548 vastissimum
2782 3482 2941 3555 erat,

303 3566 399 3596 “¹¹¹¹
416 3554 613 3657 ggmma
635 3593 833 3655 quum
904 3575 1157 3654 praeter
1218 3572 1475 3638 Italiam
1539 3577 2135 3657 septemtrionalem
2207 3576 2402 3641 etiam
2461 3576 2532 3639 in
2594 3575 2803 3639 media
2867 3594 2942 3637 ac

635 3668 1038 3740 meridionali
1104 3668 1298 3733 Italia
1362 3671 1571 3735 varias
1631 3672 1926 3755 regiones
1996 3677 2429 3755 occupassent.
2542 3670 2778 3736 Totum
2846 3693 2938 3734 re-

634 3785 835 3849 gnum
894 3764 1152 3848 quidem
1212 3766 1327 3830 sub
1385 3788 1537 3851 rege
1591 3773 1729 3832 erat
1789 3770 2256 3847 constitutum,
2320 3770 2433 3853 qui
2492 3769 2704 3834 sedem
2753 3768 2941 3833 habe·

634 3862 747 3927 bat
815 3861 1025 3960 'ljgcini
1092 3859 1410 3960 (Papiae),
1490 3869 1557 3929 at
1624 3866 1814 3930 duces
1878 3868 2153 3950 triginta
2222 3888 2333 3931 sex
2401 3866 2610 3930 varios
2673 3865 2944 3954 ducatus

814 4084 857 4155 ¹)
894 4084 955 4139 L.
996 4084 1122 4139 VH.
1161 4086 1278 4141 Ind.
1318 4086 1363 4142 I.
1400 4103 1482 4155 ep.
1523 4090 1606 4144 20.
1896 4089 1941 4157 2)
1975 4090 2036 4144 L.
2074 4090 2200 4144 VH.
2238 4090 2355 4145 Ind.
2395 4089 2468 4143 H.
2509 4106 2588 4158 ep.
2626 4093 2674 4144 2.

811 4163 854 4233 3)
889 4164 1027 4220 Ibid.
1075 4181 1158 4233 ep.
1197 4167 1246 4219 ὅ.
1286 4165 1396 4221 Cfr.
1433 4168 1568 4222 haec
1616 4168 1791 4222 citata
1837 4184 1922 4237 ap.
1962 4170 2301 4224 Thomassin.
2340 4170 2401 4224 P.
2439 4169 2541 4223 HI.
2588 4169 2649 4222 L.
2687 4170 2731 4223 I.
2771 4185 2814 4222 c.
2852 4169 2940 4223 27.
