3270 5028
926 440 1242 495 Pel-secutio
1282 440 1631 496 Constantini
1669 442 2006 510 Copronymi.
2553 447 2622 498 41

314 579 564 644 tradita
622 583 778 645 sunt
833 578 908 644 in
966 579 1259 645 Ecclesia
1315 581 1770 663 suscipientes;
1832 586 1892 646 et
1947 581 2274 648 intuentes
2320 583 2630 666 picturas

312 675 483 741 nihil
527 675 714 742 aliud
756 675 1152 760 intelliyunt,
1200 676 1335 742 nisi
1381 698 1545 759 quae
1576 677 1933 761 siqnantur
1977 680 2048 744 in
2095 678 2278 761 ipsis.
2355 680 2624 747 Etenim

312 793 458 838 cum
489 772 775 837 viderint
803 772 878 838 in
914 764 1185 857 pictura
1222 773 1592 856 parientem
1641 774 1971 857 Virqinem
2003 780 2064 840 et
2096 778 2378 860 Anqelos
2418 798 2625 860 supra

311 872 557 934 stantes
603 888 748 934 cum
783 869 1195 952 pastoribus,
1256 871 1644 952 recoqitant,
1700 871 1918 936 Deum
1964 871 2400 939 humanatum
2438 875 2628 940 nasci

300 970 573 1048 propter
618 966 889 1031 salutem
937 972 1250 1047 nostram,
1297 971 1358 1032 et
1404 966 1794 1048 confitentur
1839 967 2151 1034 dicentes:
2203 969 2276 1035 Is
2322 971 2436 1053 qui
2482 971 2627 1037 sine

312 1082 507 1127 carne
554 1067 722 1144 erat,
784 1083 935 1129 caro
977 1065 1198 1146 factus
1243 1068 1370 1143 est;
1441 1064 1716 1130 Verbum
1763 1064 2201 1131 incrassatum
2247 1072 2368 1147 est,
2413 1067 2626 1133 incre·

311 1163 462 1225 atus
517 1164 772 1225 creatus
829 1162 890 1246 (6
938 1164 1217 1233 ἄκτιστος
1262 1162 1572 1245 ἐκτίσθη),
1630 1160 2072 1245 impalpabilis
2119 1163 2437 1246 palpatus
2495 1170 2627 1243 est,·

310 1259 504 1338 atque
557 1276 764 1321 unum
820 1257 1233 1339 eumdemque
1287 1255 1676 1337 confitentur
1718 1257 2081 1340 perfectum
2138 1260 2210 1325 in
2267 1260 2504 1326 deitate
2562 1265 2624 1325 et

298 1352 662 1435 perfectum
706 1353 781 1419 in
826 1354 1265 1433 humanitate,
1324 1354 1544 1419 Deum
1589 1354 1909 1419 veraciter
1965 1360 2025 1419 et
2070 1356 2393 1422 hominem
2439 1378 2626 1422 vera·

309 1449 542 1531 citer.¹)
601 1502 614 1513 .
677 1501 690 1514 .
748 1450 956 1516 Nulla
1011 1454 1229 1517 autem
1283 1455 1377 1516 est
1404 1458 1409 1463 “
1426 1450 1660 1533 procul
1713 1450 1907 1517 dubio
1972 1451 2146 1517 ratio
2196 1452 2629 1521 dissensionis

311 1546 754 1631 (διχοστασίας)
802 1548 900 1612 vel
944 1546 1381 1631 separationis
1425 1552 1543 1613 aut
1591 1547 1875 1631 alicujus
1918 1548 2277 1628 divisionis,
2325 1549 2422 1614 vel
2466 1570 2627 1614 rur·

232 1700 239 1717 ,
307 1664 421 1710 sus
489 1643 802 1710 essentiae
864 1643 1294 1726 confusionis,
1357 1644 1892 1727 quemadmodum
1950 1644 2168 1710 crebro
2233 1646 2405 1729 falso
2472 1667 2623 1712 con-

308 1739 553 1805 cionati
616 1745 799 1821 sunt,
854 1762 982 1824 pro
1045 1762 1114 1806 eo
1175 1741 1346 1823 quod
1390 1740 1705 1825 pinqitur
1749 1740 2081 1807 Dominus
2139 1743 2488 1807 secundum
2551 1743 2629 1807 id

308 1836 478 1920 quod
522 1838 707 1902 homo
765 1838 905 1920 fuit
948 1837 1295 1921 perfectus.
1390 1837 1596 1902 Aliud
1642 1842 1733 1902 est
1790 1838 1963 1903 enim
2016 1838 2231 1922 imaqo
2247 1888 2265 1919 ,
2331 1843 2392 1903 et
2437 1839 2625 1904 aliud

296 1933 668 2017 principale
725 1935 818 2019 (τὸ
863 1933 1305 2019 πρωτότυπον)
1363 1939 1425 2000 et
1470 1934 1908 2018 proprietates
1951 1934 2352 2018 principalis
2405 1935 2621 2001 nulla-

307 2035 497 2096 tenus
558 2031 705 2113 quis
764 2051 984 2096 eorum
1046 2031 1161 2113 qui
1222 2050 1456 2098 sanum
1513 2030 1809 2115 sapiunt,
1870 2031 1945 2097 in
2003 2031 2291 2116 imayine
2346 2031 2628 2114 quaerit.

307 2126 395 2193 In
451 2126 738 2211 imaqine
783 2127 956 2193 enim
1009 2127 1109 2192 nil
1171 2125 1357 2196 aliud
1415 2148 1569 2193 vera
1609 2128 1801 2193 ratio
1861 2128 2070 2208 novit,
2135 2149 2332 2212 quam
2397 2149 2624 2194 secun·

306 2224 463 2289 dum
508 2245 741 2290 nomen
792 2224 1268 2290 communicare
1311 2224 1414 2290 illi
1473 2226 1658 2310 (κατὰ
1700 2227 1770 2289 τὸ
1817 2228 2023 2309 ὄνομα
2071 2225 2453 2306 κοινωνεῖν),
2512 2244 2619 2289 cu-

293 2322 416 2404 jus
479 2326 573 2386 est
617 2321 863 2405 imaqO,
930 2326 990 2386 et
1049 2343 1180 2387 non
1241 2322 1589 2388 secundum
1647 2321 2083 2387 substantiam
2144 2325 2275 2408 (καὶ
2331 2326 2406 2388 οὐ
2461 2315 2622 2387 κατὰ

306 2421 415 2502 τὴν
462 2419 780 2500 οὓσίαν).2)

484 2554 589 2617 45.
658 2551 1166 2617 Conciliabulum
1232 2551 1389 2622 illud
1451 2553 1566 2617 sub
1626 2551 2042 2617 anathemate
2104 2557 2460 2635 postremo,
2521 2552 2620 2614 uti

306 2648 658 2724 diximuS‚·
687 2669 1007 2713 sacrarum
1079 2650 1433 2734 imaginum
1502 2671 1688 2713 usum
1764 2654 1830 2713 et
1898 2650 2140 2712 cultum
2215 2649 2622 2732 proscripsit3

305 2746 498 2810 simul
561 2750 783 2808 tamen
844 2744 1120 2829 episcopi
1181 2737 1360 2812 suam
1420 2745 1609 2810 fidem
1672 2745 1748 2811 de
1810 2747 2227 2810 veneratione
2291 2749 2358 2809 et
2417 2747 2618 2810 inter-

306 2843 590 2908 cessione
650 2842 1033 2906 Sanctorum
1089 2843 1357 2926 professi
1411 2848 1586 2909 sunt.
1706 2840 2094 2907 Statuerunt
2153 2842 2475 2907 videlicet:
2541 2840 2622 2905 Si

306 2936 455 3020 quis
499 2958 631 3003 non
689 2936 1030 3016 confitetur
1085 2942 1379 3003 sanctam
1439 2949 1687 3020 semper
1744 2937 2074 3021 Virqinem
2122 2937 2415 3002 Mariam
2460 2958 2619 3019 pro-

296 3034 448 3117 prie
493 3055 568 3100 ac
612 3054 757 3099 vere
807 3033 940 3099 Dei
992 3035 1402 3117 qenitricem,
1462 3034 1901 3100 sublimiorem
1957 3054 2086 3098 esse
2143 3034 2319 3099 omni
2370 3033 2617 3098 visibili

306 3135 367 3196 et
410 3130 728 3196 invisibili
774 3134 1104 3209 creatura,
1166 3135 1226 3195 et
1272 3153 1416 3198 cum
1461 3131 1717 3198 sincera
1766 3130 1892 3212 fide
1937 3130 2147 3212 ipsius
2200 3151 2329 3196 non
2375 3129 2623 3212 expetit

304 3226 791 3293 intercessiones
837 3230 1151 3308 tanquam
1198 3226 1509 3308 fiduciam
1561 3227 1858 3293 habentis
1915 3226 2001 3290 ad
2045 3228 2262 3292 Deum
2317 3230 2614 3293 nostrum

306 3323 421 3406 qui
467 3344 547 3388 ex
590 3323 709 3388 illa
748 3322 1011 3407 qenitus
1064 3327 1185 3403 est,
1248 3323 1668 3410 anathema.³)
1761 3323 1836 3389 Si
1896 3323 2044 3406 quis
2088 3344 2220 3389 non
2277 3322 2624 3404 confitetur

307 3441 523 3486 omnes
554 3419 826 3485 Sanctos
870 3419 986 3501 qui
1016 3439 1057 3484 a
1087 3418 1338 3484 saeculo
1386 3440 1586 3501 usque
1631 3440 1810 3485 nunc
1854 3424 2028 3499 sunt,
2074 3419 2189 3502 qui
2235 3423 2386 3485 ante
2419 3419 2611 3503 leqem

305 3537 381 3583 ac
425 3517 499 3582 in
548 3516 677 3600 leqe
722 3520 783 3581 et
822 3516 894 3580 in
947 3515 1360 3598 qratiaDeo
1404 3517 1819 3601 placuerunt,
1877 3516 2285 3582 honorabiles
2338 3537 2469 3581 esse
2516 3538 2618 3581 co-

304 3634 451 3679 ram
495 3613 637 3696 ipso
683 3612 908 3678 anima
950 3618 1009 3678 et
1041 3633 1319 3696 corpore,
1366 3613 1463 3678 vel
1509 3614 1742 3679 horum·
1773 3634 1905 3678 non
1941 3613 2237 3695 postulat
2269 3612 2617 3693 orationes,
2704 3648 2710 3653 -

304 3716 621 3793 tanquam
677 3708 984 3790 fiduciam
1043 3709 1421 3776 habentium
1467 3731 1595 3793 pro
1650 3709 1891 3776 mundo
1950 3710 2341 3775 intercedere
2386 3730 2612 3775 secun-

304 3808 461 3873 dum
504 3805 991 3873 ecclesiasticam
1039 3805 1475 3883 traditionem,
1526 3805 1949 3885 anathema.4)
1996 3844 2083 3853 —
2132 3806 2228 3870 Ex
2276 3808 2446 3871 hisce
2492 3808 2613 3872 col-

303 3908 560 3992 ligitur,
632 3905 711 3967 ab
758 3904 1177 3968 Iconoclastis
1228 3904 1583 3978 doctrinam
1650 3904 1726 3967 de
1793 3905 1971 3967 cultu
2034 3907 2101 3968 et
2154 3904 2620 3967 intercessione

483 4093 526 4161 ¹)
563 4094 624 4147 L.
663 4111 707 4147 c.
746 4110 795 4160 p.
833 4096 954 4148 439.
1689 4092 1734 4159 ²)
1771 4095 1995 4160 Ibidem,
2035 4112 2086 4162 p.
2124 4097 2245 4148 442.

484 4172 527 4239 ⁸)
565 4173 625 4226 L.
666 4189 710 4225 c.
749 4191 799 4240 p.
838 4175 956 4226 523.
1694 4173 1738 4242 ⁴)
1778 4174 2002 4240 Ibidem,
2039 4191 2088 4242 p.
2129 4176 2246 4227 527.
