3270 5028
912 463 995 517 De
1031 462 1415 522 Decretalibus
1453 459 2033 517 Pseudo-Isidorianis.
2372 443 2377 452 “
2525 466 2638 517 313

320 607 473 667 ante
520 626 761 683 ann08‚
822 583 895 668 ut
947 604 1044 668 vir
1085 605 1369 669 eruditus
1416 603 1748 684 Maassen‚
1804 624 2004 686 quum
2062 605 2486 687 perlustraret
2529 629 2627 672 co·

320 701 518 765 dicem
578 701 762 765 illum
823 700 1399 776 Mediolanensem,
1466 699 2034 780 animadverteret,
2105 700 2419 765 minorem
2478 705 2630 766 tan-

320 797 649 862 tummodo
703 798 873 861 illius
920 798 1227 862 orationis
1287 801 1535 880 partem
1582 819 1620 858 a
1669 794 2023 859 Muratorio
2080 797 2349 880 aliisque
2410 804 2635 863 aucto—

319 895 496 959 ribus
554 894 788 959 editam
842 916 1007 976 esse3
1066 893 1235 958 unde
1300 895 1432 977 ipse
1495 894 1688 957 etiam
1752 892 2026 956 alteram
2082 899 2331 976 partem
2392 895 2634 978 publici

312 992 478 1075 juris
546 989 719 1056 fecit.
833 990 875 1056 J
880 1013 1135 1056 amvero
1202 993 1271 1055 in
1316 990 1436 1054 hac
1502 990 1706 1054 altera
1772 992 1955 1071 parte
2031 993 2251 1054 auctor
2318 991 2637 1056 orationis

319 1088 596 1151 maxime
643 1088 711 1151 in
760 1110 836 1152 eo
886 1092 1202 1165 versatur,
1252 1092 1326 1151 ut
1373 1086 1552 1152 Sedis
1599 1085 2015 1169 Apostolicae
2048 1087 2201 1169 jura
2247 1089 2314 1150 et
2360 1090 2632 1152 auctori·

317 1188 520 1247 tatem
585 1205 663 1247 ex
728 1186 922 1249 variis
982 1181 1519 1248 Pseudo-Isidori
1583 1181 2027 1246 Decretalibus
2091 1183 2495 1248 commendet
2558 1206 2634 1248 ac

320 1280 620 1345 vindicet.
728 1280 919 1345 Unde
975 1280 1271 1346 Maassen
1336 1280 1743 1355 existimanS‚
1807 1279 1888 1342 ab
1946 1277 2276 1374 Hadriano
2344 1279 2424 1343 II.
2490 1302 2631 1344 eam

321 1362 680 1442 orationem
725 1380 794 1441 in
839 1378 1085 1460 synodo
1132 1376 1494 1442 Oassinensi
1544 1375 1833 1440 habitam
1885 1396 2044 1456 esse,
2108 1375 2417 1453 advertit,
2476 1379 2635 1440 tunc

319 1475 528 1555 prima
597 1475 731 1538 vice
801 1474 976 1540 usui'
1014 1475 1398 1557 amplissimo
1469 1473 1764 1539 serviisse
1831 1471 2026 1536 falsas
2090 1471 2489 1558 Decretales,
2561 1479 2636 1537 ut

318 1570 655 1653 plenitudo
697 1572 1038 1654 potestatis
1086 1568 1266 1635 Sedis
1316 1570 1647 1635 Romanae
1693 1590 1770 1632 ex
1817 1568 1895 1633 iis
1944 1566 2395 1650 probaretur.¹)

501 1720 647 1782 110.
695 1718 781 1782 Et
819 1740 889 1782 re
935 1718 1188 1802 quidem
1238 1740 1406 1801 vera,
1449 1719 1501 1781 si
1550 1718 1757 1782 oratio
1803 1718 1915 1781 illa
1960 1715 2291 1779 Hadriano
2337 1716 2419 1780 H.
2470 1717 2630 1781 Pon·
2668 1724 2951 1794 Pseudo-pe-

320 1815 478 1880 tifici
546 1814 890 1879 tribuenda
956 1821 1084 1888 est,
1155 1815 1380 1899 negari
1445 1815 1705 1899 nequit,
1776 1836 1918 1877 eum
1987 1810 2164 1876 Sedis
2225 1811 2631 1896 Apostolicae
2718 1784 2905 1889 ‹affl-a

321 1912 770 1976 auctoritatem
836 1912 907 1975 in
978 1912 1195 1976 eadem
1271 1931 1662 1995 magnopere
1730 1933 1808 1973 ex
1875 1908 2632 1976 Pseudo-Decretalibus

319 2007 548 2072 Isidori
596 2007 965 2073 vindicasse.
1060 2008 1321 2071 Etenim
1367 2009 1539 2071 ultra
1587 2008 1865 2090 triginta
1912 2004 2629 2072 Pseudo-Decretalium

321 2109 561 2181 textuS‚
610 2104 720 2188 qui
767 2104 1215 2187 septemdecim
1266 2099 1458 2168 variis
1499 2103 1924 2168 Pontificibus
1971 2102 2366 2186 tribuuntur,
2411 2109 2637 2169 auctor

322 2201 630 2266 orationis
677 2201 894 2279 affert,
939 2224 1011 2265 ac
1057 2201 1359 2284 spectatis
1407 2204 1705 2264 textuum
1748 2201 1986 2279 ,ordine
2034 2220 2107 2264 ac
2152 2201 2362 2284 verbis
2406 2201 2637 2286 liquet,

320 2321 401 2363 ex
449 2297 839 2362 Collectione
889 2294 1404 2361 Pseudo-Isidori
1460 2297 1675 2360 omnia
1733 2298 1858 2363 ista
1906 2319 2040 2364 esse
2097 2294 2453 2381 desumpta.
2543 2297 2637 2360 At

324 2418 469 2461 vero
512 2394 670 2458 illud
724 2394 1089 2477 quaeritur,
1152 2397 1366 2458 utrum
1426 2414 1647 2477 reapse
1703 2395 1908 2458 oratio
1962 2397 2087 2461 ista
2140 2395 2365 2460 habita
2422 2395 2507 2459 sit
2553 2395 2642 2458 ab

323 2492 658 2561 Hadriano
704 2490 787 2554 ΙΙ.
839 2490 1153 2556 Pontifice
1208 2491 1278 2554 in
1337 2491 1581 2577 synodo
1630 2489 1886 2556 Cassini
1940 2495 2279 2559 celebrata.
2371 2490 2633 2577 Negan-

322 2591 473 2654 dum
517 2587 579 2653 id
627 2610 760 2652 esse
806 2610 1156 2653 censemus.
1215 2622 1298 2631 -
1357 2589 1805 2664 Quaestionem
1868 2590 2034 2655 hanc
2092 2592 2350 2677 egregie
2402 2588 2643 2653 discus·

323 2687 408 2751 sit
465 2689 546 2751 A.
595 2686 930 2769 Lapotre„
968 2684 1313 2769 solidisque
1369 2685 1503 2767 ipse
1565 2685 1863 2767 probavit
1921 2687 2349 2772 argumentiS‚
2407 2685 2636 2751 oratio·

323 2805 469 2847 nem
531 2782 706 2846 illam
757 2782 1137 2865 neutiquam
1194 2781 1275 2845 ab
1328 2781 1660 2845 Hadriano
1707 2780 2051 2863 Pontifice‚
2115 2784 2227 2849 sed
2283 2784 2363 2847 ab
2421 2783 2643 2866 aliquo

325 2881 619 2962 episcopo
684 2877 972 2942 habitam
1037 2899 1174 2941 esse
1241 2879 1307 2941 in
1374 2876 1620 2961 synodo
1683 2880 1931 2964 aliquot
1995 2881 2459 2964 episcoporum,
2526 2879 2640 2962 qui

325 2980 638 3059 quantum
705 2974 958 3038 videtur
1021 2975 1233 3057 potius
1294 2974 1566 3052 Romae,
1638 2997 1855 3039 mense
1916 2976 2089 3041 Julio
2152 3000 2207 3042 a.
2269 2977 2427 3054 869,
2493 2980 2643 3058 post

326 3075 714 3135 conventum
779 3071 846 3133 in
899 3073 1121 3135 monte
1166 3069 1430 3135 Cassino
1489 3071 1814 3149 habitum,
1876 3074 2250 3158 congregati
2313 3076 2494 3148 sunt,
2566 3075 2640 3134 ut

328 3191 405 3232 ex
470 3168 776 3232 mandato
836 3167 1149 3231 Hadriani
1213 3167 1296 3231 II.
1373 3167 1451 3231 de
1513 3189 1704 3232 causa
1764 3166 2061 3232 Lotharii
2117 3175 2180 3233 et
2238 3169 2315 3232 de
2377 3169 2643 3232 restitu-

325 3266 505 3330 tione
551 3264 818 3328 duorum
881 3251 1274 3347 praesulum,
1335 3263 1680 3329 Guntharii
1730 3263 2129 3329 Coloniensis
2189 3272 2254 3329 et
2300 3265 2649 3330 Zachariae

327 3361 811 3444 Anagninensis
857 3356 1295 3442 tractarent.²)

510 3639 550 3707 1)
589 3638 654 3692 V.
695 3638 835 3693 Eine
884 3638 1037 3692 Rede
1093 3639 1187 3692 des
1236 3639 1473 3705 Papstes
1521 3637 1768 3691 Hadrian
1817 3639 1892 3691 ΙΙ.
1943 3655 2063 3693 vom
2112 3639 2282 3694 Jahre
2335 3644 2454 3695 869.
2537 3642 2649 3696 Die

330 3724 476 3774 erste
524 3718 872 3772 umfassende
922 3718 1255 3786 Beniitzung
1303 3720 1398 3771 der
1444 3717 1690 3770 falschen
1738 3717 2062 3771 Decretalen
2114 3735 2210 3771 zur
2260 3720 2652 3788 Begriindung·

331 3798 430 3853 der
464 3797 791 3852 Machtfiille
829 3796 926 3851 des
963 3796 1270 3850 romischen
1308 3796 1547 3850 Stuhles.
1620 3795 1743 3849 Von
1794 3796 1882 3849 Fr.
1920 3796 2203 3861 Maassen‚
2251 3815 2482 3867 corresp.
2517 3799 2647 3852 Mit-

332 3877 513 3945 gliede
560 3877 659 3930 der
704 3875 1004 3930 Akademie
1051 3876 1147 3929 der
1195 3875 1692 3929 wissenschaften.
1779 3875 2284 3943 Sitzungsberichte
2330 3879 2429 3932 der
2472 3877 2644 3946 philo·

333 3955 640 4023 soph.-hist.
671 3955 861 4009 Classe
902 3956 997 4009 der
1033 3954 1249 4009 kaiserl.
1281 3954 1582 4009 Akademie
1609 3955 1705 4008 der
1731 3953 2225 4024 wissenschaften,
2262 3957 2300 4010 J
2302 3959 2460 4026 ahrg.
2490 3945 2647 4011 1872.

335 4036 397 4089 B.
438 4037 522 4087 72.
562 4034 612 4087 S.
653 4037 771 4087 521.
810 4034 973 4088 Wien
1018 4036 1165 4087 1872.

511 4111 554 4180 ²)
593 4115 657 4165 A.
695 4114 932 4180 Lapotre
972 4112 1023 4166 S.
1062 4111 1132 4177 J„
1169 4111 1410 4166 Hadrien
1448 4112 1521 4165 II.
1572 4118 1630 4166 et
1675 4112 1755 4165 les
1803 4113 2016 4168 fausses
2065 4113 2409 4179 DecretaleS‚
2455 4112 2652 4168 Revue

333 4194 429 4247 des
470 4193 764 4259 Questions
804 4191 1137 4258 historiques
1179 4193 1331 4245 1880.
1369 4190 1492 4244 Vol.
1532 4194 1616 4244 27.
1657 4208 1707 4257 p.
1748 4194 1866 4245 377.
