3270 5028
1074 429 1322 483 Eventus
1358 434 1481 496 post
1514 427 1833 482 Concilium.
2545 429 2620 481 63

305 572 720 635 matrimonio
766 571 1164 636 conciliando
1218 572 1391 635 inter
1446 571 1651 634 filium
1698 569 2198 634 Constantinum
2245 568 2618 652 Porphyro-

305 667 600 752 genitum
647 669 712 730 et
759 666 1120 731 Rotrudam
1167 667 1363 731 filiam
1406 665 1619 731 Caroli
1667 665 1788 742 M.,
1845 665 2012 749 quod
2059 665 2451 730 connubium
2498 665 2615 728 ite·

305 772 446 828 rato
493 763 891 847 propositum
950 768 1015 827 et
1067 769 1520 846 praeparatum
1576 763 1820 837 fuerat3
1878 765 1943 826 et
1995 783 2215 825 mense
2261 759 2622 826 Novembri.

305 861 460 925 anni
523 859 649 923 788
706 860 977 924 Mariam
1031 861 1303 924 Armeni
1366 860 1672 944 principis
1732 860 1929 922 filiam
1983 859 2053 922 in
2113 880 2377 922 uxorem
2439 856 2620 922 dedit

303 957 463 1035 filio,
539 957 829 1040 quamvis
895 957 1108 1020 minus
1179 960 1366 1039 grata
1423 956 1573 1019 huic
1642 960 1809 1019 esset
1868 953 2041 1019 istud
2109 953 2616 1018 matrimonium.

306 1053 523 1137 Atque
585 1053 834 1116 influxu
893 1053 1165 1136 Adalgis
1229 1052 1542 1127 Desiderii
1605 1052 1776 1136 regis
1842 1050 2413 1134 Longobardorum
2476 1051 2617 1126 filii,

303 1151 414 1233 qui
470 1153 613 1232 post
675 1171 965 1213 eversum
1023 1170 1296 1233 regnum
1356 1148 1987 1232 Constantinopolim
2045 1147 2458 1231 confugerat,
2520 1146 2624 1227 Ἐπὶ-β

305 1251 473 1310 ctum
522 1250 640 1331 est,
693 1252 765 1309 ut
794 1245 1031 1310 ibidem
1063 1245 1257 1310 factio
1303 1247 1710 1328 praevaleret
1741 1266 1904 1328 quae
1937 1244 2107 1308 bello
2155 1249 2380 1307 contra
2412 1243 2613 1307 Fran-

302 1365 406 1407 cos
454 1343 735 1427 gerendo
767 1342 1046 1408 favebat.
1094 1378 1178 1387 —
1221 1341 1495 1407 Demum
1543 1342 1879 1406 advertere
1910 1338 2183 1424 juvabit,
2231 1341 2298 1403 in
2332 1339 2619 1423 regioni·

308 1440 420 1503 bus
485 1439 612 1503 illis
680 1440 1315 1523 septemtrionalibus
1385 1438 1554 1502 haud
1623 1439 1861 1502 dudum
1926 1436 2007 1499 ad
2070 1439 2614 1506 christianismum

302 1535 643 1613 conversio,
692 1537 934 1600 cultum
983 1544 1046 1600 et
1078 1536 1561 1601 venerationem
1598 1536 1956 1618 imaginum
2003 1538 2283 1603 nondum
2329 1536 2424 1600 ita
2470 1554 2610 1598 evo·

302 1635 439 1697 luta
485 1637 551 1696 et
595 1637 952 1717 propagata
996 1633 1222 1710 fuisse,
1270 1654 1462 1715 quam
1508 1634 1577 1696 in
1625 1633 1836 1712 Italia,
1885 1635 1980 1698 ita
2028 1643 2101 1699 ut
2147 1637 2354 1698 status
2401 1653 2613 1696 rerum

303 1729 472 1815 quod
519 1729 764 1792 cultum
808 1729 1166 1813 imaginum
1213 1733 1491 1811 spectat,
1550 1733 1902 1813 comparari
1959 1732 2365 1814 aliquatenus
2413 1728 2618 1812 possit

303 1828 356 1891 ei
404 1825 781 1901 conditioni,
830 1847 993 1909 quae
1041 1826 1259 1908 primis
1305 1823 1633 1890 Ecclesiae
1681 1828 1952 1891 saeculis
1999 1827 2353 1892 obtinebat.
2444 1824 2618 1888 Hinc

304 1922 748 1987 vehementius
804 1923 1129 2005 praesules
1178 1921 1425 1988 Galliae
1482 1921 2023 2006 reformidabant,
2080 1945 2162 1988 ne
2212 1924 2355 2007 quis
2403 1923 2619 1986 cultus

304 2019 790 2102 superstitiosus
836 2019 937 2083 vel
971 2019 1365 2102 periculosus
1398 2040 1552 2104 erga
1596 2020 1908 2104 imagines
1940 2042 2149 2084 sacras
2187 2019 2616 2083 induceretur.

306 2115 483 2179 Haec
530 2116 784 2198 aliaque
829 2116 1102 2179 inferius
1159 2115 1455 2194 dicenda,
1514 2128 1668 2199 prae
1713 2117 1910 2181 oculis
1958 2117 2251 2182 habenda
2297 2120 2482 2191 sunt,
2540 2119 2621 2178 ut

303 2213 532 2276 melius
577 2212 983 2296 intelligatur
1030 2213 1143 2276 illa
1198 2215 1634 2297 repugnantia
1685 2217 1749 2277 et
1809 2214 2128 2297 oppositio
2174 2216 2400 2278 contra
2447 2210 2612 2276 Con·

304 2309 520 2373 cilium
562 2308 924 2374 Nicaenum
957 2309 1063 2386 IL,
1111 2314 1173 2374 et
1221 2307 1674 2394 (suppositam)
1726 2312 1864 2395 ejus
1911 2310 1986 2374 de
2034 2311 2209 2374 cultu
2259 2308 2613 2392 imaginum

303 2406 683 2472 doctrinam.

486 2503 586 2567 74.
634 2502 725 2569 Ut
772 2502 1045 2586 primum
1093 2502 1391 2568 videlicet
1441 2503 1723 2587 episcopi
1770 2503 2014 2587 virique
2070 2503 2240 2568 docti
2290 2502 2358 2566 in
2406 2499 2615 2566 Gallia
2634 2518 2793 2562 Versio
2825 2519 2957 2562 falsa.

308 2599 575 2665 Concilii
622 2599 895 2666 Nicaeni
938 2601 1106 2663 Acta
1154 2601 1483 2684 legerunt,
1545 2622 1681 2665 non
1736 2600 1965 2688 leviter
2022 2599 2251 2664 offensi
2296 2603 2483 2675 sunt,
2544 2619 2617 2662 ac
2865 2595 2872 2600 ’

306 2702 723 2771 censuerunt,
779 2697 1103 2780 episcopos
1153 2697 1496 2761 orientales
1551 2697 1888 2762 tradidisse
1936 2697 2014 2761 de
2070 2698 2247 2761 cultu
2292 2716 2615 2760 sacrarum

306 2793 656 2876 imaginum
700 2792 1077 2870 doctrinam,
1121 2793 1446 2858 constanti
1487 2792 1807 2858 Ecclesiae
1855 2793 2190 2858 traditioni
2238 2792 2613 2875 oppositam.

307 2888 408 2952 Ita
455 2889 749 2953 videlicet
807 2888 1238 2954 Orientalium
1298 2889 1660 2954 doctrinam
1721 2892 2129 2974 interpretati
2188 2893 2367 2971 sunt,
2436 2910 2508 2952 ac
2560 2890 2614 2951 si

302 2986 411 3049 isti
456 2984 776 3061 docerent,
822 2985 1016 3050 sacris
1061 2986 1456 3069 imaginibus
1502 2988 1747 3051 cultum
1780 2988 2009 3051 latriae
2055 2987 2153 3050 uti
2201 2984 2422 3050 Ssmae
2470 2983 2615 3047 Tri-

304 3083 500 3145 nitati
548 3104 683 3146 esse
731 3082 1163 3147 tribuendum.
1256 3082 1621 3148 Potuerunt
1667 3105 1820 3147 sane
1874 3085 1942 3147 in
2000 3083 2194 3146 talem
2246 3082 2612 3164 opinionem

304 3177 549 3256 induci,
620 3202 817 3263 quum
876 3179 948 3244 in
1008 3181 1301 3244 versione
1358 3180 1472 3243 illa
1530 3180 1760 3244 vitiata
1819 3180 2131 3244 Actorum
2191 3180 2517 3262 legerent,
2578 3201 2615 3241 a

307 3273 733 3340 Constantino
778 3276 1069 3359 episcopo
1102 3276 1584 3340 Constantiensi
1614 3277 1775 3340 haec
1811 3297 1944 3339 esse
1989 3276 2267 3358 prolata:
2316 3272 2621 3356 Suscipio

305 3374 367 3434 et
427 3371 775 3453 amplector
832 3370 1300 3436 honorabiliter
1359 3375 1623 3436 sanctas
1682 3375 1743 3436 et
1813 3370 2214 3437 venerandas
2273 3369 2617 3453 imaqineS,

306 3468 657 3533 secundum
703 3468 1044 3553 servitium
1081 3467 1504 3547 adorationiS,
1549 3467 1718 3550 quod
1762 3466 2302 3533 consubstantiali
2347 3470 2408 3531 et
2452 3466 2614 3531 vivi-

301 3563 583 3644 ficatrici
648 3564 969 3630 Trinitati
1023 3565 1259 3630 emitto
1363 3567 1611 3630 Revera
1670 3569 1887 3631 autem
1947 3566 2139 3630 verba
2197 3565 2615 3630 Constantini

303 3662 549 3728 sincere
603 3664 924 3728 translata
972 3663 1129 3727 haec
1183 3664 1387 3727 fuere:
1449 3661 1541 3726 Et
1601 3681 1713 3743 eqo
1762 3659 2077 3737 indiqnus
2132 3659 2236 3725 his
2292 3659 2620 3725 consentio

305 3762 364 3823 et
413 3779 672 3824 concors
710 3758 974 3842 efficior,
1021 3757 1380 3841 suscipiens
1425 3762 1486 3823 et
1522 3757 1909 3840 amplectens
1953 3755 2420 3824 honorabiliter
2464 3776 2613 3821 san-

304 3860 443 3921 ctas
505 3860 567 3920 et
627 3854 1021 3921 venerabiles
1080 3853 1439 3937 imaqines;
1506 3857 1700 3935 atque
1767 3853 2212 3920 adorationem
2275 3873 2440 3935 qaae
2493 3874 2620 3936 per

183 4010 189 4014 .
306 3951 602 4032 latriam,
649 3951 720 4017 id
765 3956 859 4017 est
897 3951 1039 4016 Deo
1094 3951 1374 4017 debitam
1413 3951 1816 4030 servitutem,
1862 3950 2179 4033 efficitur,
2230 3949 2352 4015 soli
2392 3969 2616 4031 super-

304 4048 729 4115 substantiali
773 4052 834 4114 et
890 4048 1182 4129 vivificae
1237 4046 1559 4114 Trinitati
1602 4046 1838 4112 emitto,
1898 4084 1984 4093 -
2038 4048 2374 4131 Quumque
2421 4047 2622 4112 verba

303 4168 535 4233 graeca
586 4149 801 4231 λατρία
864 4153 928 4212 et
971 4147 1310 4230 λατρεύειν,
1370 4148 1614 4230 pariter
1671 4167 1744 4209 ac
1802 4144 2228 4228 προσκύνησις
2289 4149 2355 4208 et
2413 4167 2614 4226 προσ-
