3270 5028
1115 443 1198 497 De
1237 441 1525 496 authentia
1561 438 1890 496 donationis,
2563 443 2663 494 151

351 584 634 648 insulam
679 589 933 666 partem
977 585 1173 648 fuisse
1235 585 1598 648 donationis
1646 582 1954 645 Romanis
2000 581 2422 646 Pontificibus
2470 604 2507 644 a
2554 582 2668 646 Ca-

357 681 496 745 rolo
559 680 798 757 factae,
863 681 1188 765 colligitur
1247 703 1324 744 ex
1387 680 1596 744 verbis
1665 677 1902 742 Leonis
1946 676 2066 742 III.
2133 679 2202 742 in
2260 678 2530 762 epistola
2586 678 2669 741 ad

354 775 662 841 Carolum
726 775 846 841 M.:
922 777 1062 855 „De
1128 781 1350 841 autem
1405 776 1619 839 insula
1681 775 1963 858 Corsica,
2029 775 2198 838 unde
2262 781 2326 839 et
2385 776 2454 839 in
2521 776 2669 839 scri-

357 873 486 954 ptis
544 876 610 937 et
661 896 772 957 per
831 874 1060 937 missos
1107 877 1354 937 vestros
1411 872 1597 937 nobis
1658 872 1986 948 emisistiS,
2047 871 2117 936 in
2165 876 2448 935 vestrum
2497 873 2665 936 arbi-

356 969 553 1032 trium
620 974 686 1033 et
746 969 1124 1053 dispositum
1185 969 1662 1033 committimus.
1763 967 1981 1051 Atque
2041 969 2112 1032 in
2174 990 2281 1032 ore
2338 969 2669 1052 posuimus

357 1064 831 1150 Helmengaudi
900 1067 1179 1130 comitis:
1256 1071 1328 1130 ut
1394 1068 1611 1129 vestra
1679 1063 1943 1128 donatio
2018 1087 2267 1148 semper
2339 1066 2526 1129 firma
2603 1071 2670 1130 et

354 1162 606 1226 stabilis
671 1160 1166 1245 permaneassfss)
1269 1161 1439 1227 Sunt
1501 1161 1758 1245 quidem
1822 1162 1932 1246 qui
1997 1162 2402 1240 existimant,
2472 1165 2670 1228 dona·

355 1259 601 1322 tionem
659 1261 843 1341 cujus
900 1259 1020 1322 hoc
1078 1259 1215 1323 loco
1273 1259 1517 1322 mentio
1573 1259 1678 1336 fit,
1749 1262 2039 1342 spectare
2099 1259 2488 1341 patrimonia
2547 1260 2669 1323 Ro-

356 1377 590 1418 manae
661 1356 960 1420 ecclesiae
1026 1356 1097 1419 in
1160 1355 1273 1419 illa
1335 1356 1575 1431 insula,
1654 1355 1763 1418 sed
1824 1356 2018 1436 juxta
2081 1377 2341 1418 sensum
2414 1356 2670 1420 obvium

355 1450 588 1515 Garolo
635 1453 703 1515 in
753 1455 1034 1515 mentem
1090 1456 1426 1515 revocatur
1478 1451 1738 1516 donatio
1790 1452 2038 1515 insulae
2081 1451 2276 1535 ipsius
2324 1452 2670 1536 aliquando

359 1546 550 1611 facta.
620 1584 694 1592 —
767 1548 947 1624 Quod
1010 1549 1091 1611 ad
1154 1545 1496 1629 Neapolim
1565 1551 1842 1631 spectat,
1911 1570 2076 1631 quae
2136 1548 2203 1611 in
2271 1545 2671 1629 Fraqme‘nto

358 1641 774 1708 Fantutia‘no
841 1646 1015 1710 inter
1091 1645 1416 1708 territoria
1483 1645 1796 1728 promissa
1863 1650 2261 1721 recensetur,
2341 1646 2670 1709 adverten-

354 1741 511 1804 dum
570 1747 694 1820 est,
759 1743 827 1806 in
889 1740 1036 1805 Vita
1082 1738 1451 1819 Hadriani,
1517 1742 1664 1805 dum
1722 1742 2085 1824 provinciae
2141 1742 2509 1806 douationis
2556 1741 2673 1805 Ca-

358 1838 480 1901 roli
521 1837 610 1904 M.
669 1843 1112 1914 recensentur,
1172 1836 1509 1920 Neapolim
1567 1859 1701 1913 non
1759 1838 2096 1902 nominari.
2200 1836 2389 1901 Unde
2456 1838 2671 1902 admo-

355 1933 512 1997 dum
587 1923 852 1999 dubium
927 1938 1052 2018 est,
1134 1938 1351 1997 utrum
1425 1956 1651 1998 revera
1720 1934 1789 1997 in
1866 1935 2294 2017 promissione
2368 1933 2675 1998 Carisiaci

361 2030 536 2094 facta
600 2032 791 2096 etiam
852 2031 1151 2115 Neapolis
1219 2030 1892 2113 comprehenderetur.
1989 2031 2183 2095 Haud
2247 2034 2437 2094 tanta
2501 2031 2672 2094 enim

358 2130 460 2190 est
523 2127 695 2191 illius
760 2128 1121 2192 documenti
1181 2150 1293 2211 per
1361 2149 1428 2190 se
1492 2127 1764 2209 spectati
1826 2129 2201 2204 auctoritaie,
2271 2132 2345 2191 ut
2404 2132 2671 2204 constet,

356 2223 626 2286 omnino
672 2230 963 2289 accurate
1011 2224 1278 2287 indicari
1325 2246 1399 2287 ea
1450 2245 1615 2306 quae
1663 2224 1732 2287 in
1789 2225 2211 2307 promissione
2255 2222 2471 2307 Pipini
2520 2246 2674 2287 con-

359 2320 770 2396 tinebantur3
834 2320 945 2385 sed
999 2320 1213 2404 potius
1254 2320 1335 2383 ad
1390 2342 1680 2384 normam
1739 2321 2130 2385 narrationis
2186 2343 2349 2405 quae
2396 2322 2466 2384 in
2528 2318 2676 2382 Vita

363 2414 706 2481 Hadriani
774 2417 1049 2483 habetur
1107 2417 1233 2480 ista
1294 2417 1521 2481 relatio
1587 2417 1901 2501 exigenda
1964 2423 2077 2481 est.
2192 2418 2531 2481 Caeterum
2597 2417 2673 2480 cl.

363 2511 569 2578 Balan
638 2521 888 2594 censet,
959 2517 1151 2581 etiam
1220 2511 1560 2598 Neapolim
1629 2536 1854 2578 revera
1922 2516 2097 2578 inter
2164 2516 2277 2578 illa
2346 2514 2675 2578 territoria

359 2612 678 2692 promissa
726 2612 1069 2688 recenseri,
1127 2633 1325 2695 quum
1371 2609 1787 2693 Neapolitani
1827 2612 1966 2695 jam
2013 2616 2235 2687 antea,
2284 2612 2524 2694 rejecta
2570 2615 2674 2691 ty·

360 2707 635 2771 ‘rannide
692 2708 1156 2792 Imperatorum
1214 2707 1773 2784 iconoclastarum,
1833 2707 2110 2771 Romani
2152 2706 2484 2772 Pontificis
2532 2730 2673 2791 pro·
2750 2752 2753 2755 -

357 2804 632 2868 tectioni
675 2826 813 2868 sese
861 2801 1379 2887 commiserint.²)

542 2960 642 3023 76.
707 2959 941 3035 Quodsi
1002 2982 1152 3025 vero
1213 2960 1577 3043 Stephanus
1639 2960 1724 3025 Π.
1789 2962 2050 3044 ejusque
2112 2984 2504 3027 successores
2567 2984 2671 3026 us-

359 3079 488 3140 que
565 3055 644 3120 ad
711 3056 1115 3120 Hadrianum
1191 3059 1263 3121 in
1339 3058 1467 3120 suis
1535 3058 1614 3121 ad
1688 3056 1993 3140 Pipinum
2058 3064 2123 3123 et
2191 3059 2488 3123 Carolum
2566 3059 2675 3122 lit-

361 3154 548 3230 teris,
624 3157 976 3235 provocent
1049 3175 1122 3217 ac
1189 3154 1367 3218 illam
1437 3155 1608 3236 pacis
1679 3155 2172 3219 conventionem
2248 3178 2412 3239 quae
2481 3156 2673 3219 annis

359 3250 492 3312 754
539 3253 604 3313 et
652 3249 776 3313 756
824 3271 969 3313 cum
1011 3250 1358 3332 Aistulpho
1406 3250 1574 3313 inita
1620 3254 1785 3329 erat,
1840 3250 1991 3314 inde
2036 3251 2287 3314 nullum
2334 3274 2675 3337 argumen-

358 3350 500 3409 tum
565 3350 790 3410 contra
856 3346 1268 3411 donationem
1327 3367 1437 3409 seu
1504 3347 1991 3429 promissionem
2053 3350 2442 3414 anteriorem
2502 3349 2674 3413 Cari·

354 3442 515 3507 siaci
576 3442 816 3506 factam
881 3443 1106 3507 deduci
1167 3448 1400 3525 pot-est.
1511 3442 1775 3506 Etenim
1837 3465 1954 3526 per
2012 3445 2189 3510 illam
2253 3468 2472 3529 pacem
2530 3468 2673 3509 cum

361 3538 712 3622 Aistulpho
776 3545 1043 3622 petente
1109 3538 1435 3623 Stephano
1493 3538 1574 3603 ΙΙ.
1649 3539 1910 3617 initam,
1996 3544 2329 3625 promissio
2391 3565 2502 3608 seu
2566 3543 2676 3606 do-

2729 2977 2968 3020 Solvuntur

2751 3038 2934 3091 objecta.

360 3636 546 3699 natio
615 3636 904 3701 anterior
974 3637 1176 3701 veluti
1239 3657 1549 3718 suspensa
1611 3639 1771 3700 erat.
1887 3637 2095 3713 Quum
2163 3639 2469 3704 Pontifex
2527 3640 2676 3704 hor·
2761 3707 2762 3710 Ἴ

364 3737 539 3797 reret
595 3732 968 3796 ulteriorem
1031 3733 1406 3796 effusionem
1465 3732 1833 3814 sanguinis»,
1892 3733 1973 3796 ab
2034 3736 2467 3801 anterioribus
2525 3759 2678 3801 con-

355 3827 523 3892 siliis
591 3828 894 3893 recedens
959 3851 1179 3914 regem
1249 3829 1483 3911 movit,
1555 3838 1629 3892 ut
1688 3851 1812 3912 pax
1896 3832 2387 3897 concluderetur
2457 3834 2675 3898 condi·-

354 3925 646 3989 tionibus
716 3926 922 3990 multo
990 3926 1476 4010 benignioribus
1547 3947 1661 4007 pro
1733 3924 2196 4011 Longobardis.
2309 3928 2387 3992 In
2456 3930 2674 3994 eadem

541 4168 583 4235 ²)
619 4168 819 4223 Leonis
859 4169 961 4223 III.
1003 4186 1084 4237 ep.
1126 4172 1172 4223 1.
1215 4170 1342 4225 Cod.
1384 4169 1565 4225 Carol.
1605 4172 1687 4225 ed.
1726 4170 1888 4237 Jaffe‚
1925 4187 1976 4238 p.
2014 4173 2135 4224 308.
2350 4170 2394 4241 ²)
2434 4171 2496 4225 L.
2537 4187 2580 4225 c.
