3270 5028
1136 428 1468 483 convocatio
1508 428 1757 483 Concilii.
2526 432 2596 482 47

291 566 625 633 habebitis.
716 567 810 633 Et
867 568 926 633 si
980 569 1237 651 quidem
1283 568 1546 650 utrique
1603 568 2046 649 convenerint,
2105 588 2237 634 ecce
2293 568 2479 646 bene‚·
2539 567 2598 633 si

291 669 511 730 autem
574 664 841 731 minime
909 665 1353 744 convenerint,
1427 664 1670 730 iterum
1734 685 1880 730 cum
1948 665 2125 730 omni
2191 664 2599 730 humanitate

291 781 397 825 eos
441 761 528 827 ad
568 783 686 827 nos
738 762 1021 845 diriqere
1080 761 1434 844 sataqatis,
1499 762 1658 843 quia
1702 761 1949 827 dudum
2002 761 2239 826 ibidem
2288 782 2414 843 pro
2465 761 2599 826 zelo

287 856 441 937 fidei
497 877 573 924 ac
626 864 1008 924 sanctarum
1064 859 1431 943 imaqinum
1494 857 1783 941 reliqiosi
1839 858 1971 923 viri
2026 879 2102 924 ac
2158 858 2290 923 Dei
2356 857 2600 940 famuli

290 953 538 1035 directi,
580 954 655 1021 in
686 954 882 1020 eoeilio
914 955 1099 1020 missi
1144 959 1317 1035 sunt,
1362 958 1422 1020 et
1454 955 1655 1020 bonae
1686 954 2106 1038 confessionis
2138 954 2338 1037 hujus
2367 953 2599 1021 mundi

286 1050 607 1130 finierunt
649 1051 868 1118 vitam.

470 1203 573 1267 53.
636 1200 1003 1266 Hadrianus
1076 1204 1266 1267 etiam
1334 1205 1660 1268 instanter
1726 1205 2039 1288 postulat,
2106 1208 2179 1268 ut
2247 1205 2599 1268 restituant
2665 1214 2890 1256 Hadriani

291 1296 725 1382 Imperatores
775 1299 1175 1383 vpatrimonia
1239 1298 1300 1364 S.
1365 1300 1539 1364 Petri
1615 1301 1695 1365 ab
1759 1300 2130 1365 orthodoxis
2205 1300 2599 1385 principibus
2657 1275 2896 1328 ⁹⁰⁵mlata’

291 1395 372 1459 ad
419 1395 979 1459 concinnationem
1037 1396 1450 1460 luminarium
1506 1400 1570 1461 et
1622 1397 1990 1462 alimoniam
2048 1419 2398 1482 pauperum
2447 1399 2600 1463 olim

290 1492 551 1570 collata,
624 1513 877 1556 necnon
955 1493 1509 1557 consecrationes·
1544 1495 1983 1578 episcoporum
2051 1493 2199 1559 Sedi
2272 1493 2599 1560 Romanae

292 1611 370 1652 ex
421 1589 621 1653 veteri
675 1589 823 1671 jure
879 1593 1333 1672 competentes.
1423 1588 1634 1654 Porro
1691 1593 1752 1654 et
1803 1589 1946 1671 hoc,
2003 1591 2252 1668 scribit,
2313 1594 2600 1656 vestrum

290 1705 333 1749 a
382 1684 525 1748 Deo
590 1687 967 1749 coronatum
1031 1704 1106 1749 ac
1156 1684 1535 1766 piissimum
1587 1685 1918 1768 poscimus
1973 1684 2348 1768 imperium,
2411 1691 2487 1752 ut
2540 1687 2599 1752 si

290 1801 511 1846 veram
572 1785 631 1845 et
693 1779 1113 1846 orthodoxam
1175 1785 1439 1846 sanctae
1503 1782 1851 1848 catholicae
1910 1782 2204 1847 ecclesiae
2258 1782 2599 1848 Romanae

288 1877 589 1943 nitimini
645 1876 942 1959 amplecti
998 1877 1216 1957 fidem,
1277 1878 1445 1943 sicut
1491 1878 1862 1960 antiquitus
1905 1879 1984 1944 ab
2045 1879 2418 1944 orthodoxis
2463 1879 2596 1943 Im-

286 1973 728 2058 peratoribus,
806 1995 920 2039 seu
993 1994 1035 2039 a
1110 1974 1379 2039 caeteris
1446 1975 1828 2042 christianis
1892 1975 2188 2056 fidelibus
2253 1975 2466 2041 oblata
2538 1979 2599 2040 et

289 2092 583 2137 concessa
628 2076 785 2137 sunt
828 2070 1242 2154 patrimonia
1298 2071 1466 2137 beat-i
1511 2072 1698 2137 Petri
1749 2073 2204 2155 Apostolorum
2251 2073 2596 2156 principis,

286 2168 577 2251 fautoris
641 2167 867 2249 vestri,
941 2168 1016 2233 in
1075 2167 1406 2252 inteqrum
1475 2169 1818 2234 restituere
1884 2169 2245 2252 diqnemini
2303 2191 2428 2254 pro
2500 2170 2596 2235 lu-

372 2265 729 2331 'nariorum
786 2264 1390 2331 concinnationibus
1444 2266 1648 2331 eidem
1692 2265 1824 2330 Dei
1877 2265 2172 2332 ecclesiae
2227 2270 2420 2349 atque
2475 2266 2595 2331 ali-

290 2286 528 2426 monis
577 2381 966 2444 pauperum.
1081 2361 1224 2426 Imo
1287 2367 1349 2426 et
1404 2361 1912 2428 consecrationes
1969 2362 2596 2446 archiepiscoporum

289 2480 404 2525 seu
449 2457 915 2543 episcoporum,
974 2459 1143 2525 sicut
1193 2458 1443 2525 olitana
1499 2462 1749 2524 constat
1799 2457 2097 2539 traditi0,
2138 2464 2399 2527 nostrae
2445 2459 2593 2525 dioe-

290 2556 448 2621 cesis
508 2554 850 2621 existentes
908 2556 1176 2639 penitus
1247 2556 1550 2621 canonice
1613 2560 1876 2621 sanctae
1932 2557 2272 2623 Romanae
2334 2561 2598 2623 nostrae

288 2652 730 2718 restituantur
791 2652 1108 2733 ecclesiae,
1170 2657 1246 2718 ut
1307 2673 1718 2735 nequaquam
1773 2652 2051 2719 schisma
2109 2652 2284 2719 inter
2341 2675 2592 2720 concor·

288 2748 467 2814 diam
521 2769 937 2831 perseverare
998 2750 1211 2814 valeat
1274 2750 1692 2815 sacerdotum.
1770 2789 1852 2796 —
1928 2751 2065 2827 Qua
2134 2753 2466 2817 occasione
2528 2759 2595 2817 et

288 2848 628 2930 primatum
695 2846 979 2911 vindicat
1044 2846 1321 2911 Romani
1383 2846 1748 2923 Pontificis‚
1813 2850 2192 2913 successoris
2255 2848 2328 2913 B.
2394 2848 2592 2924 Petri,

287 2942 477 3023 cuius
536 2940 711 3006 sedes
768 2941 842 3007 in
892 2945 1021 3006 toto
1085 2942 1232 3007 orbe
1284 2941 1585 3025 primatu
1653 2942 1966 3026 funqens,
2038 2947 2233 3026 caput
2304 2943 2595 3008 omnium

287 3037 421 3103 Dei
473 3038 883 3104 ecclesiarum
937 3038 1289 3104 constituta
1343 3043 1452 3103 est.
1511 3077 1598 3086 —
1659 3040 1910 3106 Iudicat
1968 3046 2180 3106 autem
2225 3040 2594 3105 Hadrianus

286 3135 407 3200 hoc
470 3137 607 3200 loco
672 3136 991 3201 dioeceses
1052 3137 1326 3219 Illyrici,
1397 3135 1651 3202 Siciliae
1717 3144 1782 3202 et
1843 3137 2074 3202 Italiae
2136 3137 2595 3214 meridionaliS,

287 3254 445 3317 quas
493 3232 918 3314 Imperatores
962 3233 1361 3298 iconomachi
1407 3234 1545 3319 juri
1598 3233 2070 3318 patriarchatus
2119 3233 2393 3300 Romani
2441 3233 2593 3297 sub-

283 3334 640 3393 traxerant.

466 3467 570 3530 54.
631 3467 934 3533 Pontifex
980 3468 1128 3533 dein
1172 3471 1618 3554 conqueritur,
1682 3469 1850 3553 quod
1896 3469 2159 3535 Tarasio
2206 3470 2438 3534 titulus
2486 3493 2592 3555 pa·

285 3562 606 3629 triarchae
653 3563 1038 3630 oecumenici
1083 3567 1429 3632 tribuatur.
1522 3564 1763 3630 Mirati
1808 3585 2063 3644 sumus,
2118 3566 2371 3649 inquid,
2427 3560 2600 3647 quod

284 3661 358 3726 in
421 3658 654 3723 vestris
712 3661 1164 3743 imperialibus
1217 3661 1432 3745 jussis
1484 3683 1613 3745 pro
1674 3661 2065 3744 patriarcha
2130 3661 2347 3744 reyiae
2411 3661 2596 3727 urbis

284 3758 524 3826 scilicet
582 3756 857 3823 Tarasio
920 3758 1212 3838 directis,
1290 3758 1729 3824 Universalem
1789 3758 1884 3823 ibi
1941 3757 2303 3841 reperim-us
2362 3778 2594 3823 exara·

285 3861 425 3924 tum
436 3880 462 3940 ,·
520 3856 629 3922 sed
674 3860 901 3922 utrum
949 3877 1074 3939 per
1122 3854 1549 3940 imperitiam,
1608 3860 1727 3921 aut
1766 3854 2078 3932 schisma,
2135 3854 2233 3919 vel
2276 3853 2594 3920 haeresim

282 3955 666 4039 iniquorum
710 3952 1027 4035 scriptum
1075 3957 1183 4032 est,
1230 3952 1628 4037 iqnoramus.
1677 4002 1690 4017 .
1745 4002 1757 4015 .
1808 4002 1820 4016 .
1869 3950 2192 4034 Deinceps
2245 3951 2591 4017 suademus

283 4058 534 4119 vestrae
580 4049 1106 4118 clementissimae
1166 4048 1619 4132 imperialique
1663 4048 2020 4132 potentiae,
2077 4051 2153 4113 ut
2207 4047 2473 4113 minime
2518 4048 2592 4113 in

282 4170 560 4216 suarum
591 4147 1050 4214 exarationum
1081 4146 1245 4211 serie
1292 4145 1693 4212 Universalis
1719 4143 2140 4224 describatur,
2174 4144 2333 4227 quia
2365 4149 2595 4210 contra
