3270 5028
929 455 1139 511 Causae
1175 465 1567 525 praeparantes
1604 457 1985 526 principatum.
2548 463 2616 514 91

310 598 527 659 tamen
604 593 759 661 haec
821 596 1106 675 ecclesia,
1175 616 1339 678 quae
1403 617 1536 662 uno
1600 597 1937 680 eodemque
2006 603 2285 681 tempore
2352 599 2618 681 clericis,

310 692 756 772 monasteriis,
802 692 1238 776 pauperibus,
1286 692 1555 776 popuZO,
1613 699 1809 776 atque
1851 694 2124 779 insuper
2168 696 2623 780 Lonqobardis

313 792 451 852 tam
518 789 729 854 multa
794 789 1238 871 indesinenter
1305 789 1633 873 expendit,
1704 811 1837 856 ecce
1904 791 2115 857 adhuc
2182 813 2264 858 ex
2331 793 2622 859 omnium

308 883 725 951 ecclesiarum
758 885 1091 969 premitur
1136 886 1519 969 afflictione,
1576 907 1742 968 quae
1796 887 1872 951 de
1916 887 2037 953 hac
2087 889 2292 955 unius
2339 890 2623 957 hominis

310 980 619 1063 superbia
683 982 962 1049 multum
1028 988 1328 1066 qemunt,
1400 983 1521 1049 etsi
1590 983 1764 1049 nihil
1831 983 2040 1050 dicere
2097 990 2554 1068 praesumunt.
2574 986 2621 1068 1)

313 1078 559 1144 Eodem
620 1086 906 1165 tempore
974 1082 1296 1146 scribebat
1360 1080 1741 1147 Sebastiano
1821 1083 2115 1166 episcopo
2185 1084 2622 1149 Rhiziniensi:

328 1173 467 1240 Uno
513 1179 794 1259 tempore
838 1197 1066 1242 curam
1112 1176 1550 1260 episcoporum
1603 1182 1798 1260 atque
1844 1177 2249 1259 clericorum,
2301 1183 2622 1245 monaste-

313 1269 569 1338 riorum
615 1294 862 1355 quoque
907 1277 968 1337 et
1001 1273 1235 1356 populi
1272 1294 1516 1357 qerere,
1574 1278 1800 1340 contra
1847 1274 2131 1340 hostium
2175 1275 2458 1341 insidias
2503 1277 2624 1342 sol-

315 1368 568 1434 licitum
610 1369 903 1454 viqilare,
952 1375 1179 1436 contra
1210 1371 1447 1436 ducum
1490 1371 1801 1453 fallacias
1831 1374 2025 1454 atque
2068 1372 2363 1438 malitias
2408 1394 2623 1456 suspe-

315 1471 489 1531 ctum
534 1487 782 1550 semper
827 1467 1126 1548 existere,
1175 1469 1364 1552 cujus
1411 1466 1670 1547 laboris,
1719 1469 1907 1552 cujus
1951 1467 2193 1536 doloris
2237 1468 2352 1549 sit,
2410 1473 2627 1535 vestra

311 1563 707 1645 fraternitas
763 1569 946 1630 tanto
997 1564 1219 1631 verius
1254 1569 1507 1647 penset,
1571 1568 1817 1647 quanto
1875 1586 1975 1629 me
2029 1565 2144 1648 qui
2199 1564 2353 1631 haec
2398 1565 2626 1649 patior

305 1659 553 1742 purius
593 1659 845 1744 amatfi')

491 1777 594 1839 12.
658 1776 867 1852 Quum
929 1776 1173 1841 deesset
1236 1777 1475 1860 passim
1544 1775 1971 1841 exarcharum
2028 1776 2421 1855 sollicitudO,
2491 1779 2626 1861 ipse

315 1871 664 1956 Gregorius
711 1874 978 1938 curabat
1024 1894 1165 1936 cum
1215 1873 1631 1948 auctoritate,
1696 1876 1770 1936 ut
1828 1873 2122 1937 civitates
2180 1877 2405 1937 contra
2449 1872 2625 1939 Lon-

312 1969 629 2055 gobardos
675 1969 1190 2034 defenderentur.
1284 1968 1550 2053 Scripsit
1601 1969 1776 2033 enim
1823 1968 2022 2047 clem,
2087 1969 2298 2035 ordini
2344 1974 2409 2034 et
2455 1970 2626 2054 plebi

314 2065 379 2130 N
382 2067 642 2150 epiensi,
688 2065 1034 2131 Leontium
1091 2089 1129 2130 a
1187 2089 1254 2131 se
1312 2067 1390 2131 ad
1439 2088 1544 2130 eos
1598 2065 1804 2144 mitti,
1868 2068 1980 2150 qui
2035 2087 2255 2130 eorum
2302 2066 2627 2131 civitatem

311 2167 572 2228 curaret
614 2167 1025 2248 regeretque3
1073 2163 1126 2226 si
1158 2162 1313 2247 quid
1356 2164 1425 2227 in
1474 2185 1618 2227 eum
1665 2163 2067 2227 contumacia
2100 2162 2200 2227 vel
2247 2166 2623 2246 contemptu

315 2265 719 2344 peccaretur,
781 2261 842 2324 id
880 2261 950 2324 in
996 2282 1064 2325 se
1111 2266 1176 2324 et
1221 2260 1291 2324 in
1337 2259 1775 2343 Apostolicam
1822 2257 2047 2324 Sedem
2100 2258 2625 2326 redundaturum.

226 2368 229 2375 ’
319 2355 596 2421 Leontio
657 2355 810 2421 huic
871 2355 1014 2420 viro
1076 2353 1438 2420 clarissimo
1491 2353 1943 2437 praesentium
1995 2354 2338 2437 portitori,
2402 2375 2630 2421 curam

315 2451 944 2536 sollicitudinemque
988 2450 1276 2517 civitatis
1327 2450 1776 2535 injunximus,
1833 2455 1909 2517 ut
1953 2450 2029 2518 in
2085 2451 2334 2517 cunctis
2389 2450 2628 2536 inviqi-

317 2551 466 2616 lans
532 2570 698 2632 quae
765 2549 851 2615 ad
912 2549 1266 2614 utilitatem
1330 2552 1611 2613 vestram
1675 2548 1774 2612 vel
1847 2547 2239 2631 reipublicae
2299 2548 2631 2631 pertinere

318 2648 662 2731 diqnoscet,
711 2647 847 2729 ipse
891 2646 1210 2729 disponat.
1258 2697 1271 2710 .
1322 2695 1335 2708 .
1380 2645 1660 2727 Ideoque
1699 2645 2101 2711 dilectionem
2145 2650 2424 2711 vestram
2471 2645 2629 2710 scri-

311 2744 452 2828 ptis
488 2743 948 2827 praesentibus
1001 2743 1453 2821 admonemus,
1502 2746 1825 2824 quatenus
1877 2742 1937 2807 ei
1995 2741 2291 2807 exhibere
2340 2742 2626 2808 obedien-

320 2842 486 2907 tiam
544 2841 618 2906 in
668 2839 965 2906 omnibus
1020 2839 1315 2905 debeatis.
1362 2888 1376 2903 .
1424 2889 1437 2904 .
1501 2838 1814 2921 Quisquis
1875 2859 2199 2922 conqruae
2255 2839 2396 2922 ejus
2456 2839 2629 2905 ordi-

319 2936 581 3004 nationi
625 2936 957 3017 restiterit,
1010 2941 1274 3002 nostrae
1318 2936 1640 3001 resultare
1685 2934 2099 3018 dispositioni
2142 2933 2631 3018 coqnoscetur.³)

318 3072 408 3081 —
474 3035 930 3100 Constantium
999 3035 1333 3098 tribunum
1401 3033 1578 3097 misit
1639 3034 1750 3117 qui
1812 3040 2067 3117 regeret
2131 3037 2196 3096 et
2259 3032 2633 3096 defenderet

322 3132 693 3215 Neapolim,
761 3153 882 3196 nec
942 3132 1143 3196 multo
1202 3135 1349 3214 post
1411 3130 1726 3194 militibus
1786 3131 2152 3214 gratulatus
2217 3133 2314 3193 est
2370 3128 2630 3206 litteris,

319 3227 491 3313 quod
536 3234 671 3294 tam
729 3228 1008 3311 expediti
1051 3232 1117 3291 et
1177 3227 1416 3290 alacres
1463 3226 1729 3290 tribuno
1785 3226 2353 3309 obtemperassent.
2446 3222 2633 3289 Sicut

323 3330 385 3390 et
422 3345 600 3390 nunc
644 3323 1038 3389 devotionem
1081 3326 1362 3387 vestram
1414 3320 1644 3404 fecisse
1697 3320 2072 3400 didicimus,
2137 3339 2301 3402 quae
2346 3319 2662 3403 epistolis.

320 3422 586 3500 nostris,
635 3419 870 3502 quibus
902 3418 1320 3501 maqnificum
1363 3417 1583 3482 virum
1637 3415 2090 3482 Constantium
2139 3416 2478 3483 tribunum
2525 3437 2631 3482 cu-

325 3518 572 3584 stodiae
616 3515 905 3582 civitatis
959 3514 1413 3598 deputavimus
1456 3533 1758 3596 praeesse
1774 3564 1788 3591 ,
1840 3513 2105 3595 paruit,
2164 3517 2226 3578 et
2280 3534 2634 3597 conqruam

323 3613 640 3681 militaris
694 3613 1048 3679 devotionis
1105 3610 1528 3678 obedientiam
1586 3608 2129 3694 demonstravit.4)
2188 3646 2273 3656 —
2329 3610 2509 3687 Quod
2556 3611 2634 3675 ad

325 3735 651 3779 murorum
695 3734 845 3777 vero
899 3710 1251 3775 custodiam
1314 3713 1596 3793 spectat,
1664 3707 1812 3771 dum
1872 3706 2113 3771 bellum
2164 3712 2229 3773 et
2285 3708 2634 3772 necessitas

325 3814 648 3895 urgerent,
694 3831 833 3873 eam
880 3807 1187 3891 episcopis
1223 3805 1717 3889 diligentissime
1766 3804 2236 3869 commendavit
2269 3803 2632 3887 GregoriuS,

325 3908 686 3990 noluitque,
733 3910 807 3968 ut
854 3903 1083 3987 aliquis
1129 3903 1570 3967 immunitates
1617 3905 1683 3965 et
1727 3900 2064 3985 privilegia
2110 3901 2409 3965 ecclesiae
2455 3915 2634 3984 prae-

508 4117 549 4183 1)
586 4117 647 4169 L.
685 4116 787 4170 ΠΙ.
825 4131 908 4183 ep.
946 4117 1031 4168 34.
1771 4110 1817 4177 ²)
1855 4110 1992 4165 Ibid.
2032 4127 2114 4179 ep.
2153 4112 2239 4164 35.

510 4194 554 4263 ³)
591 4195 728 4262 Epp.
765 4194 827 4247 L.
864 4194 938 4246 Π.
976 4209 1061 4262 ep.
1100 4196 1149 4247 8.
1764 4189 1809 4258 ⁴)
1848 4190 1906 4243 L.
1948 4191 2074 4244 XII.
2114 4206 2195 4257 ep.
2236 4191 2321 4243 24.

2681 1400 2698 1511 l
