3270 5028
534 338 555 381 f

306 1447 441 1490 Ratio
469 1445 624 1498 agendi

349 1507 585 1561 Episcopo·

412 1581 522 1612 rum.

579 2896 595 2972 l,

642 421 746 470 238
990 417 1139 497 XVI.
1180 418 1388 472 Causae
1426 418 1665 472 celebres
1703 423 1760 471 et
1798 418 2111 473 Decretales
2149 417 2601 472 Pseudo-Isidori.

645 563 825 641 parte
889 580 1028 621 eam
1097 559 1341 642 profert
1401 560 1825 634 sententiam,
1895 581 2231 642 personam
2288 582 2453 644 quae
2517 564 2668 624 ante
2723 561 2959 623 matri·

644 656 928 718 monium
996 655 1312 718 incestum
1378 656 1797 735 commiserit,
1867 657 2015 740 jure
2096 656 2519 722 ecclesiastico
2596 655 2958 720 inhabilem

626 751 781 823 ¹fieri
827 751 905 815 ad
971 752 1450 816 matrimonium
1504 752 1879 816 ineundum.
1974 751 2459 817 Matrimonium
2517 753 2719 837 igitur
2776 753 2960 836 ejus-

642 849 813 912 modi
876 848 1154 912 feminae
1215 851 1469 913 nullum
1530 871 1694 924 esse,
1762 850 1968 913 virum
2030 849 2112 912 ab
2159 871 2235 912 ea
2293 849 2611 914 discedere
2664 848 2960 933 aliasque

645 944 904 1027 nuptias
951 945 1328 1009 concludere
1375 944 1635 1029 posse.¹)

821 1068 923 1130 20.
973 1067 1467 1145 ExistimamuS,
1545 1070 1642 1133 uti
1701 1068 2059 1145 innuimuS,
2135 1069 2470 1134 Hincmari
2524 1066 2811 1134 libellum
2873 1067 2960 1131 de
3053 1110 3056 1121 ι

644 1165 918 1228 divortio
965 1163 1259 1229 Lotharii
1310 1166 1446 1249 jam
1502 1170 1654 1228 ante
1710 1165 2024 1248 synodum
2082 1166 2342 1230 tertiam
2388 1165 2789 1250 Aquisgrani
2842 1165 2962 1228 ha-

645 1261 843 1324 bitam
913 1262 1274 1326 confectum
1348 1284 1482 1326 esse
1552 1267 1616 1325 et
1687 1262 2087 1344 praesulibus
2153 1264 2648 1327 transmissum·
2743 1261 2961 1338 Quum

645 1378 796 1421 vero
862 1357 1252 1421 Hincmarus
1329 1359 1539 1443 quoad
1615 1359 2060 1441 quaestionem
2128 1359 2284 1423 facti
2352 1363 2418 1424 et
2489 1358 2695 1443 quoad
2756 1359 2960 1422 ratio-

647 1475 796 1519 nem
860 1476 985 1538 qua
1050 1476 1234 1518 causa
1299 1454 1704 1538 Teutbergae
1762 1458 2045 1520 tractata
2099 1460 2264 1534 erat,
2332 1456 2526 1539 plane
2587 1455 2964 1519 dissentiret

646 1551 726 1614 ab
771 1550 899 1614 illis
947 1551 1284 1634 episcopis,
1343 1573 1575 1636 eosque
1631 1553 1838 1617 acrius
1884 1552 2276 1636 sugillasset,
2333 1552 2399 1616 id
2443 1554 2767 1636 praesules
2815 1573 2960 1616 non

645 1647 1096 1724 attenderunt,
1158 1648 1267 1711 sed
1326 1649 1396 1712 in
1452 1671 1567 1712 sua
1624 1650 2050 1732 perstiterunt
2108 1649 2461 1727 sententia,
2525 1650 2792 1713 crimina
2853 1670 2959 1712 re-

643 1744 834 1828 ginae
912 1749 1065 1807 ante
1139 1746 1619 1810 matrimonium
1701 1735 2032 1809 commissa
2113 1765 2248 1809 esse
2322 1746 2614 1829 probata.
2732 1744 2959 1821 Quoad

645 1840 1085 1924 quaestionem
1139 1842 1307 1925 juris
1369 1847 1580 1907 autem
1644 1842 1930 1906 eamdem
1987 1843 2371 1906 sententiam
2435 1864 2509 1907 ac
2566 1841 2961 1906 Hincmarus

645 1938 769 2020 ipsi
829 1937 1106 2020 amplexi
1167 1942 1352 2023 sunt,
1417 1940 1777 2022 meritoque
1850 1939 2265 2022 supponitur,
2337 1939 2459 2005 hac
2519 1940 2589 2003 in
2648 1961 2717 2003 re
2780 1938 2959 2002 illius

646 2033 931 2097 libellum
991 2033 1080 2098 eis
1142 2057 1272 2099 non
1337 2036 1583 2101 modico
1645 2030 1789 2100 usui
1850 2035 2064 2100 fuisse.
2122 2073 2210 2082 -—
2267 2035 2561 2121 Apparet
2622 2059 2699 2101 ex
2758 2034 2957 2112 hisce,

646 2130 959 2213 principia
996 2132 1164 2213 juris
1212 2131 1530 2197 Ecclesiae
1584 2134 1654 2195 in
1703 2154 1772 2196 re
1826 2133 2285 2197 matrimoniali
2346 2155 2421 2198 ea
2474 2137 2686 2198 aetate
2741 2133 2958 2200 minus

647 2233 976 2310 perspecta
1040 2228 1234 2293 fuisse
1281 2227 1632 2292 Galliarum
1699 2229 2036 2312 episcopis,
2095 2251 2168 2293 ac
2231 2231 2477 2295 facilius
2543 2252 2648 2295 eos
2708 2231 2960 2295 laxiora

647 2345 782 2386 esse
845 2328 1115 2388 secutOS.
1224 2323 1415 2388 Haud
1482 2325 1901 2408 improbabile
1972 2331 2097 2402 est,
2172 2327 2238 2390 id
2303 2327 2453 2391 inde
2517 2327 2753 2410 partim
2815 2348 2961 2410 pro·

646 2420 926 2495 venisse,
984 2420 1152 2503 quod
1214 2421 1485 2485 nimium
1547 2422 1702 2505 quid
1761 2423 2008 2506 legibus
2066 2424 2358 2488 civilibus
2425 2446 2499 2488 ea
2555 2426 2625 2488 in
2684 2445 2752 2488 re
2798 2445 2957 2488 con-

647 2514 995 2595 cederetur,
1045 2520 1239 2601 atque
1281 2517 1511 2581 laxiori
1551 2520 1689 2602 juri
1734 2519 1899 2584 civili
1949 2520 2198 2584 facilius
2239 2523 2732 2587 ecclesiasticum
2775 2543 2960 2606 prae·

648 2614 816 2676 sules
878 2614 1357 2678 conformarent
1417 2620 1482 2678 et
1537 2614 1960 2700 miscerent.²)
2052 2618 2400 2700 Attamen,
2461 2619 2558 2684 uti
2601 2620 2739 2703 jam
2791 2618 2958 2681 dixi-

651 2731 810 2787 mus,
853 2710 922 2772 in
965 2710 1209 2793 synodo
1254 2714 1449 2775 tertia
1480 2713 1992 2796 Aquisgranensi
2026 2714 2151 2778 duo
2196 2715 2522 2798 praesules
2559 2715 2961 2792 dissidenteS,

651 2805 764 2888 qui
821 2806 1117 2871 videntur
1170 2807 1364 2871 fuisse
1422 2808 1795 2891 Arnulphus
1849 2808 2170 2875 Tullensis
2227 2815 2291 2876 et
2340 2811 2690 2897 Hungarus
2736 2810 2961 2876 Ultra-

640 2895 1025 2984 jectensiS,3)
1096 2904 1166 2967 in
1225 2925 1340 2968 suo
1399 2901 1607 2968 libello
1669 2909 1818 2988 apte
1879 2906 2285 2972 vindicarunt
2345 2932 2499 2973 vera
2555 2909 2721 2993 juris
2783 2909 2958 2991 prin·
3063 2941 3072 2950 .
3138 2951 3147 2959 -

830 3124 870 3195 ¹)
911 3120 1020 3193 „In'
1047 3128 1148 3181 hoc
1180 3127 1315 3194 loco,
1354 3128 1437 3181 ait
1471 3128 1528 3182 in
1563 3130 1920 3199 responsione
1957 3134 2026 3187 ad
2063 3134 2553 3203 interrogationem
2579 3134 2723 3201 XII.,
2760 3152 2811 3203 p.
2838 3136 2961 3199 643,

651 3205 718 3258 de
765 3220 830 3258 ea
867 3205 956 3259 vel
1007 3207 1071 3260 de
1119 3222 1182 3261 eo
1235 3208 1447 3274 agitur,
1495 3209 1586 3275 qui
1635 3215 1765 3264 ante
1817 3210 2013 3265 initum
2058 3213 2367 3283 legitimum
2413 3214 2725 3283 conjugium
2767 3230 2964 3281 perpe-

652 3287 805 3337 trato
842 3283 1055 3337 incestu
1071 3327 1084 3351 ,
1132 3285 1432 3354 legitimum
1466 3287 1604 3354 quod
1638 3288 1829 3345 habere
1864 3294 2082 3359 poterat
2122 3292 2229 3347 sibi
2265 3293 2404 3349 tollit
2444 3293 2806 3363 cony'uyiumf‘
2877 3293 2963 3347 Eo

652 3360 932 3428 pertinent
980 3363 1147 3417 etiam
1186 3380 1249 3417 ea
1287 3381 1423 3433 quae
1461 3366 1597 3420 dicit
1645 3368 1715 3421 ad
1751 3368 2246 3439 interrogationem
2282 3373 2464 3439 XXI.,
2512 3377 2695 3426 utrum
2738 3389 2862 3439 rex,
2913 3372 2964 3425 si

655 3438 886 3494 crimina
922 3441 1106 3495 uxoris
1142 3443 1372 3509 probata
1410 3444 1539 3511 sint,
1577 3462 1696 3500 eam
1733 3463 1892 3514 quam
1920 3449 2188 3504 habuerat
2225 3451 2573 3505 concubinam
2612 3454 2804 3507 ducere
2840 3468 2965 3520 pos-

620 3585 623 3588 Α
655 3518 747 3571 sit.
819 3519 887 3572 Id
923 3521 1246 3586 permissum
1285 3537 1402 3577 esse
1440 3524 1666 3590 statuit,
1717 3526 1792 3592 „si
1829 3533 1927 3581 aut
1962 3543 2101 3582 uxor
2145 3529 2408 3598 legaliter
2453 3537 2679 3599 accepta
2717 3535 2774 3587 et
2808 3530 2967 3585 inno-

653 3596 745 3649 xia
797 3612 929 3665 erga
976 3598 1131 3652 illum
1180 3600 1432 3667 inventa,
1487 3608 1705 3664 mortua
1751 3604 1920 3660 fuerit
1968 3622 2212 3673 corpore,
2268 3608 2359 3663 vel
2416 3608 2464 3662 si
2519 3609 2748 3665 inventa
2792 3609 2968 3665 fuerit

655 3675 838 3729 anima
875 3678 1010 3731 adeo
1048 3681 1285 3744 mortua,
1332 3684 1394 3733 ut
1430 3680 1601 3748 ipsius
1641 3700 1760 3737 cum
1811 3700 1874 3738 ea
1918 3685 2109 3751 copula
2148 3685 2390 3741 incestus
2441 3694 2498 3744 et
2533 3690 2682 3743 nullo
2719 3690 2969 3760 conjugii

654 3755 870 3809 nomine
930 3757 1268 3824 deputandus
1321 3760 1586 3828 legaliter
1648 3762 2057 3831 comprobetur“
2119 3765 2194 3831 (p.
2252 3766 2395 3832 672).
2484 3769 2552 3821 In
2606 3769 2969 3836 responsione

656 3834 728 3886 ad
771 3834 1263 3903 interrogationem
1310 3838 1460 3894 XIX.
1520 3841 1591 3894 ad
1634 3858 1752 3900 rem
1805 3858 2085 3910 perperam
2130 3844 2371 3911 applicat
2419 3846 2585 3900 etiam
2633 3847 2970 3904 Hincmarus

660 3928 919 3966 canonem
956 3917 1023 3967 61
1062 3913 1291 3968 Concilii
1327 3915 1670 3986 Agathensis
1708 3920 1776 3974 de
1810 3921 2067 3977 nullitate
2118 3924 2493 3993 conjugiorum
2529 3925 2972 3982 incestuosorum

655 3992 731 4058 (p.
772 3992 915 4058 668).
992 3991 1097 4046 cfr.
1138 3993 1368 4048 Sdralek
1405 3996 1441 4049 1.
1482 4013 1525 4051 c.
1565 3999 1614 4065 ἕ.
1654 4000 1739 4065 26,
1775 4015 1826 4066 p.
1868 4002 1985 4054 133.

837 4069 880 4135 ²)
919 4070 1025 4125 Cir.
1066 4071 1294 4126 Sdralek
1330 4073 1365 4127 l.
1407 4092 1450 4127 c.
1491 4074 1539 4145 ξ.
1577 4080 1662 4130 29.

835 4147 879 4216 ⁸)
917 4149 982 4204 V.
1021 4151 1246 4207 Sdralek
1283 4152 1318 4205 l.
1359 4170 1402 4207 c.
1440 4170 1492 4222 p.
1534 4158 1652 4209 150.
