3270 5028
1178 424 1601 478 Dissertationis
1638 423 1867 477 indoles,
2639 425 2672 475 3

364 564 805 648 tranquillitas
838 566 1348 649 perturbaretur,
1405 565 1731 630 Romanos
1766 564 2111 629 Pontifices
2148 565 2523 647 praesertim
2553 566 2672 627 im-

367 663 714 744 prudenter
778 684 845 725 se
907 683 980 725 ac
1031 662 1459 726 intoleranter
1518 662 1583 725 in
1652 683 1727 725 ea
1781 682 1850 724 re
1906 660 2197 744 gessisse.
2247 696 2330 705 —
2392 659 2493 724 Ad
2552 660 2671 725 hoc

369 756 875 821 confirmandum
939 757 1095 822 satis
1156 765 1255 822 est
1324 780 1397 822 ea
1455 760 1703 842 legere,
1768 780 1934 841 quae
1995 757 2064 820 in
2129 754 2434 820 Historia
2499 754 2672 820 Scri-

362 855 626 934 ptorum
685 852 1255 919 ecclesiasticorum
1318 852 1648 918 litteraria
1708 852 2073 918 Guilelmus
2137 851 2301 917 Cave
2357 854 2673 936 perstrin-

364 951 464 1034 git
522 948 597 1014 in
659 954 995 1032 conspecta
1065 948 1307 1015 saeculi
1355 948 1807 1015 iconoclastici.
1916 949 2291 1014 Contemnit
2351 949 2520 1012 enim
2583 949 2673 1013 ibi

364 1053 791 1111 memoratum
854 1050 1143 1131 superius
1204 1048 1560 1131 imaginum
1626 1048 1902 1122 cultum,
1975 1068 2088 1130 per
2151 1045 2675 1129 superstitionem

364 1143 548 1206 illum
613 1145 936 1210 invectum
998 1146 1118 1219 ait,
1185 1146 1357 1228 leges
1420 1147 1648 1207 contra
1701 1145 2015 1226 imagines
2070 1143 2237 1206 latas
2294 1164 2674 1207 commemo-

363 1244 467 1303 rat
526 1242 724 1305 veluti
780 1242 1134 1324 sapientes,
1197 1242 1633 1324 promulgatas
1692 1240 1774 1303 ab
1830 1239 2194 1304 hominibus
2251 1239 2403 1302 boni
2463 1239 2671 1321 reipu-

364 1337 569 1401 blicae
631 1342 696 1402 et
739 1336 1062 1401 Ecclesiae
1122 1337 1454 1412 studiosiS,
1523 1340 1879 1400 conventus
1944 1335 2025 1399 ab
2086 1335 2395 1418 episcopis
2458 1336 2674 1400 icono-

365 1434 639 1499 clasticis
698 1455 813 1517 per
859 1436 985 1496 vim
1041 1437 1411 1515 metumque
1464 1433 1719 1497 habitos
1766 1433 1969 1496 veluti
2026 1432 2349 1514 legitimos
2393 1431 2676 1496 traducit

366 1538 433 1594 et
478 1534 791 1614 tanquam
836 1529 1223 1594 auctoritate
1271 1529 1620 1612 praeditos,
1685 1528 2004 1594 Ecclesiae
2051 1532 2407 1592 conventus
2451 1528 2673 1592 catho-

366 1628 518 1691 licos
587 1648 739 1691 vero
805 1628 1162 1709 vituperat,
1230 1627 1556 1712 Romanos
1620 1624 1969 1690 Pontifices
2039 1625 2247 1688 cultus
2314 1624 2670 1707 imaginum

366 1728 710 1788 assertores
786 1729 1188 1808 aspernatur,
1276 1729 1471 1806 atque
1545 1723 2026 1786 oecumenicum
2105 1720 2423 1786 Ecclesiae
2500 1721 2676 1785 habi·

365 1825 503 1883 tum
569 1821 637 1884 in
700 1841 776 1883 ea
839 1842 1029 1884 causa
1090 1819 1448 1884 Concilium
1509 1820 1854 1903 septimum
1918 1818 2174 1894 irridet,
2238 1820 2417 1901 cujus
2478 1818 2676 1901 parti-

366 1919 533 1999 cipes
588 1917 967 1999 praesertim
1026 1916 1273 1979 fuerint
1336 1914 1570 1979 miselli
1622 1914 1850 1995 utique
1908 1912 2209 1977 monachi
2252 1911 2671 1994 patriarcha-

365 2033 516 2077 rum
580 2010 851 2076 nomina
920 2031 994 2075 ac
1050 2030 1370 2093 personas
1437 2010 1765 2093 splendide
1826 2008 2131 2075 ementiti.
2238 2008 2319 2073 In
2386 2010 2672 2073 eamdem

364 2110 757 2174 sententiam
832 2111 1083 2173 locutus
1162 2114 1258 2171 est
1335 2109 1411 2172 de
1487 2112 1839 2172 memorata
1913 2108 2346 2171 controversia
2423 2103 2673 2169 Moshe-

367 2205 539 2269 mius
596 2206 665 2269 in
724 2203 945 2269 Instit.
1008 2202 1184 2268 Hist.
1248 2203 1420 2269 Eccl.
1485 2223 1642 2268 saec.
1705 2202 1893 2267 VIII.
1957 2202 2029 2266 P.
2087 2200 2184 2266 II.
2251 2222 2331 2266 cc.
2387 2202 2434 2265 2
2494 2205 2556 2265 et
2613 2202 2672 2265 3.

366 2282 596 2366 Totam
643 2302 948 2385 denique,
996 2309 1069 2366 ut
1116 2310 1403 2366 caeteros
1446 2305 1873 2386 praeteream,
1930 2305 2166 2376 totam,
2214 2300 2505 2384 inquam,
2554 2299 2675 2362 hu-

358 2402 466 2483 jus
534 2399 690 2462 facti
757 2399 1091 2462 historiam
1159 2396 1492 2461 Potterias
1562 2398 1903 2481 perturbat
1983 2399 2050 2461 in
2127 2419 2242 2460 suo
2318 2417 2505 2478 opere
2572 2393 2677 2460 De

367 2493 612 2578 l'esprit
655 2492 731 2558 de
777 2493 1044 2578 l'quise
1098 2494 1270 2560 Toni.
1317 2493 1416 2560 II.
1467 2516 1514 2559 c.
1563 2494 1677 2573 19,
1729 2495 2036 2579 illamque
2092 2496 2160 2558 in
2218 2493 2673 2560 catholicorum

365 2594 632 2678 dedecus
678 2598 1049 2658 convertere
1093 2591 1482 2668 conatur“.¹)
1526 2629 1615 2638 —
1657 2592 1875 2670 Vides,
1925 2593 2366 2676 quaestionem
2413 2592 2489 2656 de
2533 2591 2678 2655 hae·

366 2691 491 2755 resi
551 2690 1094 2754 Iconoclastarum
1164 2698 1301 2753 tum
1368 2693 1604 2754 natura
1668 2711 1783 2753 sua
1837 2693 1902 2753 et
1961 2695 2223 2772 propter
2287 2692 2555 2752 eventus
2618 2689 2679 2752 ei

369 2809 719 2866 connexOS,
793 2790 934 2849 tum
1011 2791 1274 2870 propter
1343 2787 1695 2851 calumnias
1764 2786 2268 2850 adversariorum
2337 2784 2676 2863 Ecclesiae,

366 2884 533 2949 haud
594 2883 926 2947 mediocris
991 2904 1129 2947 esse
1192 2882 1518 2947 momenti.
1614 2882 1708 2946 Ut
1754 2905 1904 2946 vero
1962 2905 2040 2946 ex
2096 2882 2318 2947 ordine
2378 2904 2541 2966 quae
2598 2883 2678 2947 ad
2780 2871 2790 2880 ’

366 2982 540 3045 illam
591 2985 871 3043 aetatem
923 2981 1254 3062 pertinent
1299 2984 1790 3063 pertractemus,
1848 2987 1913 3044 et
1960 2980 2313 3043 accuratior
2366 2979 2680 3043 habeatur

367 3076 603 3141 notitia
662 3075 1047 3139 conditionis
1123 3098 1337 3139 rerum
1403 3075 2004 3151 ecclesiasticarum,
2074 3076 2349 3157 primum
2409 3096 2675 3159 agemus

367 3172 442 3237 de
492 3169 774 3237 Concilio
828 3170 1144 3237 Trullano
1200 3191 1275 3236 ac
1328 3171 1404 3236 de
1458 3175 1639 3237 statu
1686 3192 1910 3236 rerum
1969 3174 2122 3235 ante
2176 3174 2490 3234 exortam·
2527 3169 2675 3236 hae-

367 3268 563 3332 resim
629 3266 1211 3347 Iconoclastarum,
1288 3270 1437 3333 dein
1495 3268 1570 3332 de
1632 3266 2190 3332 Iconoclastarum
2251 3266 2531 3345 haeresi,
2602 3267 2677 3331 de

373 3363 656 3430 Concilio
712 3364 1108 3430 oecumenico
1165 3364 1464 3447 septam,
1521 3370 1587 3429 et
1645 3362 1720 3427 de
1777 3361 2106 3428 eventibus
2155 3367 2307 3444 post
2360 3362 2475 3428 hoc
2522 3362 2678 3429 Con·

369 3461 610 3527 cilium.

545 3585 603 3648 4.
671 3584 934 3649 Consuli
993 3588 1263 3667 possunt
1321 3584 1396 3648 de
1448 3583 1548 3647 his
1611 3583 2094 3667 quaestionibus
2152 3586 2411 3666 praeter
2467 3583 2678 3647 varios

369 3686 660 3746 auctores
720 3702 877 3765 quos
934 3681 1004 3744 in
1067 3680 1559 3745 Dissertationis
1622 3679 1988 3743 evolutione
2047 3680 2415 3758 citabimus,
2475 3678 2676 3744 Baro-

369 3778 516 3841 nius
564 3782 629 3843 et
669 3776 858 3861 Pagi,
914 3775 1157 3841 Annal.
1204 3774 1342 3839 eccl.
1388 3810 1470 3821 -—
1519 3775 1712 3859 Pagi,
1761 3773 2191 3840 Breviarium
2236 3773 2383 3840 hist.
2432 3773 2679 3857 Pontis.

367 3873 556 3938 Rom.
649 3911 725 3919 —
813 3872 1241 3957 NicephoruS,
1324 3870 1752 3937 Breviarium
1824 3870 2165 3952 historiae,
2245 3873 2339 3937 ed.
2409 3873 2678 3951 Petavii,

552 4150 589 4215 ¹)
628 4151 835 4213 Palma,
874 4151 1148 4205 Praelect.
1192 4150 1343 4202 Toni.
1382 4147 1453 4202 11.
1494 4166 1538 4202 c.
1578 4150 1624 4203 1.

2723 3621 2982 3675 Scriptores.
