3270 5028
1108 450 1190 503 De
1225 448 1579 505 institutione
1615 450 1855 518 Imperii.
2534 454 2640 505 187

329 592 586 668 derent,
650 589 1011 681 Orientales
1067 599 1286 656 tamen
1344 592 1492 655 inde
1539 591 1949 656 vehementer
1994 592 2222 655 offensi
2277 600 2457 671 sunt,
2518 616 2636 657 no-

327 710 473 750 vum
528 684 1472 772 Romanorum‘Imperatorem
1520 684 1867 773 agnoscere
1916 680 2296 766 noluerunt,
2354 710 2427 752 ac
2473 691 2635 753 varii
2680 684 2761 833 εγ

329 785 672 866 scriptores
704 783 878 848 inter
909 787 1278 869 praecipuas
1325 786 1699 868 posterioris
1729 785 2095 850 schismatis
2139 785 2423 848 rationes
2467 785 2641 850 hanc

326 876 684 959 afferunt.²)
802 880 962 945 Cum
1036 882 1263 947 Carolo
1339 882 1426 947 M.
1503 880 1758 966 quidem
1839 883 2102 966 ejusque
2174 882 2640 946 successoribus

324 977 750 1060 Imperatores
811 976 1068 1057 Graeci,
1139 982 1213 1042 ut
1260 977 1596 1043 Saracenis
1661 979 1959 1043 resistere
2021 982 2311 1061 possent,
2375 979 2635 1043 foedera

326 1074 764 1158 quaesierunt,
821 1076 931 1139 sed
986 1097 1105 1139 nec
1163 1097 1403 1139 nomen
1456 1076 1926 1158 Imperatorum
1977 1075 2416 1139 Romanorum
2475 1077 2636 1159 ipsis

322 1171 670 1235 voluerunt
726 1172 1099 1250 concedere,
1161 1194 1280 1236 nec
1329 1194 1426 1250 se,
1487 1193 1649 1256 quos
1708 1173 1875 1236 solos
1935 1172 2374 1236 Romanorum
2420 1171 2633 1255 Impe-

325 1272 586 1331 ratores
615 1289 750 1331 esse
797 1269 1306 1345 contendebant,
1368 1269 1538 1352 passi
1585 1274 1740 1334 sunt
1785 1269 1909 1333 dici
1955 1269 2383 1352 Imperatores
2433 1267 2633 1333 Grae-

322 1386 558 1428 corum.
654 1363 926 1429 Romam
984 1371 1181 1450 atque
1226 1365 1571 1449 Imperium
1631 1366 1753 1428 sibi
1801 1372 1875 1430 u't
1927 1366 2385 1450 proprietatem
2429 1365 2633 1430 vindi-

322 1461 593 1541 cabant3
669 1483 1015 1544 agnoscere
1077 1461 1542 1545 Imperatorem
1614 1462 1978 1527 Occidentis
2046 1461 2214 1525 idem
2281 1461 2434 1545 ipsis
2496 1468 2641 1526 erat
2694 1460 2766 1549 L·

322 1580 394 1621 ac
461 1558 836 1622 renuntiare
880 1556 1166 1641 Imperio
1229 1557 1486 1638 mandi,
1553 1582 1625 1624 ac
1690 1560 2072 1643 possessioni
2117 1559 2374 1641 Italiae,
2437 1582 2630 1642 quam
2730 1540 2740 1563 Ι

320 1676 386 1719 se
463 1659 949 1736 recuperaturos
1026 1657 1394 1739 sperabant.
1481 1691 1571 1701 -—
1642 1655 1963 1721 Referunt
2047 1657 2262 1739 plures
2339 1661 2630 1720 auctores

322 1750 550 1815 Graeci
596 1773 933 1835 suppareS,
993 1756 1068 1815 ut
1113 1752 1565 1835 Theophanem
1627 1753 1985 1834 Cedrenus‚
2039 1752 2354 1830 ZonaraS,
2417 1744 2629 1816 actum

319 1849 517 1913 fuisse
571 1847 648 1910 de
705 1848 1026 1913 connubio
1082 1850 1258 1913 inter
1303 1847 1602 1914 Carolum
1661 1849 1779 1926 M.,
1840 1851 2019 1933 cujus
2074 1871 2235 1914 uxor
2282 1848 2635 1931 Lutgardis

321 1966 491 2008 anno
538 1945 666 2007 800
712 1944 1099 2026 decesserat,
1147 1948 1212 2009 et
1259 1946 1509 2009 Irenem
1560 1946 2038 2029 Imperatricem
2087 1946 2370 2030 viduam,
2433 1949 2510 2009 ut
2556 1968 2630 2009 ea

318 2042 571 2106 ratione
618 2041 837 2105 unitas
879 2043 1135 2124 imperii
1198 2039 1621 2107 obtineretur.
1716 2041 2072 2125 Scriptores
2128 2043 2380 2126 quidem
2431 2040 2630 2105 Fran-

319 2161 536 2203 corum
599 2159 672 2201 ea
730 2136 807 2201 de
866 2160 937 2202 re
998 2143 1246 2215 tacent,
1309 2160 1428 2202 nec
1491 2138 1838 2223 Gregorius
1903 2138 2347 2216 HarmatoluS‚
2407 2144 2634 2203 auctor

321 2235 599 2300 Graecus
676 2256 980 2311 coaevus,
1058 2236 1368 2320 ejusmodi
1442 2236 1904 2320 negotiationis
1980 2235 2137 2299 facit
2216 2237 2626 2300 mentionem.

319 2332 620 2395 Rumoris
666 2333 908 2396 occasio
955 2331 1121 2396 forte
1164 2332 1311 2410 fuit,
1359 2333 1528 2415 quod
1576 2355 1650 2396 eo
1691 2335 1978 2415 tempore
2021 2332 2260 2416 legatio
2293 2331 2504 2396 Caroli
2539 2331 2633 2397 M.

319 2428 876 2511 Constantinopoli
927 2433 1318 2518 versaret4ur3
1377 2450 1494 2492 nec
1545 2451 1660 2511 per
1717 2449 1785 2491 se
1832 2428 2158 2492 ullatenus
2208 2428 2626 2512 improbabile

318 2548 453 2591 esse
510 2525 798 2602 videtur,
861 2526 992 2589 tale
1057 2527 1392 2591 consilium
1450 2524 1748 2589 Carolum
1805 2524 1892 2591 M.
1959 2527 2217 2609 cepisse.
2324 2526 2440 2590 At·
2479 2549 2627 2590 mox

317 2625 509 2688 Irene
555 2644 593 2686 a
634 2620 999 2704 Nicephoro
1048 2644 1081 2685 e
1128 2623 1367 2688 throno
1413 2623 1662 2707 dejecta
1708 2626 1826 2686 est.
1864 2658 1953 2667 —
1997 2621 2407 2707 Eginhardus
2454 2623 2629 2687 iden-

316 2719 515 2785 tidem
575 2719 644 2782 in
706 2716 854 2781 Vita
912 2715 1129 2782 Caroli
1174 2718 1266 2782 M.
1330 2724 1786 2784 commemorat
1847 2719 2173 2783 infensum
2236 2718 2626 2784 Graecorum

317 2816 625 2880 animum.
719 2814 987 2879 Praeter
1047 2838 1120 2878 ea
1181 2837 1346 2899 quae
1407 2838 1483 2880 ex
1546 2838 1596 2879 c.
1644 2812 1759 2877 28⁰
1810 2817 1948 2899 jam
2004 2817 2366 2893 citavimUS,
2432 2818 2627 2880 etiam

317 2936 369 2979 c.
408 2910 519 2975 16⁰
547 2912 801 2976 scribit:
844 2909 1280 2993 Imperatores
1319 2910 1517 2975 etiam
1550 2909 1824 2990 offlam,
1872 2909 2296 2993 Nicephorus',
2343 2911 2632 2977 Michael

317 3013 378 3073 et
420 3008 584 3087 Le0‚
648 3006 825 3071 ultro
871 3006 1232 3072 amicitiam
1288 3011 1350 3071 et
1401 3006 1764 3072 societatem
1820 3007 1962 3089 ejus
2015 3011 2401 3089 expetentes,
2466 3030 2624 3074 com·

306 3104 534 3188 plures
578 3102 665 3168 ad
711 3124 856 3167 eum
902 3102 1132 3167 misere
1178 3101 1449 3186 Zeyatoe,
1499 3123 1644 3168 cum
1689 3102 1925 3186 quibus
1975 3141 2052 3149 —
2104 3109 2319 3170 tamen
2354 3110 2632 3187 propter

497 3313 532 3383 ¹)
571 3314 663 3368 Ita
689 3313 1084 3368 Constantinus
1111 3315 1395 3368 Manasses
1434 3314 1731 3369 historicus
1761 3316 2004 3369 Graecus
2029 3315 2205 3369 medio
2245 3317 2461 3371 saeculo
2498 3317 2628 3371 XII.

315 3395 535 3460 fiorenS,
575 3393 665 3460 qui
703 3393 1074 3460 compendium
1112 3393 1376 3447 historiae
1414 3394 1663 3447 versibus
1702 3393 2069 3461 concinnavit,
2108 3396 2281 3450 canit:

526 3471 686 3524 Λεὼν
723 3472 1028 3540 ἀναγορεύει
1065 3472 1297 3539 κρατέρα
1335 3480 1429 3540 τῆς
1466 3472 1808 3539 καλαιοτέρας
1839 3473 2066 3541 Ῥώμης.
2107 3475 2181 3540 (V.
2221 3474 2383 3544 4513)

533 3551 720 3609 Οὕτως
757 3552 788 3602 ὁ
821 3551 1013 3618 πρώην
1049 3551 1337 3617 σύνδεσμος
1374 3557 1481 3603 τῶν
1515 3551 1724 3603 πόλεων
1759 3551 1973 3620 ε’ῤῥάγη,
2011 3553 2088 3621 (v.
2127 3555 2276 3607 4520
2315 3556 2454 3623 sqq.)

528 3630 669 3681 οὕτω
706 3629 905 3697 μητρὸς
943 3629 1035 3682 καὶ
1072 3629 1334 3698 θυγατρὸς
1370 3629 1532 3696 μέσον
1568 3629 1760 3697 έπέπτη
1801 3631 2000 3698 σπάθη,

527 3709 813 3775 διχάζουσα
850 3708 942 3761 καὶ
979 3709 1236 3775 τέμνουσα
1271 3709 1402 3775 μετὰ
1439 3709 1618 3775 θυμοῦ
1657 3708 1926 3775 ῥομφαίας

525 3795 696 3840 νεανῖν
732 3788 829 3855 τὴν
863 3787 1228 3854 εὐπρόσωπον,
1267 3789 1363 3855 τὴν
1398 3787 1659 3854 νεωτέραν
1689 3787 1906 3855 Ῥώμην

527 3865 588 3918 ἐκ
627 3875 720 3934 τῆς
758 3866 976 3934 ῥυωσῆς
1015 3867 1107 3918 καὶ
1143 3867 1365 3924 παλαιᾶς
1402 3866 1494 3919 καὶ
1533 3866 1881 3933 τριπεμπέλου
1912 3867 2140 3935 Ῥώμης.

491 3945 705 4000 Recens
754 3941 1064 4012 Zampelios¹
1108 3946 1325 3999 Scribit:
1367 3945 1648 3998 Ἐντεῦθεν
1695 3944 1937 4013 ἀκριβῶς
1984 3946 2195 4014 ἄρχεται
2245 3949 2275 3998 ὁ
2321 3949 2629 4016 Πάπισμος,

316 4022 560 4076 ἐντεῦθεν
611 4023 668 4077 δὲ
715 4024 808 4077 καὶ
867 4023 924 4076 τὸ
965 4025 1159 4092 σχίσμα
1208 4031 1316 4076 τῶν
1371 4024 1674 4092 ἕκκλησίων
1728 4025 2034 4093 μεταβαίναι
2092 4027 2165 4084 εἰς
2214 4026 2393 4094 ἑτέραν
2442 4028 2619 4094 φάσιν.

319 4102 654 4168 (Βυζαντίναι
691 4103 926 4170 μελέται,
977 4102 1210 4157 Athenis
1254 4103 1429 4169 1857).
1517 4102 1624 4157 Cfr.
1677 4102 2113 4172 Hergenriither,
2163 4106 2424 4171 Photius,
2474 4107 2537 4159 B.
2576 4108 2625 4160 I.

319 4180 370 4234 S.
407 4182 531 4246 258,
566 4181 631 4234 B.
669 4181 744 4235 II.
786 4182 884 4234 171
924 4196 1039 4249 sqq.
