3270 5028
659 431 768 481 424
1338 428 1517 483 XVII.
1556 429 1639 483 De
1679 429 1971 484 schismate
2008 430 2295 484 PhotianO.

657 571 825 635 modi
874 570 1187 653 synodum
1234 593 1502 636 numero
1549 572 2029 653 praevalentem
2083 593 2403 654 opponere
2452 570 2739 636 Concilio
2799 593 3047 636 oecu-

619 729 620 732 ,
658 668 905 731 menico
952 671 1175 734 octavo
1221 666 1495 732 Photius
1546 668 1895 732 meditatus
1942 672 2058 731 est.

339 827 488 868 Photii
514 839 620 879 syn-

414 886 537 929 odus.

837 818 979 882 118.
1046 816 1279 881 Adhuc
1341 839 1561 881 mense
1623 815 1971 881 Novembri
2037 840 2091 880 a.
2156 817 2282 880 879
2349 818 2681 882 concilium
2751 815 3025 880 Photii

655 914 958 985 celebrari
1029 917 1322 995 coeptum
1379 918 1508 987 est3
1570 918 1827 996 praeter
1879 935 2298 997 permagnum
2358 914 2805 998 episcoporum
2868 936 3020 976 nu-

657 1032 929 1088 merum,
996 1009 1344 1074 adfuerunt
1398 1010 1625 1085 vicarii,
1688 1009 1799 1092 qui
1857 1010 2256 1092 patriarchas
2318 1008 2601 1074 Orientis
2659 1011 2759 1073 vel
2834 1010 3020 1073 ficte

652 1108 755 1170 vel
821 1108 1286 1190 quadamtenus
1349 1129 1496 1172 vere
1570 1107 2170 1190 repraesentabant,
2248 1111 2314 1169 et
2375 1107 2572 1191 legati
2635 1105 3015 1189 Apostoli-

652 1226 762 1268 cae
828 1202 1029 1268 Sedis.
1142 1203 1476 1268 Praesedit
1539 1207 1756 1266 autem
1818 1204 1952 1285 ipse
2013 1202 2317 1279 Photius;
2380 1225 2453 1266 ac
2514 1206 2652 1266 toto
2713 1203 2783 1265 in
2862 1203 3009 1266 hoc

537 1302 544 1307 ’
654 1302 917 1385 negotio
969 1302 1169 1386 legati
1215 1299 1521 1378 Romani,
1583 1305 1658 1363 ut
1716 1300 1809 1361 ait
1849 1298 2201 1375 BaroniuS,
2267 1319 2306 1363 a
2361 1298 2595 1363 Photio
2647 1303 2723 1363 ut
2784 1303 3005 1365 muta

674 1416 912 1479 pecora
924 1395 1107 1460 ducti
1153 1401 1336 1475 sunt,
1392 1416 1637 1479 magna
1697 1416 1842 1460 cuni
1890 1394 2074 1459 Sedis
2120 1394 2528 1477 Apostolicae
2579 1394 2999 1479 ignominia,

652 1497 729 1560 ut
803 1512 1145 1574 nunquam
1220 1498 1355 1557 tam
1429 1492 1696 1557 sordida
1767 1496 2024 1573 tamque
2094 1491 2374 1574 indiyna
2449 1492 2527 1556 ab
2595 1492 2999 1574 Apostolica

625 1590 813 1655 'Sede
882 1588 1115 1672 leyatio
1174 1589 1375 1653 missa
1437 1589 1673 1670 fuerit,
1753 1588 1812 1653 si
1880 1608 2032 1652 vera
2093 1609 2224 1652 esse
2287 1588 2648 1653 dimerimus
2713 1593 2777 1652 et
2838 1610 2996 1655 non

653 1688 921 1767 conficta
965 1691 1121 1750 sunt
1176 1707 1217 1751 a
1262 1684 1525 1765 PhotiO,
1585 1706 1748 1767 quae
1799 1684 1872 1749 in
1927 1705 2049 1750 sua
2107 1685 2349 1767 synodo
2409 1684 2998 1767 Constantinopoli

654 1783 963 1848 celebrata
1034 1782 1149 1847 hoc
1216 1803 1389 1848 anno
1460 1781 1844 1865 zeyuntmffl
1959 1783 2254 1866 Quinque
2332 1783 2710 1848 Actionibus
2781 1785 2993 1848 abso-

651 1883 787 1946 luta
831 1888 927 1944 est
974 1880 1297 1944 Photiana
1343 1878 1456 1943 illa
1502 1876 2108 1964 pseudosynodus.2)
2157 1915 2244 1923 —-
2292 1878 2627 1944 Actionem
2669 1877 2989 1961 primam

648 1978 924 2042 Photius
972 1977 1281 2061 eleganti,
1335 1976 1446 2039 sed
1504 1975 1746 2039 fastum
1808 1977 2070 2039 inanem
2131 1977 2423 2059 spirante
2479 1977 2768 2040 oratione
2819 2000 2987 2061 ape-

653 2076 812 2151 ruit,
884 2097 1009 2158 qua
1082 2073 1301 2138 multis
1355 2073 1436 2137 ad
1499 2073 1597 2136 sui
1667 2073 1860 2156 ipsius
1929 2073 2554 2137 commendationem
2625 2075 2984 2139 artificiose

650 2171 1043 2255 praemissiS,
1104 2171 1264 2235 falso
1312 2170 1732 2254 gloriabatur,
1781 2168 2098 2234 Joannem
2147 2168 2328 2232 VIII.
2379 2170 2741 2234 Romanum
2788 2171 2981 2235 Pon—

650 2269 886 2331 tificem
950 2268 1173 2351 agnita
1217 2287 1443 2331 causae
1506 2266 1835 2349 aequitate
1891 2266 1971 2328 ad
2014 2266 2227 2349 ipsum
2285 2265 2576 2349 rediisse,
2634 2272 2701 2329 et
2761 2268 2977 2331 hono-

651 2366 827 2428 rifica
881 2365 1204 2448 legatione
1251 2364 1459 2446 ipsum
1516 2364 1790 2444 priorem
1846 2362 2235 2426 convenisse.
2327 2364 2748 2428 Perorantem
2789 2362 2974 2427 Pho-

648 2463 811 2526 tium
862 2460 1111 2543 excepit
1154 2458 1441 2524 Joannes
1485 2458 1836 2524 Heracleae
1882 2459 1952 2523 in
2000 2457 2272 2523 Thracia
2318 2461 2760 2544 metropolita,
2813 2482 2970 2525 con—

647 2568 754 2623 tra
818 2558 1176 2623 Romanam
1240 2557 1570 2621 ecclesiam
1634 2561 1699 2620 et
1761 2578 2040 2619 summos
2098 2555 2451 2621 Pontifices
2510 2555 2847 2621 Nicolaum
2911 2558 2962 2621 Ι.

647 2667 716 2720 et
784 2654 1185 2719 Hadrianum
1242 2652 1354 2729 IL,
1436 2653 1614 2715 velut
1681 2654 1966 2717 omnium
2044 2655 2440 2717 tumultuum
2515 2657 2580 2718 et
2646 2655 2963 2718 malorum

649 2776 813 2837 quae
858 2753 927 2814 in
971 2751 1232 2816 ecclesia
1270 2748 1992 2832 Constantinopolitana
2039 2749 2419 2831 acciderant,
2469 2754 2532 2814 et
2577 2751 2797 2814 illatae
2842 2752 2967 2814 im-

571 2862 586 2865 “
651 2850 877 2914 merito
946 2847 1407 2930 persecutionis
1476 2848 1799 2920 auctores,
1871 2847 2231 2910 insolenter
2299 2844 2692 2923 declamans,
2771 2846 2967 2911 Joan-

646 2968 800 3010 nem
844 2942 1028 3009 VIII.
1080 2964 1226 3006 vero
1274 2942 1729 3006 commendans
1777 2942 1994 3020 effuse,
2043 2943 2211 3025 quod
2257 2964 2519 3006 suorum
2565 2943 2963 3007 decessorum

649 3041 937 3125 vestigiis
1001 3039 1171 3103 haud
1227 3039 1560 3113 insistens,
1622 3039 1922 3102 ecclesiae
1980 3039 2312 3123 utriusque
2363 3039 2681 3103 unitatem
2742 3040 2964 3104 mediis

645 3136 1266 3204 convenientissimis
1328 3139 1718 3217 procuraret.
1824 3135 1988 3198 Tum
2052 3133 2232 3200 Sedis
2290 3133 2700 3218 Apostolicae
2769 3137 2965 3219 legati

577 3226 580 3233 ”
647 3234 1033 3319 episcopalia
1066 3229 1447 3296 indumenta
1492 3236 1558 3295 et
1607 3231 2065 3315 patriarchicae
2097 3232 2376 3315 insignia
2423 3233 2759 3317 dignitatis
2796 3232 2967 3297 Pho-

647 3333 743 3396 tio
793 3329 1067 3396 Joannis
1130 3351 1329 3412 papae
1395 3329 1657 3393 nomine
1711 3329 2033 3406 obtulere,
2099 3330 2387 3412 quamvis
2445 3329 2548 3393 hic
2613 3329 2690 3392 de
2757 3330 2963 3393 condi-

646 3428 938 3492 tionibus
1000 3425 1118 3489 sub
1181 3426 1406 3508 quibus
1464 3448 1602 3489 eum
1665 3425 1972 3490 Pontifex
2036 3427 2454 3506 restituebat,
2518 3447 2636 3490 nec
2698 3427 2961 3490 verbum

647 3525 893 3588 faceret
939 3544 1058 3586 nec
1105 3523 1436 3606 cogitaret.

833 3659 976 3721 119.
1028 3655 1306 3722 Actione
1363 3656 1644 3721 secunda
1702 3657 1922 3721 habita
1971 3659 2071 3721 die
2125 3659 2234 3721 16⁰
2281 3657 2700 3737 NovembriS,
2760 3661 2958 3724 lectae

647 3761 804 3820 sunt
874 3756 1128 3818 litterae
1196 3754 1469 3819 Joannis
1515 3752 1699 3817 VIII.
1771 3756 2001 3817 summi
2074 3755 2408 3820 Pontificis
2473 3756 2551 3818 ad
2615 3756 2987 3840 Imperato-'

651 3874 784 3916 rem
848 3856 911 3915 et
973 3852 1051 3915 ad
1108 3850 1445 3928 Photium,
1507 3852 1586 3915 ab
1650 3851 1767 3915 hoc
1830 3853 1927 3915 uti
1982 3852 2258 3915 diximus
2325 3853 2766 3934 multipliciter
2830 3876 2956 3917 mu·

832 4077 874 4142 1)
915 4077 1001 4129 Ad
1041 4092 1088 4129 a.
1124 4079 1244 4129 879.
1284 4093 1333 4128 n.
1375 4078 1457 4128 62.

829 4155 869 4220 2)
908 4156 973 4208 V.
1015 4157 1157 4209 Acta
1195 4153 1398 4222 Synodi
1436 4170 1519 4220 ap.
1566 4155 1828 4209 Harduin.
1867 4154 2002 4209 Ooll.
2042 4156 2202 4210 Cone.
2232 4156 2296 4208 V.
2339 4157 2441 4208 213
2481 4172 2594 4224 sqq.
