3270 5028
1142 418 1506 473 Pontificatus
1544 418 1757 472 Nicolai
1792 420 1837 473 Ι.
2103 417 2122 435 “
2534 422 2639 472 213

505 561 608 623 52.
672 560 1032 636 Ludovicus
1091 557 1484 644 Imperator,
1549 561 1662 643 qui
1721 562 1913 643 paulo
1978 568 2130 625 ante
2192 566 2464 637 mortem
2524 559 2639 625 Be-

324 656 565 721 nedicti
611 655 819 721 Roma
863 657 1267 736 discesserat,
1324 655 1661 749 Pontificis
1716 659 1999 723 transitu
2051 659 2314 742 cognito
2372 658 2451 741 ad
2499 679 2638 722 eam

326 754 548 817 urbem
609 775 899 817 reversus
957 757 1073 817 est.
1177 754 1400 836 Atque
1457 753 1552 817 ita
1607 754 1835 818 electio
1891 755 2041 818 novi
2086 753 2420 821 Pontificis
2466 755 2640 819 facta

324 858 425 914 est
487 849 608 914 sub
669 850 807 933 ejus
861 849 1110 914 influxu
1171 850 1520 933 personali3
1590 853 1881 914 attamen
1936 852 2174 936 clerus,
2234 873 2520 936 proceres
2574 856 2639 915 et

323 947 668 1030 optimates
736 947 1031 1010 unanimi
1100 969 1416 1012 consensu
1485 945 1926 1030 dignissimum
2003 949 2208 1011 virum
2286 949 2354 1011 in
2426 948 2638 1012 Ponti-

320 1042 505 1106 ficem
555 1042 891 1125 elegerunt
939 1040 1286 1107 Nicolaum
1316 1041 1375 1113 L
1422 1041 1807 1126 Romanum,
1854 1045 1954 1108 cui
2002 1065 2356 1129 cognomen
2400 1042 2879 1133 Qqffiffllaus
2907 1048 2948 1089 1·

323 1138 406 1202 ob
451 1138 902 1225 pontificatum
951 1138 1276 1222 praeclare
1331 1145 1587 1223 gestum
1644 1144 1870 1223 postea
1917 1141 2140 1205 datum
2189 1143 2305 1206 est.
2398 1141 2635 1225 Magno

320 1235 557 1319 gaudio
602 1234 658 1297 is
709 1233 1015 1299 Pontifex
1065 1237 1334 1301 affectus
1397 1241 1497 1300 est
1549 1236 1961 1300 conversione
2011 1236 2457 1314 Chazarorum,
2507 1236 2639 1302 Mo-

321 1353 622 1396 ravorum
693 1337 759 1395 et
826 1330 1284 1416 Bulgarorum3
1357 1336 1570 1396 exstat
1644 1332 1839 1396 etiam
1907 1333 2175 1398 celebris
2236 1332 2490 1398 Nicolai
2560 1333 2639 1397 ad

321 1426 636 1512 Bulgaros
709 1427 999 1511 epistola,
1071 1451 1198 1513 qua
1264 1428 1341 1491 de
1417 1429 1539 1492 106
1611 1431 2102 1512 quaestionibus
2173 1430 2250 1494 ad
2314 1432 2504 1494 fidem
2573 1433 2639 1494 et

321 1523 726 1607 disciplinam
782 1525 1224 1607 spectantibus
1274 1524 1559 1604 disserit,
1624 1547 1859 1611 easque
1903 1529 2226 1610 responsis
2271 1527 2398 1591 suis
2443 1528 2662 1591 resor-¹

321 1621 436 1686 vit.
535 1619 814 1704 Negotia
870 1626 1087 1685 autem
1142 1622 1331 1705 plura
1385 1624 1614 1686 summi
1670 1625 1976 1687 momenti
2031 1623 2338 1687 Pontifex
2397 1623 2637 1708 insigni

321 1717 539 1801 vigore
593 1716 893 1800 digessit,
958 1722 1023 1783 et
1079 1718 1462 1802 dignitatem
1521 1721 2094 1802 auctoritatemque
2140 1718 2322 1784 Sedis
2368 1720 2638 1803 Aposto-

320 1813 481 1879 licae
543 1817 921 1878 constanter
973 1815 1325 1878 vindicavit
1381 1821 1449 1879 et
1507 1816 1803 1880 firmavit.
1899 1816 1995 1881 Eo
2062 1817 2372 1900 imprimis
2434 1819 2634 1905 perti-

319 1914 483 1974 nent
541 1932 765 1975 eausae
813 1908 1026 1976 variae
1073 1909 1427 1975 Hincmari
1485 1913 1760 1996 episcopi
1810 1912 2218 1991 RhemensiS,
2279 1911 2634 1977 divortium

320 2004 632 2070 Lotharii
691 2007 863 2091 regis
920 2007 1002 2072 ab
1059 2029 1253 2071 uxore
1312 2006 1712 2093 Teutberga,
1776 2018 1840 2073 et
1890 2007 2170 2074 schisma
2234 2007 2632 2073 Graecorum

321 2125 360 2166 a
405 2103 639 2168 Photio
688 2103 1058 2168 excitatum.

498 2201 603 2264 53.
666 2200 762 2264 De
820 2201 961 2273 istis
1021 2200 1338 2283 capitibus
1402 2202 1760 2289 accuratius
1822 2208 2082 2286 agemus
2143 2203 2439 2287 inferius;
2499 2204 2628 2268 suf-
2648 2213 2837 2254 Joannes
2878 2213 2963 2281 R?-

318 2298 495 2361 ficiat
552 2297 651 2361 his
712 2297 930 2379 paucis
989 2318 1480 2362 commemorare
1542 2320 1643 2371 ea,
1716 2320 1880 2381 quae
1942 2297 2245 2363 Nicolaus
2309 2300 2629 2382 praeclare
2668 2277 2949 2386 vemgssensm

317 2393 520 2477 gessit
572 2393 643 2456 in
702 2411 902 2477 ociosa
945 2391 1231 2456 Joannis
1287 2391 1565 2475 episcopi
1608 2393 2163 2476 Ravennatensi32
2220 2417 2411 2479 quem
2455 2396 2629 2460 Pon·

318 2490 480 2555 tifex
535 2489 900 2555 constantia
958 2511 1071 2553 sua
1126 2489 1206 2554 ad
1263 2489 1546 2555 debitam
1596 2491 2024 2556 obedientiam
2084 2492 2322 2577 adegit.
2423 2493 2627 2570 Quum

317 2587 505 2652 multi
582 2587 1073 2665 Ravennatum,
1147 2588 1257 2671 qui
1332 2610 1370 2651 a
1425 2588 1678 2653 Joanne
1753 2588 2222 2672 archiepiscopo
2298 2591 2369 2653 in
2444 2590 2632 2654 rebus

317 2689 385 2748 et
436 2684 605 2768 juris
661 2684 760 2747 sui
818 2685 1320 2767 proprietatibus
1377 2684 1777 2750 incommoda
1830 2686 2268 2762 sustinebant,
2333 2686 2411 2749 ad
2457 2684 2627 2751 Pon-

319 2781 550 2845 tificem
600 2781 930 2859 venirent,
989 2786 1064 2845 ut
1121 2804 1159 2845 a
1214 2782 1414 2845 tantis
1472 2782 1987 2865 oppressionibus
2043 2786 2449 2859 eruerentur,
2512 2783 2628 2848 Ni-

316 2879 534 2942 colaus
595 2877 805 2960 ipsum
874 2877 1416 2962 archiepiscopum
1481 2878 1713 2962 legatis
1782 2884 1846 2942 et
1910 2879 2140 2942 litteris
2204 2880 2458 2961 saepius
2521 2877 2625 2942 ad-

316 2975 597 3055 monuit,
669 2977 743 3038 ut
815 2996 854 3038 a
921 2974 1163 3038 talibus
1233 2974 1609 3039 abstineret.
1726 2974 2012 3039 Joannes
2080 2973 2416 3039 Pontificis
2480 2996 2629 3040 con·

315 3078 615 3137 temnens
664 3071 913 3136 monita
971 3070 1050 3133 ad
1097 3071 1416 3135 deteriora
1467 3091 1837 3154 progressus
1891 3074 2009 3135 est.
2101 3068 2269 3134 Nam
2318 3071 2627 3154 quosdam

313 3174 555 3233 temere
622 3167 1244 3243 excommunicabat,
1310 3167 1614 3251 quosdam
1678 3190 1716 3231 a
1781 3168 2149 3232 visit-atione
2212 3164 2393 3231 Sedis
2462 3168 2628 3251 Apo·

312 3265 577 3329 stolicae
646 3265 1004 3342 avertebat,
1075 3264 1483 3347 presbyteros
1552 3269 1619 3329 et
1674 3264 1975 3329 diaconos
2039 3283 2174 3328 non
2236 3264 2441 3329 solum
2507 3264 2629 3327 sibi

313 3362 667 3446 subjectOS,
735 3362 844 3426 sed
909 3362 1101 3425 etiam
1168 3382 1282 3444 per
1341 3359 1687 3425 Aemiliam
1740 3360 2127 3425 constitutos
2185 3364 2250 3425 et
2310 3360 2389 3424 ad
2457 3359 2628 3445 Apo·

312 3458 603 3522 stolicam
651 3456 881 3522 Sedem
937 3458 1342 3542 pertinentes
1403 3458 1542 3522 sine
1590 3457 1899 3522 canonico
1947 3456 2189 3541 judicio
2243 3457 2625 3543 deponebat,

314 3576 568 3638 necnon
632 3554 963 3618 Romanae
1029 3555 1331 3619 ecclesiae
1395 3555 1670 3637 plurima
1737 3552 1996 3636 praedia
2054 3554 2408 3619 auferebat.
2516 3553 2627 3618 Ni-

312 3652 527 3716 colaus
591 3650 909 3716 Joannem
977 3651 1225 3715 frustra
1290 3651 1685 3715 admonitum
1754 3654 1821 3713 et
1890 3649 1968 3712 ad
2027 3650 2344 3732 synodum
2404 3652 2623 3714 venire

313 3752 721 3813 recusantem
785 3750 1036 3812 demum
1101 3748 1549 3813 communione
1612 3747 1907 3831 privavit.
2016 3746 2303 3811 Joannes
2355 3745 2622 3830 Papiam

311 3843 390 3907 ad
421 3842 882 3927 Imperatorem
925 3844 1239 3929 confugit,
1285 3845 1395 3929 qui
1442 3843 1632 3907 initio
1679 3844 1736 3907 ei
1782 3864 1936 3906 suae
1981 3843 2400 3925 protectionis
2448 3844 2625 3906 auxi-

311 3940 397 4004 lia
460 3942 796 4006 concessit.
891 3938 1014 4005 Sed
1075 3942 1334 4025 quando
1395 3941 1691 4025 agnovit,
1755 3940 1985 4003 merito
2030 3938 2346 4003 Joannem
2412 3939 2493 4003 ob
2552 3961 2626 4003 ea

312 4058 477 4120 quae
549 4038 954 4102 commiserat
1028 4060 1066 4101 a
1130 4036 1396 4102 Nicolao
1459 4036 1773 4101 Pontifiee
1840 4058 1977 4100 esse
2043 4036 2372 4119 punitum,
2439 4058 2621 4118 opem

303 4133 442 4216 jam
501 4134 620 4216 ipsi
688 4155 816 4198 non
876 4135 1236 4217 praestitit,
1304 4133 1415 4198 sed
1478 4133 1731 4197 debitae
1796 4132 1916 4195 sub
1984 4132 2297 4196 Pontifice
2358 4132 2621 4195 submis-
