3270 5028
629 429 733 480 328
1306 424 1482 478 XVII.
1522 424 1605 480 De
1644 424 1940 479 schismate
1976 423 2265 479 Photian0.
2330 421 2337 426 ’

629 566 1048 651 peragebant.
1150 563 1276 630 Sed
1344 566 1599 651 quando
1671 565 1751 630 ob
1813 565 1940 630 alia
2002 567 2243 632 motiva
2310 565 2653 631 discordia
2694 566 2984 631 orieba-

628 669 740 727 tur
800 667 869 727 et
927 661 1272 746 oppositio,
1341 662 1527 726 facile
1589 662 1671 746 ab
1731 655 2096 730 hominibus
2159 662 2542 746 praesertim
2610 663 2978 747 angustio·

631 761 719 823 ris
782 758 1021 823 mentis
1085 762 1149 822 et
1207 758 1440 841 cordis,
1508 780 1583 823 ea
1648 779 1811 842 quae
1874 758 2107 823 ritibus
2170 759 2536 824 domesticis
2597 781 2728 822 non
2793 781 2981 824 con-

632 855 1007 936 veniebant,
1062 858 1134 920 ut
1189 854 1487 939 profana,
1543 855 1771 920 illicita
1817 859 1884 919 et
1930 876 2120 919 exosa
2174 856 2602 939 carpebantur
2647 861 2714 919 et
2756 878 2972 940 repu-

634 952 999 1017 diabantur.

814 1048 914 1134 12.
973 1048 1064 1111 At
1116 1044 1191 1111 i‘n
1233 1044 1428 1138 rebus
1477 1045 1819 1129 >reliqio‘ni55
1873 1048 2188 1132 paulatim
2235 1048 2438 1112 multo
2498 1048 2979 1132 etiam‘major

586 1135 1000 1209 'invaluerat
1045 1141 1407 1209 diversitas,
1491 1142 1790 1225 Etenim,
1846 1145 2128 1228 exceptis
2183 1144 2620 1210 fundamentis
2678 1145 2966 1230 dogma-

634 1245 772 1306 tum
834 1243 901 1304 ct
959 1240 1447 1305 constitutionis
1512 1239 1860 1318 Ecclesiae,
1925 1241 1996 1305 in
2057 1240 2354 1305 omnibus
2410 1241 2545 1305 fere
2608 1241 2966 1325 capitibuS,

633 1340 705 1402 in
767 1334 1169 1419 leqislatione
1229 1334 1684 1416 ecclesiastica,
1745 1338 1815 1401 in
1874 1334 2250 1418 disciplina,
2312 1338 2378 1402 in
2444 1335 2758 1419 theoloyia
2814 1345 2979 1402 trae·

635 1435 897 1509 ctanda,
956 1454 1313 1517 permagna
1368 1437 1510 1496 orta
1569 1438 1670 1498 est
1728 1433 2092 1498 differentia
2142 1435 2320 1498 inter
2374 1433 2817 1499 Occidentales
2879 1437 2964 1497 et

636 1529 1016 1594 Orientales,
1126 1528 1207 1593 In
1271 1528 1619 1593 Occidente
1683 1529 2067 1596 Pontificum
2138 1530 2538 1607 DecretaleS,
2613 1532 2967 1597 conversio
3040 1533 3055 1543 ‘

632 1627 928 1712 gentium
990 1626 1499 1709 germanicarum
1562 1627 2023 1709 septentrionis
2084 1649 2417 1712 moresque
2479 1650 2730 1706 earum,
2792 1651 2968 1711 syn-

633 1724 737 1788 odi
804 1722 1223 1806 provinciales
1289 1722 1707 1805 multipliceS,
1781 1714 2162 1807 capitularia
2218 1723 2429 1789 Caroli
2495 1724 2581 1788 M.
2650 1726 2952 1789 aliorum-

501 1835 510 1850 *
633 1842 757 1905 que
819 1819 1209 1903 principum,
1268 1819 1701 1883 evolutionem
1757 1825 2187 1903 opportunam
2234 1821 2402 1904 juris
2454 1823 2741 1886 canonici
2798 1843 2963 1905 pro-

634 1918 981 1994 duxerant,
1049 1916 1499 1999 institutisque
1568 1918 1854 2001 antiquis
1918 1939 2084 1981 nova
2144 1917 2361 1982 addita
2418 1922 2622 1983 erant.
2734 1917 2963 1982 Aliter

634 2013 826 2096 plane
871 2034 1009 2077 sese
1053 2013 1331 2077 habebat
1377 2013 1703 2097 legislatio
1753 2012 2059 2079 Orientis,
2136 2014 2295 2078 Inde
2342 2036 2379 2077 a
2424 2001 2709 2079 Concilio
2758 2014 2956 2079 Chal-

635 2109 977 2175 cedonensi
1029 2115 1286 2175 tantum
1339 2108 1438 2173 bis
1491 2132 1603 2193 per
1655 2111 1930 2193 synodos
1989 2112 2072 2191 (a.
2122 2110 2250 2175 692
2298 2114 2362 2176 et
2410 2110 2566 2195 787)
2622 2112 2782 2196 varii
2838 2134 2954 2178 ca:-

632 2228 839 2271 ·nones
898 2205 1334 2289 disciplinares
1397 2206 1639 2270 conditi
1698 2207 1902 2282 fuere3
1975 2210 2298 2271 caeterum
2359 2208 2681 2291 legislatio
2740 2207 2955 2292 Impe-

636 2304 865 2367 ratoris
936 2302 1395 2367 ecclesiasticae
1461 2302 1889 2387 legislationis
1955 2304 2221 2369 tenebat
2292 2306 2517 2369 locum.
2586 2340 2673 2349 —
2746 2305 2959 2369 Disci-

635 2400 816 2483 plina
862 2400 1286 2464 ecclesiastica
1331 2401 1535 2484 quoad
1584 2401 1823 2465 clerum
1874 2402 1999 2466 alia
2058 2403 2249 2485 plane
2297 2407 2437 2467 erat
2482 2403 2551 2466 in
2601 2401 2954 2467 Occidente

636 2519 826 2580 quam
887 2495 958 2560 in
1011 2492 1311 2571 Oriente,
1370 2498 1744 2580 praesertim
1777 2498 2015 2583 ‚quoad
2078 2496 2472 2563 coelibatum.
2564 2497 2688 2564 Sed
2751 2500 2953 2565 etiam

636 2595 707 2656 in
782 2590 1131 2674 disciplina
1208 2590 1671 2658 monachorum
1746 2601 1812 2660 et
1888 2597 1955 2660 in
2030 2588 2349 2661 exercitiis
2426 2598 2684 2681 pietatis
2755 2595 2961 2681 laico-0

637 2708 789 2753 ‘rum
866 2691 1069 2755 multa
1139 2690 1547 2764 differebant;
1632 2692 1795 2756 alius
1876 2696 2015 2757 erat
2077 2693 2417 2778 jejunandi
2497 2694 2749 2774 modus,
2821 2694 2954 2758 alia

579 2806 595 2816 .
639 2788 839 2863 festa,
912 2786 1083 2869 aliud
1156 2787 1587 2852 calendarium
1654 2789 2168 2854 ecclesiasticum.
2243 2826 2324 2835 —-
2392 2790 2494 2855 Ad
2566 2788 2955 2900 Q

639 2880 1076 2964 dogmaticam
1125 2883 1297 2966 quod
1359 2883 1628 2962 attinet,
1697 2885 1766 2949 in
1816 2884 2082 2950 Oriente
2141 2887 2380 2950 inertia
2440 2888 2750 2971 languida
2801 2908 2950 2951 suc-

640 2984 915 3044 cesserat
987 2979 1296 3044 anteriori
1373 2981 1711 3044 activitati.
1839 2980 2219 3046 Latinorum
2297 2984 2522 3047 Patres
2601 3005 2957 3068 eorumque

640 3098 857 3159 opera,
915 3076 1327 3159 quaestiones
1389 3077 1458 3140 in
1508 3076 1855 3142 Occidente
1900 3078 2214 3162 agitatae,
2276 3080 2371 3143 uti
2422 3080 2568 3144 illae
2614 3081 2691 3144 de
2737 3081 2958 3164 gratia

639 3177 706 3236 et
778 3171 1399 3255 praedestinatione,
1469 3173 1767 3238 haereses
1840 3179 2101 3249 exortae
2177 3182 2244 3239 et
2316 3178 2621 3261 rejectae,
2695 3179 2802 3242 vix
2876 3178 2948 3241 in

644 3267 905 3332 Oriente
974 3269 1549 3353 cognoscebantur.
1661 3271 1935 3335 Patrum
1997 3292 2366 3355 graecorum
2414 3295 2626 3357 .opera
2694 3273 2950 3356 quidem

645 3358 1006 3428 Orientales
1065 3365 1552 3455 pervolvebant,
1616 3367 1729 3431 sed
1784 3366 2007 3431 iisdem
2068 3367 2460 3453 theologiam
2505 3370 2708 3433 veluti
2763 3370 2953 3439 abso·

639 3462 847 3524 lutam
917 3482 990 3526 ac
1052 3460 1276 3544 plane·
1313 3461 1805 3529 determinatam
1875 3464 2218 3530 habebant.
2341 3465 2620 3529 Tantum
2699 3471 2946 3530 contro·

642 3557 884 3622 versiae
953 3557 1030 3620 de
1088 3557 1490 3642 Imaginibus
1543 3559 1990 3626 vehementius
2053 3562 2334 3644 agitatae
2395 3563 2690 3642 fuerunt,
2755 3566 2957 3646 atque

644 3662 803 3717 tunc
870 3652 932 3718 S.
1005 3652 1294 3719 Joannes
1362 3648 1797 3721 Damascenus
1869 3659 2108 3741 optime
2174 3656 2249 3721 de
2316 3658 2504 3722 rebus
2575 3658 2956 3743 theologicis-

645 3750 901 3814 meruit.
977 3750 1289 3815 Attamen
1323 3752 1516 3816 etiam
1547 3753 1684 3836 ipse
1729 3756 1941 3838 potius
1981 3754 2393 3836 antiquorum
2425 3754 2690 3818 Patrum
2740 3756 2955 3839 orienf-

645 3846 875 3910 talium
920 3845 1278 3911 doctrinam
1303 3851 1474 3931 ,apte
1519 3842 1828 3932 digessit,
1874 3871 2065 3935 quam
2122 3853 2195 3912 ut
2241 3850 2513 3916 ulterius
2559 3850 2951 3936 theologiam

648 3943 985 4007 evolveret.
1100 3942 1256 4008 Post
1329 3942 1794 4011 Damascenum
1867 3966 2048 4021 vere,
2126 3967 2198 4009 ac
2268 3951 2412 4029 post
2480 3948 2812 4012 victoriam
2873 3947 2953 4012 de

645 4037 1059 4104 Iconoclastis
1116 4043 1508 4122 reportatam
1563 4041 1853 4126 festoque
1903 4040 2334 4107 Orthodoxiae
2390 4045 2740 4128 quotannis
2787 4044 2952 4109 cele-

648 4135 933 4214 bratam,
994 4136 1328 4200 conclusae
1392 4136 1787 4202 videbantur·
1826 4139 2090 4202 omnino
2153 4138 2633 4224 disquisitiones
2701 4141 2948 4206 theolo-
