3270 5028
648 471 749 522 112
1169 467 1320 522 XIV.
1359 468 1442 523 De
1479 467 1632 521 civili
1666 469 1733 522 R.
1770 467 2056 522 Pontificis
2091 467 2420 536 principatu.

643 611 1015 675 Maurorum
1059 610 1460 693 aliorumque
1506 609 1786 674 hostium
1839 608 2313 675 incursionibus
2366 611 2534 672 esset
2578 609 2955 717 obnoxium,

643 729 816 772 anno
862 708 988 771 750
1035 708 1134 771 vel
1181 707 1305 770 751
1360 705 1754 771 Francorum
1811 727 2101 791 proceres
2156 705 2568 785 ecclesiast-ici
2622 711 2816 789 atque
2861 704 2952 769 ci-

644 805 801 869 viles
857 826 973 887 pro
1027 803 1368 887 utriusque
1422 802 1811 886 reipublicae
1868 802 2036 866 bono
2095 805 2161 866 et
2214 802 2560 866 securitate
2614 801 2952 866 consilium

643 900 935 964 inierunt
987 899 1325 964 abdicandi
1382 898 1811 964 Childericum
1856 897 2011 977 ΙΠ.,
2071 902 2138 962 et
2190 918 2434 999 regem
2463 896 2722 962 creandi
2775 896 2955 987 Pipi-

644 988 800 1081 ιιιιιιι
772 986 1412 1087 MaJoremdomuS,
1479 995 1646 1078 apud
1696 1000 1884 1080 quem
1932 1017 2155 1079 reapse
2199 1016 2445 1059 summa
2470 986 2776 1078 potestas
2811 995 2951 1078 jam

646 1077 806 1157 erat.
894 1080 1209 1156 Attamen
1254 1115 1451 1177 quum
1503 1093 1809 1176 antiquae
1853 1092 2136 1157 familiae
2184 1090 2711 1173 Merovingorum
2756 1111 2954 1154 vene-

644 1189 813 1254 ratio
856 1189 925 1253 in
975 1187 1267 1254 cordibus
1317 1188 1713 1254 Francorum
1770 1190 1967 1253 altius
2015 1188 2342 1267 resideret,
2356 1186 2401 1265 ¹)
2456 1209 2577 1252 nec
2629 1188 2786 1251 satis
2833 1188 2958 1252 cla·

643 1288 842 1362 reret,
900 1289 1118 1350 utrum
1168 1287 1318 1370 jura
1372 1287 1541 1351 illius
1590 1287 1664 1351 in
1721 1308 2021 1352 coronam
2083 1286 2324 1370 regiam
2383 1284 2606 1367 seponi
2664 1288 2953 1367 possent,

642 1381 709 1445 in
758 1386 946 1447 tanto
989 1383 1250 1467 negotio
1298 1382 1660 1447 adeundum
1706 1383 1883 1467 prius
1928 1387 2321 1448 censuerunt
2366 1380 2731 1446 Romanum
2776 1378 2950 1444 Pon-

333 1496 491 1548 Legati
493 1509 517 1537 ο
544 1402 629 1650 mlx
643 1479 908 1557 tificem,
983 1483 1210 1563 utpote
1274 1480 1688 1564 praecipuum
1761 1481 1831 1544 in
1896 1479 2247 1564 majoribus
2311 1460 2682 1562 disciplinae
2746 1476 2957 1541 causis

314 1557 609 1599 ²⁸⁰¹²³r¹⁸mp
644 1574 1020 1640 directorem
1069 1579 1134 1640 et
1179 1576 1518 1641 doctorem.
1609 1576 1690 1640 In
1731 1577 1903 1641 hunc
1947 1577 2143 1640 finem
2188 1575 2388 1660 legati
2430 1579 2588 1639 sunt
2631 1572 2952 1637 Burchar-

644 1671 763 1736 dus
811 1671 1144 1754 episcopus
1190 1672 1752 1783 Wirceburgensis
1799 1695 1873 1737 ac
1917 1672 2230 1737 Fulradus
2285 1672 2484 1736 abbas
2532 1667 2599 1736 S.
2646 1668 2951 1752 Dionysii

608 1771 713 1832 et
744 1767 1127 1851 Capelianus
1171 1769 1406 1852 regiuS‚
1454 1771 1562 1854 qui
1609 1775 1749 1835 tum
1782 1769 2020 1853 Pipini,
2065 1776 2205 1834 tum
2250 1768 2641 1833 Francorum
2688 1766 2953 1830 nomine

645 1863 1016 1929 Zachariam
1064 1887 1293 1950 papam
1351 1867 1860 1950 interrogarent,
1917 1869 2145 1931 utmm
2198 1863 2259 1928 is
2313 1863 2428 1946 qui
2482 1881 2733 1927 merum
2777 1860 2957 1944 reqis

588 1889 613 2100 ί
646 1979 896 2042 nomen,
941 1980 1032 2026 an
1076 1960 1136 2026 is
1182 1960 1297 2044 qui
1326 1961 1574 2046 reqiam
1603 1966 1988 2044 potestatem
2036 1960 2314 2041 haberet,
2360 1981 2480 2026 rex
2515 1962 2674 2024 esset
2716 1979 2949 2024 vocan-

643 2056 783 2122 dus·
787 2055 837 2140 2)
931 2058 1290 2143 Respondit
1334 2060 1677 2139 Pontifex,
1726 2061 1952 2125 melius
1999 2063 2194 2144 atque
2242 2059 2464 2122 utilius
2510 2079 2676 2134 esse,
2725 2061 2798 2121 ut
2843 2056 2956 2120 ille

597 2156 754 2305 xqui
806 2160 1195 2239 potestatem
1251 2157 1320 2221 in
1376 2179 1576 2243 regno
1634 2110 1915 2222 liabebat
1970 2178 2083 2221 rex
2135 2157 2584 2221 nominaretur
2642 2157 2709 2217 et
2762 2156 2955 2234 esset,

641 2272 834 2334 quam
881 2252 935 2315 is
981 2253 1093 2336 qui
1125 2275 1392 2318 vacuum
1424 2256 1594 2338 regis
1641 2275 1878 2319 nomen
1922 2255 2205 2339 gerebat.
2284 2252 2686 2336 Quapropter
2717 2249 2953 2314 Franci

640 2347 936 2415 abdicato
956 2348 1320 2436 Childerico
1352 2351 1864 2441 lII.Pp1num
1870 2353 1941 2415 in
1971 2372 2189 2462 regern
2237 2351 2589 2434 elegerunt.
2674 2347 2736 2412 Is
2775 2368 2955 2410 anno

644 2444 723 2510 75
730 2445 768 2507 2
822 2446 891 2509 in
935 2426 1198 2536 civitate
1238 2426 1691 2513 Suessionensi
1747 2450 1830 2513 ab
1888 2449 2192 2533 episcopis
2240 2445 2487 2510 Galliae
2548 2449 2781 2509 unctus
2828 2447 2948 2520 est,

641 2542 828 2619 (varii
871 2549 1164 2609 auctores
1209 2568 1247 2609 a
1295 2544 1358 2610 S.
1406 2545 1738 2611 Bonifatio
1792 2546 1858 2610 id
1917 2545 2159 2610 factum
2206 2541 2553 2624 referunt),
2617 2547 2683 2606 et
2729 2563 2947 2606 secun·

639 2638 790 2702 dum
846 2639 1122 2749 priscum
1169 2663 1409 2707 morem
1456 2644 1525 2707 in
1560 2625 1804 2708 solium
1858 2642 2109 2726 regium
2156 2641 2461 2705 elevatus·
2552 2637 2952 2703 Childericus

640 2758 790 2801 vero
848 2738 916 2800 in
973 2760 1100 2821 quo
1156 2739 1350 2804 series
1401 2762 1624 2825 regum
1684 2739 2157 2823 Merovingicae
2211 2737 2430 2819 stirpis
2487 2736 2703 2813 desiit,
2754 2736 2948 2817 juxta

638 2855 879 2897 morem
942 2834 1116 2899 illius
1169 2838 1403 2901 aetatis
1457 2845 1687 2910 tonsus
1744 2842 1811 2901 et
1856 2837 1927 2899 in
1973 2834 2361 2900 monasterio
2417 2832 2483 2901 S.
2531 2831 2785 2910 Bertini
2840 2826 2949 2913 (ad

639 2925 720 2992 S²¹
772 2928 1153 3015 Audomari)
1224 2933 1578 2998 custoditus
1648 2934 1793 2997 fuit.
1908 2932 2091 2997 Uxor
2162 2930 2497 2995 Childerici
2570 2928 2814 3011 pariter
2883 2932 2952 2991 et

637 3026 808 3090 filius
856 3027 993 3110 ejus
1037 3028 1109 3089 in
1157 3030 1550 3093 monasteria
1588 3028 1765 3094 missi
1809 3035 1995 3107 sunt,
2042 3032 2118 3092 ut
2165 3027 2365 3092 vitam
2410 3029 2679 3110 agerent
2725 3046 2948 3088 mona-

639 3122 859 3187 calem.
919 3157 1005 3167 -—
1060 3123 1264 3188 Anno
1313 3124 1441 3187 754
1492 3126 1728 3190 iterum
1776 3126 2045 3209 Pipinus
2100 3148 2138 3189 a
2185 3123 2518 3208 Stephano
2565 3121 2741 3205 Papa
2790 3116 2950 3185 sole·

568 3175 586 3271 i
641 3218 879 3283 mniter
922 3220 992 3282 in
1038 3240 1254 3304 regem
1299 3225 1530 3286 unctus
1577 3227 1693 3287 est.

816 3315 917 3378 37.
981 3315 1122 3380 Hac
1176 3317 1427 3382 ratione
1489 3319 1655 3402 apud
1721 3319 2106 3383 Annalistas
2166 3320 2415 3382 veteres
2481 3319 2547 3379 et
2605 3313 2953 3398 scriptores

637 3432 850 3475 rerum
920 3409 1347 3488 Franciarum
1434 3415 1669 3498 passim
1743 3423 2074 3494 narratur,
2157 3412 2474 3498 quomodo
2536 3411 2805 3494 Pipinus
2873 3410 2946 3473 in

821 3634 863 3705 ¹)
903 3635 1011 3690 Cfr.
1051 3636 1304 3704 Gfroner‚
1340 3639 1579 3709 Allgem.
1617 3640 2052 3709 Kirchengesch.
2090 3640 2195 3692 111.
2234 3638 2286 3692 S.
2326 3640 2444 3691 544.

819 3714 863 3782 2)
900 3715 1057 3769 Varii
1094 3722 1362 3782 auctores,
1401 3718 1487 3772 uti
1523 3719 1815 3786 Bartolini‚
1853 3720 2191 3782 existimant,
2221 3718 2338 3786 jam
2375 3716 2535 3784 paulo
2573 3719 2703 3769 ante
2727 3713 2951 3767 Lullum

641 3814 673 3851 a
710 3798 760 3852 S.
798 3793 1078 3851 Bonifatio
1116 3795 1344 3849 Romam
1382 3799 1449 3852 ob
1486 3800 1715 3867 negotia
1753 3800 2045 3853 tractanda
2080 3797 2333 3862 missum,
2379 3798 2445 3849 de
2488 3796 2586 3848 illa
2626 3793 2953 3861 quaestione

642 3898 760 3934 cum
798 3876 1065 3935 Zacharia
1102 3875 1367 3934 Pontifice
1414 3878 1626 3947 egisse,
1675 3894 1842 3945 eoque
1889 3876 2133 3933 referunt
2169 3877 2341 3930 verba
2388 3874 2655 3942 epistolae
2694 3873 2745 3926 S.
2781 3871 2945 3925 Boni-

639 3960 789 4013 fatii:
841 3958 1054 4028 „Habet
1097 3954 1240 4008 enim
1277 3968 1490 4013 secreta
1526 3960 1789 4027 quaedam
1828 3972 1972 4019 mea,
2021 3972 2158 4023 quae
2196 3955 2299 4009 soli
2334 3954 2532 4022 pietati
2569 3960 2787 4007 vestrae
2824 3965 2948 4018 pro-

639 4038 784 4093 fiteri
822 4039 1001 4102 debet,
1040 4034 1304 4101 quaedam
1341 4038 1471 4092 viva
1494 4053 1631 4092 voce
1657 4037 1811 4091 vobis
1840 4036 2035 4101 dicere,
2075 4036 2339 4102 quaedam
2374 4050 2472 4102 per
2493 4033 2713 4087 litteras
2749 4033 2954 4084 notata

642 4114 980 4173 ostendere.“
1021 4113 1122 4181 Ep·
1151 4114 1234 4172 79.
1260 4146 1329 4153 -
1353 4115 1526 4171 Valde
1560 4115 1842 4184 probabile
1877 4115 2090 4182 quidem
2128 4119 2229 4180 est,
2266 4129 2383 4168 rem
2421 4113 2501 4165 ita
2534 4112 2761 4177 habere3
2796 4106 2949 4162 haud

640 4202 825 4251 tamen
859 4200 1082 4251 certum.
1144 4197 1251 4252 Cir.
1278 4195 1691 4260 Buss-Scherer,
1720 4192 2436 4262 Winfiied-Bonifatius„S.
2466 4193 2586 4259 358,
2621 4190 2762 4243 Graz
2790 4188 2949 4241 1880.
