3270 5028
642 405 768 463 358'
1319 410 1497 462 XVII.
1535 410 1619 463 De
1657 409 1953 468 schismate
1990 410 2279 464 PhotianO.

643 551 902 617 modum
948 552 1261 616 benevola
1305 552 1382 615 ad
1430 551 1921 634 Imperatorem,
1973 561 2171 635 utque
2217 574 2418 617 novos
2463 561 2736 617 conatus
2781 553 2983 615 face-

647 654 748 714 ret
819 649 899 712 ad
952 670 1168 732 pacem
1228 648 1794 731 Constantinopoli
1854 648 2364 713 restaurandam.
2474 648 2602 713 Sed
2658 672 2863 733 quum
2928 671 2981 711 a

647 745 960 810 Michaele
1002 745 1160 809 talia
1204 745 1443 827 scripta
1488 745 1566 807 ad
1613 746 1823 828 ipsum
1870 745 2113 809 directa
2161 751 2403 820 essent,
2459 753 2525 809 et
2579 747 2749 812 illius
2792 769 2978 830 quo-

647 864 771 927 que
816 844 1068 926 legatus
1114 842 1398 905 animum
1450 840 1749 911 Pontifici
1805 844 2131 906 infensum
2179 864 2329 925 prae
2374 865 2443 907 se
2487 843 2712 924 ferret,
2765 842 2978 907 Nico·

648 942 788 1003 laus
833 939 912 1002 ad
944 938 1403 1022 Imperatorem
1444 959 1668 1022 graves
1697 937 1971 1002 reddidit
2014 940 2286 1016 litteras,
2332 941 2563 1023 quibus
2603 941 2976 1024 apostolico

650 1038 865 1120 vigore
896 1034 1160 1119 sugillat
1185 1036 1322 1117 ejus
1352 1036 1862 1110 irreverentiam,
1909 1036 2364 1120 arrogantiam,
2413 1041 2478 1101 et
2506 1039 2736 1101 malam
2766 1038 2973 1100 fidem

648 1157 774 1217 qua
818 1131 1317 1214 sophismatibus
1364 1131 1540 1195 facta
1587 1137 1656 1195 et
1701 1132 1939 1215 scripta
1970 1133 2294 1197 anteriora
2340 1156 2378 1196 a
2425 1145 2577 1197 vero
2622 1134 2973 1217 detorque-

647 1232 779 1295 bat.
859 1229 1159 1294 Ostendit
1190 1228 1360 1303 dein,
1410 1250 1602 1311 quam
1644 1230 1818 1311 juste
1862 1251 1934 1292 ac
1980 1228 2329 1311 prudenter
2359 1231 2728 1313 Apostolica
2760 1229 2973 1295 Sedes

650 1330 719 1392 in
767 1348 955 1394 causa
1000 1326 1242 1408 Ignatii
1291 1325 1520 1405 egerit3
1586 1325 1861 1389 Romani
1909 1326 2242 1390 Pontificis
2293 1328 2443 1410 jura
2491 1333 2556 1390 et
2608 1328 2970 1411 primatum

649 1425 942 1509 pluribus
991 1423 1290 1499 vindicat,
1337 1429 1403 1485 et
1445 1422 1633 1485 irrita
1680 1422 1989 1501 declarat,
2037 1444 2199 1505 quae
2243 1428 2469 1486 contra
2514 1426 2651 1507 ejus
2697 1445 2969 1488 consen·

652 1544 796 1586 sum
829 1525 895 1584 et
927 1521 1378 1584 auctoritatem
1410 1520 1852 1601 disponantur.
1932 1517 2151 1581 Veluti
2190 1521 2330 1603 jam
2360 1520 2736 1602 praevidens
2769 1542 2967 1584 cona·

651 1619 826 1684 mina
871 1615 1274 1680 schismatica
1308 1614 1735 1679 Orientalium
1784 1637 2003 1679 severa
2050 1618 2610 1699 argumentatione
2657 1616 2970 1696 ostendit,

582 1723 588 1727 ’
650 1715 998 1799 primatum
1041 1718 1107 1776 et
1145 1715 1295 1796 jura
1334 1712 1608 1774 Romani
1642 1711 1974 1775 Pontificis
2022 1712 2274 1775 divinae
2321 1713 2752 1777 institutionis
2799 1735 2967 1788 esse,

653 1817 720 1875 et
764 1834 802 1874 a
846 1811 1026 1873 nullo
1074 1830 1257 1892 posse
1304 1808 1528 1871 violari
1573 1809 1677 1871 vel
1725 1810 1948 1872 minui.
2042 1806 2120 1871 Si
2166 1812 2391 1872 contra
2428 1808 2781 1891 privileyia
2826 1808 2965 1873 Ro-

652 1926 887 1971 manae
918 1904 1230 1982 ecclesiae,
1276 1904 1517 1978 scribit,
1563 1903 1751 1969 nisus
1786 1908 2030 1968 vestros
2061 1904 2333 1987 eriyitis,
2382 1910 2609 1985 cavete,
2656 1926 2738 1971 ne
2766 1926 2971 1988 super

655 2024 764 2068 vos
810 2005 1288 2067 convertantur.
1367 1999 1637 2065 Durum
1684 2000 1921 2090 quippe
1968 2006 2061 2065 est
2104 2002 2301 2082 vobis,
2352 2006 2577 2067 contra
2622 2002 2970 2067 stimulum

654 2099 1010 2165 calcitrare.
1102 2098 1312 2162 Porro
1359 2097 1418 2161 si
1461 2117 1580 2161 nos
1622 2117 1755 2161 non
1798 2097 2175 2178 audieritis,
2227 2102 2430 2164 restat
2475 2103 2550 2163 ut
2593 2098 2740 2163 sitis
2784 2098 2972 2181 apud

653 2218 771 2261 nos
831 2195 1223 2272 necessariO,
1288 2194 1509 2275 quales
1564 2192 1895 2260 Dominus
1957 2199 2178 2259 noster
2237 2196 2431 2260 Jesus
2480 2194 2788 2260 Christus
2848 2195 2969 2259 hos

652 2293 879 2358 haberi
934 2291 1292 2375 praecepit,
1363 2290 1478 2371 qui
1536 2289 1890 2355 Ecclesiam
1961 2291 2091 2356 Dei
2156 2292 2388 2368 audire
2449 2292 2969 2374 contempserint,

643 2389 1037 2474 praesertim
1093 2408 1238 2452 cum
1296 2385 1589 2451 ecclesiae
1631 2387 1973 2451 Romanae
2020 2388 2375 2469 privileyia
2424 2386 2680 2453 Christi
2736 2409 2843 2453 ore
2887 2387 2969 2452 in

657 2488 835 2553 beato
881 2486 1077 2551 Petro
1136 2484 1428 2564 firmata,
1493 2482 1565 2549 in
1627 2483 1920 2549 Ecclesia
1977 2484 2124 2567 ipsa
2183 2485 2529 2568 disposita,
2594 2484 2972 2568 antiquitus

658 2585 1008 2663 observata,
1057 2587 1118 2646 et
1164 2603 1204 2646 a
1248 2580 1494 2646 sanctis
1538 2580 2021 2648 universalibus
2065 2581 2347 2664 Synodis
2392 2582 2724 2662 celebrata,
2772 2587 2974 2667 atque

660 2704 702 2746 a
749 2685 981 2746 cuncta
1020 2677 1313 2744 Ecclesia
1343 2677 1601 2767 juyiter
1645 2682 1970 2757 venerat-a,
2017 2679 2391 2744 nullatenus
2436 2680 2688 2761 possint
2730 2679 2972 2757 minui,

660 2779 1037 2845 nullatenus
1081 2774 1397 2856 infrinyi,
1456 2774 1834 2839 nullatenus
1882 2776 2294 2856 commutari,
2352 2776 2658 2858 quoniam
2715 2775 2971 2858 funda-

661 2879 948 2940 mentum
992 2873 1160 2954 quod
1192 2872 1375 2936 Deus
1411 2871 1656 2954 posuit,
1703 2873 2032 2937 humanus
2073 2894 2205 2937 non
2250 2873 2419 2937 valet
2449 2893 2741 2937 amovere
2779 2892 2974 2937 cona-

664 2978 787 3051 tuS,
835 2977 895 3036 et
937 2971 1106 3053 quod
1138 2969 1321 3033 Deus
1351 2968 1603 3046 statuit,
1647 2969 1931 3049 firmum,
1973 2969 2389 3052 validumque
2429 2960 2736 3035 consistit.
2809 2968 2974 3032 Ille-

663 3091 784 3153 que
820 3067 1237 3152 potissimum
1275 3069 1523 3148 peccat,
1584 3065 1698 3146 qui
1744 3065 1873 3130 Dei
1933 3066 2335 3131 ordinationi
2390 3066 2687 3130 resistere
2747 3070 2977 3130 tentat.

664 3165 1053 3248 Privileyia,
1113 3164 1414 3244 inquam,
1472 3162 1669 3227 istius
1714 3162 1882 3226 sedis
1930 3163 2025 3227 vel
2072 3163 2365 3228 ecclesiae
2413 3167 2731 3245 perpetua
2775 3166 2980 3240 sunt,·

569 3342 570 3345 Ἴ
666 3263 986 3329 divinitus
1055 3261 1353 3325 radicata
1423 3264 1617 3341 atque
1682 3259 1992 3341 plantata
2064 3264 2252 3337 sunt;
2330 3259 2612 3342 impinyi
2672 3251 2976 3342 possunt,

666 3357 1024 3442 transferri
1080 3379 1211 3423 non
1270 3360 1575 3438 possunt;
1649 3354 1829 3420 trahi
1879 3361 2187 3439 possunt,
2254 3357 2436 3421 evelli
2498 3378 2628 3422 non
2676 3361 2976 3438 possunt.

671 3456 851 3536 Quae
883 3459 1033 3519 ante
1063 3454 1413 3535 imperium
1442 3457 1728 3518 vestrum
1770 3453 2049 3534 fuerunt
2089 3457 2149 3518 et
2185 3459 2592 3537 permanent,
2642 3453 2782 3517 Deo
2821 3473 2978 3534 yra-

668 3553 825 3632 tias,
898 3552 1208 3616 hactenus
1274 3549 1559 3627 illibata,
1637 3549 2112 3632 manebuntque
2175 3555 2328 3633 post
2396 3571 2534 3629 vos,
2608 3554 2666 3613 et
2739 3570 2978 3630 quous-

668 3671 789 3732 que
848 3648 1281 3714 christianum
1343 3667 1574 3711 nomen
1625 3647 2082 3729 praedicatum
2140 3647 2378 3730 fuerit,
2451 3647 2569 3711 illa
2631 3645 2978 3710 subsistere

667 3767 799 3812 non
858 3745 1196 3810 cessabunt
1240 3742 1657 3808 immutilata.
1749 3742 1893 3807 Ista
1943 3744 2154 3825 igitur
2208 3744 2563 3826 privileyia
2624 3742 2776 3806 huic
2827 3762 2976 3807 san-

670 3848 806 3908 ctae
881 3841 1174 3907 ecclesiae
1247 3862 1286 3905 a
1368 3839 1633 3905 Christo
1713 3840 1981 3913 donata.
2078 3862 2119 3905 a
2190 3841 2456 3923 synodis
2526 3861 2654 3905 non
2736 3839 2977 3903 donata

668 3940 780 4005 sed
837 3940 987 4022 jam
1056 3936 1448 4003 solummodo
1517 3936 1834 4002 celebrata
1902 3941 1963 4001 et
2024 3942 2359 4017 venerata,
2424 3958 2548 4019 per
2616 3955 2779 4017 quae
2844 3956 2976 4001 non

670 4042 805 4101 tam
867 4036 1073 4100 honor
1141 4056 1335 4116 quam
1401 4053 1564 4098 onus
1625 4033 1812 4098 nobis
1875 4033 2219 4114 incumbit,
2290 4034 2433 4099 licet
2503 4035 2718 4114 ipsum
2783 4031 2976 4096 hono-

670 4155 802 4197 rem
870 4154 1002 4197 non
1064 4130 1315 4196 meritis
1381 4129 1649 4209 nostris,
1720 4131 1829 4195 sed
1888 4131 2299 4196 ordinatione
2353 4129 2611 4213 qratiae
2675 4128 2803 4192 Dei
2857 4149 2979 4210 per

385 929 556 972 Nicolai

345 1003 612 1044 responsum.
