3270 5028
1800 228 1811 275 1

982 458 1345 512 Pontificatus
1381 458 1618 526 Eugenii
1658 436 1714 514 1J
1740 462 1805 514 R.
1845 461 1905 514 P.
2494 465 2598 517 203

294 600 640 664 cedebatur
712 600 995 665 libertas.
1089 599 1448 664 Videbatur
1510 602 1764 684 quidem
1833 603 1989 668 haec
2052 592 2383 687 dispositio
2444 605 2621 669 satis

296 719 530 780 aequa,
589 696 699 760 sed
755 718 952 780 quum
1010 698 1203 761 toties
1259 697 1578 760 variarum
1637 699 1988 763 factionum
2048 699 2407 764 acciderent
2470 702 2600 791 col—

293 794 571 869 lisioneS,
619 794 861 857 multae
892 798 1119 876 postea
1148 793 1297 856 inde
1345 794 1413 856 in
1436 795 1583 877 jure
1629 794 1897 860 dicendo
1943 803 2388 879 provenerunt
2433 797 2601 861 diffi-

293 891 584 954 cultateS.

473 986 576 1052 41.
632 985 970 1050 Lotharius
1039 986 1274 1049 dicitur
1343 986 1533 1050 etiam
1604 986 1684 1050 ad
1749 988 2178 1053 emendandas
2247 988 2604 1073 injustitias

294 1106 460 1166 quae
524 1084 591 1147 in
639 1083 993 1147 factionum
1060 1087 1287 1147 mutua
1341 1083 1518 1146 lucta
1578 1083 1791 1148 factae
1858 1090 2072 1164 erant,
2141 1086 2221 1150 ad
2284 1086 2608 1169 corrigen-

294 1180 409 1243 dos
487 1180 753 1257 abusuS‚
832 1179 912 1243 ad
988 1178 1326 1244 tutandam
1397 1178 1680 1254 liberam
1741 1187 1808 1244 et
1880 1183 2251 1247 canonicam
2326 1182 2603 1244 Romani

294 1364 533 1438 mulam
597 1372 982 1457 julamenti‚
1057 1372 1407 1436 secundum
1471 1395 1663 1457 quam
1729 1375 1935 1438 clerus
2002 1376 2400 1459 populusque
2472 1374 2602 1438 Ro·
2695 1414 2706 1427 f

293 1275 626 1341 Pontificis
690 1276 1100 1353 electionem,
1164 1298 1294 1339 una
1357 1297 1500 1339 cum
1546 1276 1861 1342 Pontifice
1922 1280 2408 1362 praescripsisse
2474 1239 2653 1501 for-X

298 1492 525 1533 manus
587 1468 909 1533 Ludovico
975 1474 1039 1532 et
1103 1467 1412 1533 Lothario
1481 1469 2012 1555 ImperatoribUS,
2082 1477 2415 1555 tamquam
2472 1470 2602 1534 Ro-

295 1588 525 1630 manae
599 1566 775 1630 urbis
848 1565 1316 1648 protectoribus
1393 1565 1583 1629 fidem
1655 1568 2140 1650 promitterent,
2213 1569 2406 1632 salva
2482 1569 2613 1631 fide.-

296 1663 593 1729 Pontifici
660 1665 1001 1746 promissa,
1081 1662 1601 1746 sponderentque
1673 1686 1739 1727 se
1810 1686 1942 1728 non
2009 1687 2462 1743 consensurOS‚
2531 1673 2658 1871 ΜΝ

296 1761 526 1824 electio
575 1759 908 1825 Pontificis
967 1759 1092 1822 alia
1151 1781 1339 1842 quam
1402 1761 1711 1824 canonica
1765 1768 1830 1823 et
1869 1764 2053 1845 justa
2101 1765 2353 1826 ratione
2400 1763 2604 1825 fieret.

297 1861 413 1921 aut
483 1858 723 1921 electus
803 1860 1305 1934 consecraretur,
1387 1856 1763 1939 priusquam
1831 1858 1901 1921 in
1971 1859 2338 1941 praesentia
2406 1858 2603 1942 legati

297 1947 710 2036 Imperatoris
777 1960 842 2016 et
904 1952 1123 2035 populi
1185 1954 1631 2035 juramentum
1697 1955 1864 2037 justi
1936 1955 2271 2039 regiminis
2342 1955 2603 2037 praesti-

296 2051 509 2134 tisset,
565 2049 753 2133 quale
801 2049 1132 2132 Eugenius
1187 2054 1417 2132 sponte
1478 2050 1968 2132 praestiterat.¹)
2062 2053 2370 2114 Attamen
2416 2050 2610 2135 hujus

289 2147 646 2232 juramenti
706 2145 1045 2209 authentia
1108 2144 1289 2208 valde
1351 2145 1544 2210 dubia
1605 2151 1724 2212 est.
1816 2146 2074 2211 Etenim
2131 2152 2386 2230 praeter
2435 2146 2608 2210 Con·

297 2244 684 2306 tinuatorem
737 2242 1181 2307 Cassinensem
1244 2240 1429 2304 Pauli
1493 2241 1793 2318 Diaconi,
1857 2244 2068 2307 nullus
2132 2244 2304 2306 illius
2370 2242 2608 2306 aetatis

299 2340 574 2422 scriptor
655 2337 966 2421 ejusmodi
1046 2338 1406 2422 juramenti
1498 2339 1778 2421 impositi
1858 2346 1923 2403 et
2000 2340 2231 2403 exinde
2308 2339 2608 2422 praestiti
2679 2368 2686 2381 =

299 2437 695 2499 mentionem
754 2436 928 2516 facit.
1018 2433 1365 2498 Praeterea
1429 2435 1482 2497 si
1548 2438 1679 2499 tale
1733 2438 2174 2520 juramentum
2235 2435 2600 2520 impositum

296 2532 555 2611 fuisset,
622 2534 812 2597 etiam
882 2533 949 2595 in
1012 2532 1600 2597 Constitutionibus
1656 2535 1996 2615 praedictis
2052 2536 2151 2598 vel
2207 2534 2443 2617 ipsum,
2505 2533 2624 2596 vel.

297 2630 700 2694 conditiones
781 2630 849 2693 in
928 2650 999 2692 eo
1077 2629 1153 2692 ad
1223 2629 1600 2692 electionem
1667 2628 2002 2694 Pontificis
2073 2631 2359 2714 requisiti
2436 2651 2600 2721 com-

445 2855 482 2922 ¹)
520 2855 777 2908 Formula
827 2855 1075 2909 Lotharii
1134 2856 1341 2923 legitur
1392 2857 1449 2908 in
1500 2856 1922 2926 Continuatione
1977 2857 2224 2911 Romana
2272 2855 2429 2907 Pauli
2476 2855 2638 2920 Dia-3

301 2934 419 2988 coni
471 2935 535 2988 de
576 2934 1107 3003 HistoriaLongob.
1148 2936 1203 2987 in
1253 2935 1359 2989 fine
1405 2936 1473 2988 ad
1522 2952 1568 2988 a.
1607 2939 1728 2988 825.
1809 2936 2129 3003 „Lotharius
2165 2935 2470 3000 Imperator
2506 2934 2604 2989 ite-

300 3030 418 3065 rum
470 3015 538 3066 ad
576 3013 795 3066 Italiam
846 3015 1100 3078 1331333,
1149 3014 1369 3066 1111333111
1409 3016 1459 3067 S.
1500 3015 1720 3066 Martini
1760 3015 1964 3068 Romae
1997 3013 2317 3066 celebravit.
2392 3013 2467 3065 Et
2503 3014 2604 3065 hoc

300 3098 385 3147 est
429 3092 823 3161 juramentum,
872 3094 1014 3159 quod
1049 3094 1293 3147 Romano
1344 3095 1487 3147 clero
1537 3101 1593 3148 et
1640 3087 2007 3161 populo'ipse
2046 3099 2101 3146 et
2136 3092 2417 3159 Eugenius
2456 3094 2606 3158 Papa

299 3172 481 3227 facere
531 3172 844 3239 imperavit:
890 3172 1161 3226 Promitto
1201 3189 1303 3240 ego
1341 3173 1436 3225 illc
1474 3190 1571 3239 per
1597 3174 1770 3242 Deum
1809 3172 2231 3239 omnipotentem
2276 3177 2331 3224 et
2366 3187 2461 3239 per
2497 3172 2610 3223 ista

303 3267 460 3305 sacra
498 3256 730 3317 quatuor
766 3250 1074 3318 Evangelia
1113 3257 1168 3305 et
1204 3268 1299 3319 per
1335 3254 1476 3305 hanc
1515 3269 1726 3305 crucem
1760 3251 1978 3306 Domini
2007 3250 2190 3307 Nostri
2225 3250 2356 3303 Jesu
2384 3250 2606 3315 Christi,

303 3337 359 3386 et
404 3347 502 3399 per
552 3347 743 3398 corpus
791 3329 1095 3383 beatissimi
1130 3331 1283 3384 Petri
1336 3330 1595 3397 principis
1633 3330 2046 3397 Apostolorum,
2098 3331 2238 3395 quod
2276 3330 2341 3382 ab
2381 3331 2482 3382 1133
2522 3329 2608 3383 die

305 3410 361 3462 in
412 3411 654 3463 futurum
702 3410 878 3463 fidelis
930 3424 1021 3463 ero
1058 3409 1305 3463 Dominis
1354 3410 1558 3463 nostris
1607 3410 2031 3477 Imperatoribus
2077 3409 2352 3462 Ludovico
2407 3415 2462 3462 et
2504 3409 2608 3462 Lo-

302 3489 509 3555 thario,
560 3488 747 3542 diebus
793 3489 943 3543 vitae
979 3505 1154 3554 meae,
1198 3489 1360 3556 juxta
1398 3489 1541 3542 vires
1580 3495 1635 3542 et
1672 3489 2012 3543 intellectum
2049 3504 2225 3541 meum
2265 3488 2384 3552 sine
2420 3488 2638 3551 fraude¹

304 3572 469 3635 atque
515 3569 657 3621 malo
702 3567 955 3636 ingenio,
1007 3568 1162 3620 salva
1209 3567 1312 3630 fide
1360 3584 1517 3656 quam
1564 3568 1848 3635 repromisi
1885 3567 2116 3620 Domino
2155 3567 2523 3634 Apostolico:
2553 3572 2610 3620 et

306 3650 447 3714 quod
496 3663 604 3701 non
656 3648 991 3701 consentiam
1038 3651 1100 3699 ut
1151 3646 1314 3698 aliter
1357 3647 1415 3698 in
1452 3648 1553 3699 hac
1605 3648 1731 3700 sede
1767 3647 2012 3700 Romana
2051 3645 2147 3698 fiat
2185 3646 2380 3699 electio
2419 3645 2608 3698 Ponti-

304 3727 421 3779 ficis
471 3726 575 3779 nisi
628 3726 884 3780 canonice
939 3731 995 3780 et
1036 3726 1208 3793 juste,
1268 3727 1558 3779 secundum
1606 3726 1754 3779 vires
1802 3731 1858 3778 et
1905 3715 2244 3779 intellectum
2293 3741 2492 3778 meum·
2554 3730 2608 3777 et

303 3806 399 3860 ille
451 3806 541 3872 qui
595 3806 801 3859 electus
848 3805 1013 3858 fuerit
1060 3821 1145 3857 me
1197 3805 1573 3858 consentiente
1623 3809 1971 3858 consecratus
2021 3804 2278 3857 Pontifex
2331 3820 2438 3856 non
2487 3803 2645 3867 1131,Δ

304 3887 454 3952 plius
502 3902 659 3953 quam
704 3885 817 3939 talc
872 3889 1269 3937 sacramentum
1315 3883 1485 3937 faciat
1532 3885 1587 3936 in
1624 3883 1937 3951 praesentia
1985 3883 2138 3936 missi
2175 3883 2394 3936 Domini
2433 3883 2609 3951 Impe-

305 3966 506 4019 ratoris
557 3971 612 4019 et
650 3964 837 4031 populi
877 3979 995 4016 cum
1030 3964 1363 4031 juramento,
1412 3964 1568 4030 quale
1606 3963 1867 4017 Dominus
1905 3962 2187 4030 Eugenius
2223 3962 2375 4028 Papa
2414 3968 2608 4029 sponte

304 4061 403 4112 pro
452 4044 866 4098 conservatione
915 4043 1151 4095 omnium
1199 4043 1405 4095 factum
1451 4043 1615 4096 habet
1661 4041 2069 4110 perscriptum.²‘
2145 4041 2211 4095 V.
2258 4041 2609 4094 Monumenta

308 4123 629 4177 Germaniae
676 4122 955 4175 historica.
1031 4121 1333 4188 Scriptores
1380 4123 1504 4175 Ber.
1552 4122 1893 4188 Longobard.
1944 4126 2044 4173 etc.
2095 4137 2146 4187 p.
2194 4123 2312 4172 203.
2387 4120 2648 4172 Hanno--

307 4202 457 4256 vriae
494 4219 541 4256 a.
582 4204 732 4254 1878.

2691 2681 2710 2711 t
