3270 5028
381 1681 620 1726 Concilium

345 1745 655 1788 confirmatum.

689 431 796 483 410
827 415 828 418 ¹
1367 428 1544 500 XVII.
1581 429 1666 483 De
1702 427 2000 483 'schismate
2035 427 2326 480 PhotianO.

689 568 915 633 sanxit
959 568 1056 633 vel
1099 590 1217 633 nos
1258 574 1479 650 postea
1524 569 1992 652 dispensatorie
2025 568 2444 652 protulimuS,
2492 557 2679 631 nu'lla
2719 561 3070 626 motione

689 665 785 729 vel
831 665 1188 730 mutatione
1234 665 1644 745 discedemus,
1693 669 1812 730 aut
1856 665 1943 729 ad
1986 666 2285 730 dextram
2325 664 2423 728 vel
2455 662 2802 727 sinistram
2859 678 3057 739 quo-

689 783 807 843 que
863 762 1045 826 modo
1101 761 1582 827 declinabimus.
1679 762 1857 842 Quae
1912 762 2202 826 videlicet
2241 760 2636 844 jamdudum
2688 755 3057 839 probavit

686 858 1009 938 Ecclesia,
1086 863 1147 922 et
1200 858 1602 925 immutilata
1662 859 1983 924 servanda
2040 879 2251 939 nuper
2312 861 2563 940 yestum
2623 851 3051 920 universale

690 954 1049 1020 Concilium
1095 955 1343 1021 statuit.
1416 956 1641 1037 Neque
1689 956 1860 1020 enim
1891 955 2075 1020 nobis
2121 955 2323 1020 moris
2367 958 2477 1033 est,
2524 960 2599 1017 ut
2637 972 2763 1034 pro
2816 948 3046 1039 libito

671 1053 945 1134 proprio
982 1053 1284 1135 paternis
1329 1052 1775 1118 sanctionibus
1826 1047 2206 1132 abutamur,
2271 1048 2806 1134 quemadmodum
2856 1046 3039 1128 qui-

684 1149 980 1229 busdam,
1038 1149 1152 1231 qui
1198 1150 1375 1232 apud
1418 1170 1527 1213 vos
1573 1170 1837 1215 summa
1881 1170 2102 1215 rerum
2149 1147 2721 1214 ecclesiasticarum
2755 1144 3034 1228 guber-

681 1246 917 1311 nacula
978 1247 1409 1325 moderantes,
1475 1251 1630 1310 tunc
1691 1246 2083 1328 synodorum
2137 1250 2386 1311 statuta
2446 1245 2541 1308 vel
2597 1242 2794 1307 etiam
2846 1262 3033 1323 apo-

679 1343 939 1408 stolicae
987 1342 1172 1408 Sedis
1216 1343 1468 1407 decreta
1502 1342 1890 1425 proferunt,
1950 1364 2096 1408 cum
2139 1343 2237 1407 vel
2287 1342 2450 1408 alios
2497 1340 2741 1404 laedere
2790 1338 2897 1403 vel
2949 1359 3034 1401 se

663 1440 909 1521 ¹juvare
954 1439 1244 1522 cupiunt,
1291 1444 1351 1503 et
1395 1439 1549 1504 haec
1594 1444 1748 1504 tunc
1795 1439 1911 1504 sub
1960 1439 2217 1504 silentio
2263 1443 2505 1522 tequnt,
2549 1436 2807 1518 quando
2857 1434 3025 1517 for-

681 1541 847 1600 tasse
895 1542 1122 1601 contra
1167 1557 1232 1600 se
1276 1536 1375 1600 vel
1410 1558 1537 1618 pro
1584 1535 1738 1600 aliis
1774 1539 2314 1619 proponerentur.
2328 1534 2373 1620 ¹)

857 1713 1001 1776 103.
1058 1711 1374 1775 Hadriani
1423 1712 1632 1776 verbis
1689 1713 1999 1796 implicita
2052 1712 2329 1775 habetur
2375 1710 2774 1775 confirmatio
2823 1708 3016 1772 Con-

673 1810 814 1874 cilii-
862 1810 1254 1873 oecumenici
1318 1810 1545 1873 octavi.
1657 1808 1888 1892 Legati
1943 1808 2278 1874 Pontificis
2351 1817 2534 1872 caute
2597 1807 3010 1889 subscripse-

670 1913 819 1969 rant
866 1928 940 1968 ea
994 1905 1300 1989 formula:
1364 1904 1507 1986 qu
1556 1956 1567 1968 .
1622 1955 1634 1968 .
1687 1956 1700 1967 .
1758 1905 1964 1970 locum
2021 1905 2311 1970 obtinens
2367 1902 2616 1968 domini
2671 1902 2798 1967 mei
2847 1903 3004 1967 Ha-

669 2000 896 2066 driani
959 2000 1196 2065 summi
1251 2000 1588 2079 Pontifteis
1654 2007 1713 2065 et
1774 1998 2168 2067 universalis
2227 2021 2468 2083 papae,
2537 1999 2755 2066 omnia
2820 2021 3023 2081 quae

667 2096 969 2179 superius
1040 2097 1373 2180 leyuntur,
1435 2097 1587 2162 huic
1643 2103 1904 2163 sanctae
1963 2104 2025 2163 et
2078 2098 2438 2164 universali
2485 2096 2744 2179 Synodo
2785 2118 2998 2179 prae-

667 2194 907 2273 sidens,
970 2214 1173 2275 usque
1227 2194 1313 2258 ad
1374 2195 1768 2260 voluntatem
1829 2196 2111 2279 ejusdem
2169 2194 2397 2260 eximii
2447 2194 2777 2277 praesulis
2826 2216 2994 2277 pro-

668 2290 959 2372 mulyavi
1020 2294 1081 2353 et
1136 2311 1340 2355 manu
1375 2292 1656 2374 propria
1716 2291 2144 2374 subscripsi.2)
2236 2295 2430 2357 Patet
2489 2299 2736 2371 autem,
2795 2299 2989 2375 gesta

667 2389 747 2450 ab
808 2387 1144 2451 Hadriano
1209 2390 1587 2453 confirmata
1658 2391 1874 2453 fuisse.
1986 2391 2172 2473 Apud
2243 2388 2685 2453 Occidentales
2750 2389 2991 2453 exinde

668 2486 850 2549 nulla
911 2484 989 2549 de
1055 2486 1583 2551 oecumenicitate
1645 2486 1837 2571 hujus
1906 2486 2174 2552 Concilii
2249 2486 2545 2570 quaestio
2624 2486 2983 2568 invenitur,

666 2587 862 2666 atque
927 2582 1203 2645 Romani
1269 2583 1609 2647 Pontifices
1672 2585 1741 2647 in
1802 2584 2197 2666 professione
2265 2585 2409 2646 fidei
2468 2606 2662 2667 quam
2724 2584 2984 2647 saeculo

665 2700 837 2743 nono
887 2680 1278 2743 emittebant
1323 2685 1469 2762 post
1515 2681 1920 2755 electionem,
1978 2680 2474 2765 promittebant,
2532 2688 2600 2744 se
2646 2685 2786 2743 octo
2832 2680 2981 2742 uni-

664 2776 936 2839 versalia
997 2774 1311 2854 Concilia,
1371 2782 1435 2840 et
1497 2777 1751 2860 quidem
1817 2781 2109 2841 octavum
2166 2796 2414 2857 quoque
2465 2774 2804 2840 CPtanum
2870 2796 2979 2840 us-

665 2891 784 2952 que
862 2871 947 2935 ad
1011 2892 1217 2936 unum
1298 2872 1543 2954 apicem
1619 2872 2021 2937 immutilata
2091 2864 2420 2954 servare.3)
2535 2874 2622 2937 Et
2686 2877 2980 2938 auctores

664 2969 1012 3033 universim
1078 2991 1328 3052 semper
1392 2971 1560 3034 hanc
1618 2971 1936 3053 synodum
2011 2972 2184 3034 inter
2250 2971 2686 3034 oecumenicas
2754 2990 2975 3032 recen-

661 3073 949 3129 suerunt.
1016 3103 1087 3110 —
1156 3059 1522 3131 Orientales
1568 3066 1956 3130 schismatici
2014 3066 2133 3132 hoc
2180 3066 2537 3131 Concilium
2592 3069 2977 3150 rejecerunt,

662 3162 973 3245 multique
1033 3165 1106 3226 in
1162 3165 1372 3226 locum
1432 3165 1569 3246 ejus
1635 3168 1711 3225 ut
1780 3165 2091 3242 synodum
2153 3164 2621 3227 oecumenicam
2683 3169 2974 3226 octavam

660 3258 1138 3322 substituerunt
1214 3258 1870 3342 pseudo-synodum,
1947 3282 2136 3342 quam
2210 3261 2399 3342 paulo
2473 3267 2652 3342 post,
2730 3257 2976 3321 scilicet

662 3375 835 3417 anno
894 3356 1051 3438 879,
1134 3355 1403 3419 Photius
1472 3355 1812 3419 restitutus
1873 3355 2118 3420 habuit.
2212 3355 2576 3420 Orientales
2636 3353 2969 3418 orthodoxi

660 3450 1006 3514 universim
1072 3452 1379 3536 synodam
1443 3457 1732 3515 nostram
1804 3458 1876 3515 ut
1941 3459 2231 3516 octavam
2296 3454 2722 3517 universalem
2783 3472 2965 3514 vene·

659 3547 788 3609 rati
832 3553 1017 3624 sunt3
1060 3548 1297 3612 dixeris
1345 3554 1584 3624 tamen,
1632 3552 1859 3630 postea
1904 3548 2133 3630 plureS,
2183 3550 2473 3632 quamvis
2519 3572 2658 3612 eam
2707 3547 2966 3612 omnino

657 3644 1042 3727 reciperent,
1094 3646 1263 3711 haud
1311 3667 1682 3709 numerasse
1727 3645 1904 3708 inter
1952 3644 2241 3710 Concilia
2288 3647 2709 3712 oecumenica.
2802 3642 2963 3706 Nam

657 3740 1097 3820 AbrahamuS‚
1174 3743 1501 3807 Cretensis
1549 3741 1964 3805 Florentinae
2028 3740 2272 3825 Synodi
2329 3745 2647 3826 interpres
2707 3746 2772 3806 et
2837 3741 2962 3823 pri-

658 3858 799 3899 mus
865 3839 1095 3916 editor,
1166 3840 1288 3922 ipsi
1351 3837 1609 3920 Synodo
1674 3836 2097 3903 Florentinae
2153 3840 2417 3905 titulum
2485 3844 2746 3905 octavae
2802 3837 2964 3921 Syn-

842 4079 879 4139 ¹)
922 4076 1106 4131 Labbe
1131 4077 1284 4130 VIII.
1326 4080 1477 4132 1173.
1798 4079 1841 4147 2)
1880 4080 2064 4135 Labbe
2089 4082 2243 4136 VIII.
2290 4085 2435 4136 1156.

839 4156 881 4221 ⁸)
919 4155 985 4208 V.
1026 4155 1317 4209 Baronium
1357 4159 1426 4210 ad
1463 4173 1511 4211 a.
1551 4161 1672 4225 869,
1710 4177 1760 4212 n.
1800 4162 1884 4213 59.
