3270 5028
646 417 752 469 102
1170 415 1318 469 XIV.
1356 415 1440 469 De
1477 412 1627 468 civili
1663 415 1729 469 R.
1768 413 2052 469 Pontificio
2090 414 2416 483 principatu.

647 557 1002 622 desisteret.
1079 556 1284 623 Solvit
1330 557 1498 621 enim
1549 556 1981 620 obsessionem
2023 554 2215 638 rex‚¹)
2265 561 2331 621 et
2375 557 2455 621 ad
2502 580 2620 622 sua
2662 579 2957 623 reversus

648 658 768 730 est,
825 658 1021 736 atque
1076 657 1424 718 auctumno
1480 653 1635 717 anni
1687 652 1811 716 739
1869 651 2098 718 Carolo
2143 652 2442 718 Martello
2489 655 2729 719 auxilio
2774 654 2952 719 venit

646 754 873 815 contra
903 749 1273 828 Saracen03‚
1320 749 1431 833 qui
1459 749 1670 813 denuo
1701 747 1978 812 Galliam
2009 750 2418 816 invadebant.
2449 787 2537 795 ——
2568 750 2831 816 Carolus
2859 750 2954 816 M.

648 868 807 911 sane
852 847 922 910 in
969 868 1084 911 suo
1129 849 1519 911 testamento
1565 867 1679 910 seu
1723 847 1789 909 in
1832 843 2078 911 Charta
2114 845 2197 910 de
2242 844 2556 911 divisione
2601 866 2957 930 reynorum

648 965 838 1007 avum
885 966 1072 1007 suum
1119 942 1415 1008 Carolum
1464 941 1839 1007 Martellum
1894 945 2120 1008 asserit
2175 964 2389 1008 curam
2444 946 2791 1028 suscepisse
2838 944 2951 1008 Ec·

646 1041 902 1117 clesiae,
956 1039 1201 1105 dicens:
1259 1037 1472 1121 Super
1524 1036 1745 1104 omnia
1790 1041 2007 1103 autem
2046 1037 2355 1121 jubemus
2398 1044 2591 1121 atque
2625 1038 2954 1122 praecipi·

646 1155 810 1215 mus,
856 1139 933 1200 ut
961 1133 1092 1218 ipsi
1128 1139 1258 1199 tres
1300 1135 1550 1217 fratres
1595 1134 1908 1216 (Carolus,
1956 1127 2244 1220 Pip'inus‚
2291 1135 2678 1216 Ludovicus)
2726 1156 2956 1201 curam

647 1236 709 1297 et
753 1230 1186 1314 defensionem
1229 1230 1556 1296 Ecclesiae
1597 1230 1810 1296 sancti
1855 1230 2041 1296 Petri
2083 1230 2282 1298 simul
2337 1232 2731 1315 suscipiant,
2783 1232 2958 1299 sicut

647 1328 973 1411 quondam
1018 1327 1097 1393 ab
1145 1349 1265 1393 avo
1319 1332 1540 1393 nostro
1586 1325 1816 1392 Garolo
1871 1332 1932 1392 et
1995 1329 2213 1394 beatae
2268 1329 2613 1395 memoriae
2660 1329 2957 1414 qenitore

640 1422 866 1491 ‘nostro
906 1424 1149 1509 Pipino
1193 1445 1367 1508 rece,
1430 1429 1489 1490 et
1544 1445 1587 1490 a
1640 1423 1826 1491 nobis
1878 1430 2106 1507 postea
2149 1430 2443 1509 suscepta
2498 1430 2625 1508 est,
2689 1432 2764 1492 ut
2811 1447 2957 1492 eam

649 1543 793 1587 cum
834 1522 966 1587 Dei
1011 1521 1341 1605 adjutorio
1387 1522 1466 1587 ab
1519 1521 1810 1588 hostibus
1857 1522 2194 1605 defendere
2249 1523 2585 1606 nitantur,
2643 1529 2705 1589 et
2745 1523 2951 1608 justi-

649 1618 812 1684 tiam
856 1639 1073 1699 suam,
1131 1624 1452 1702 quantum
1499 1619 1585 1685 ad
1635 1619 1812 1702 ipsos
1846 1619 2136 1702 pertinet
2181 1624 2242 1685 et
2284 1619 2458 1686 ratio
2499 1619 2955 1702 postulaverit,

648 1715 880 1781 habere
921 1715 1252 1799 faciant.²)'

826 1816 932 1880 25.
980 1814 1205 1880 Plures
1261 1821 1552 1880 auctores
1601 1836 1744 1879 curn
1794 1810 2058 1899 Pagioss)
2118 1836 2196 1879 ex
2252 1814 2497 1898 aliquot
2545 1814 2755 1879 verbis
2808 1816 2954 1879 obs·

651 1912 816 1976 curis
864 1911 1347 1977 continuatoris
1393 1910 1761 1996 Fredegarii
1813 1910 2169 1988 deducunt,
2225 1934 2263 1975 a
2297 1910 2616 1996 ‘Gregorio
2658 1910 2778 1976 III.
2833 1910 2955 1975 Ca-

649 2009 787 2074 rolo
849 2009 1150 2074 Martello
1213 2011 1408 2073 etiam
1463 2008 1872 2092 patriciatum
1947 2030 2059 2072 seu
2120 2009 2525 2073 consulatum
2588 2009 2953 2073 Romanum

649 2107 939 2171 oblatum
983 2096 1209 2189 fuisse3
1279 2106 1389 2169 sed
1455 2106 1618 2187 falso
1680 2104 1745 2168 id
1807 2104 2060 2168 videtur
2123 2106 2417 2187 supponi.
2522 2094 2982 2170 Continuator'

651 2202 1018 2287 Fredegarii
1081 2202 1378 2267 videlicet
1443 2223 1576 2284 cap.
1631 2203 1787 2278 110,
1852 2205 2347 2266 commemorata
2408 2202 2730 2285 legatione
2793 2200 2957 2266 Gre-

648 2299 811 2384 gorii
857 2298 938 2363 ad
985 2298 1284 2363 Carolum
1332 2298 1736 2377 Martellum‚
1781 2298 2025 2362 subdit:
2089 2297 2191 2362 Eo
2226 2300 2420 2380 pacto
2457 2300 2745 2378 patrato,
2793 2300 2868 2361 ut
2912 2316 2959 2361 a

638 2393 948 2477 partibus
979 2392 1409 2476 Imperatoris
1437 2393 1769 2473 recederet,
1818 2397 1879 2457 et
1906 2391 2285 2459 Romanum
2316 2393 2721 2459 consulatum
2767 2413 2957 2476 prae·

644 2491 787 2574 fato
832 2488 1128 2574 principi
1177 2488 1404 2556 Garolo
1450 2491 1651 2575 (Papa
1699 2491 2069 2576 Gregorius)
2122 2489 2425 2558 sanciret.
2479 2529 2566 2537 —
2622 2490 2746 2558 Sed
2792 2491 2954 2556 varii

651 2590 914 2655 Codices
971 2590 1109 2654 loco
1169 2588 1576 2653 consulatum
1632 2589 1878 2653 habent
1940 2587 2304 2652 consultum
2314 2606 2340 2667 ,·
2401 2593 2594 2673 atque
2639 2588 2957 2654 Aimonus

646 2690 1025 2771 frequenter
1076 2685 1182 2752 vad⁴
1217 2688 1480 2750 verbum
1543 2686 1909 2751 exscribens
1965 2684 2328 2770 Fredegarii
2395 2685 2774 2750 Chronicum
2840 2708 2955 2769 pa·

651 2785 807 2849 riter
845 2783 1027 2849 dicit:
1076 2782 1172 2847 Ac
1196 2781 1573 2847 Romanum
1618 2780 1982 2846 consultum
2018 2781 2370 2863 praefatus
2401 2780 2709 2863 princeps
2758 2779 2956 2845 Caro·

651 2881 752 2946 lus
797 2879 1100 2946 sanciret.
1150 2916 1231 2926 —-
1281 2880 1669 2944 Parallelum
1713 2901 1862 2943 vero
1894 2883 2144 2944 textum
2191 2880 2560 2944 invenimus
2607 2882 2676 2944 in
2725 2878 2958 2944 Anna·

652 2976 821 3043 libus
869 2975 1329 3058 Metensibus4)
1377 2981 1441 3042 et
1482 2977 1550 3041 in
1585 2973 1959 3040 Annalibus
2002 2973 2323 3040 veteribus
2365 2973 2795 3054 Francorum,
2840 2997 2951 3040 seu

654 3073 971 3140 Chronico
1026 3071 1492 3138 Moissiacensi.
1596 3072 1677 3137 In
1734 3072 1854 3137 hoc
1912 3072 2218 3137 habetur:
2279 3070 2647 3153 Epistolam
2708 3090 2962 3152 quoque

651 3177 712 3238 et
757 3170 1009 3237 decreta
1049 3171 1498 3236 Romanorum
1543 3167 1917 3251 principum
1956 3167 2335 3249 praedictus
2366 3168 2553 3251 Papa
2597 3165 2962 3252 Greqorius

653 3290 796 3335 cum
843 3267 1181 3351 leqatione,
1231 3265 1428 3331 etiam
1472 3284 1750 3331 munera
1794 3264 1991 3330 misit.
2085 3264 2224 3344 Quo
2271 3268 2465 3347 pacto
2508 3268 2779 3347 patrato
2825 3283 2962 3329 sese

641 3365 928 3449 populus
974 3364 1345 3443 Romanus,
1400 3362 1622 3427 relicto
1668 3362 2072 3444 Imperatore
2127 3361 2526 3427 Graecorum
2562 3365 2623 3426 et
2662 3360 2959 3427 domina-

834 3589 876 3657 ¹)
914 3590 1242 3644 Anastasius
1279 3590 1338 3643 in
1373 3589 1509 3644 Vita
1545 3590 1872 3644 Zachariae:
1927 3589 2135 3658 „Isdem
2172 3604 2283 3652 rex,
2322 3589 2537 3655 scribit,
2585 3590 2653 3643 ad
2690 3560 2957 3655 palatium

652 3686 802 3725 suum
853 3666 1081 3774 (Ts‘icini)
1138 3677 1226 3723 est
1272 3684 1526 3724 reversus
1576 3685 1676 3737 per
1724 3684 1965 3724 mensem
2012 3668 2326 3737 Augustum
2376 3667 2671 3722 indictione
2722 3667 2966 3735 septima

651 3749 724 3817 (a.
766 3746 892 3895 Ἐξ)
909 3789 1116 3881 ὁὶιαῐὺα
1152 3828 1218 3881 de
1256 3826 1526 3881 divisione
1572 3842 1872 3895 regnorum
1913 3830 2018 3879 art.
2059 3827 2142 3881 15.
2177 3826 2243 3879 V.
2282 3826 2478 3891 Pertz,
2524 3827 2758 3881 Monum.
2799 3825 2861 3878 G.
2900 3826 2960 3878 h.

651 3907 1246 4057 ΙΑθὲᾘῖὒΙ’ΧΤΙῘΙΙῙΞᾏΠΟΠῘῙ
1283 3986 1524 4040 Annales
1573 4001 1620 4039 a.
1662 3988 1780 4039 741.
1827 4002 1879 4039 n.
1923 3987 1986 4038 18
2031 3990 2089 4039 et
2133 3983 2297 4053 Pagii
2342 3983 2603 4039 Oriticam
2648 3984 2717 4037 ad
2764 3999 2811 4036 a.
2852 3984 2962 4035 741

652 4082 742 4120 nn·
781 4070 1152 4214 4gqgnnales
1189 4145 1466 4200 Metenses
1505 4143 1571 4197 ad
1610 4159 1658 4197 a.
1700 4146 1817 4196 741.
1858 4144 2036 4197 Pertz.
2075 4143 2219 4197 Mon.
2260 4141 2323 4196 G.
2361 4142 2405 4195 I.
2444 4144 2561 4195 326.
