3270 5028
940 480 1111 533 Initia
1147 480 1393 534 haeresis
1429 481 1911 535 Iconoclastarum.
2509 482 2578 534 21

268 622 477 686 cultus
520 622 869 706 imaginum
920 622 1155 686 Christi
1205 626 1400 705 atque
1434 619 1823 686 ‘Sanctorum
1870 624 2146 687 multum
2194 629 2289 687 est
2338 629 2579 687 auctus.

267 717 533 782 Nullum
581 719 749 781 enim
797 719 1197 783 idololatriae
1246 717 1349 782 vel
1393 718 1864 800 profanationis
1912 720 2262 802 periculum
2310 722 2469 800 erat,
2514 724 2581 782 et

269 814 348 877 ad
400 814 881 898 propagandam
940 813 1182 879 Christi
1237 835 1311 878 ac
1361 812 1726 896 Martyrum
1782 813 2294 898 Sanctorumque
2347 836 2579 879 memo·

267 911 427 976 riam
475 914 542 975 et
585 911 1092 988 venerationem,
1143 915 1340 994 atque
1387 916 1463 974 ut
1509 911 1955 976 animarentur
2001 911 2081 974 ad
2126 912 2385 994 pietatis
2431 933 2579 975 con-

267 1007 576 1071 stantiam
625 1007 881 1082 fideles‚
942 1007 1005 1070 id
1051 1008 1329 1071 maxime
1384 1007 1543 1072 utile
1602 1029 1740 1071 esse
1787 1008 2142 1073 videbatur.
2234 1007 2373 1072 Hoc
2427 1028 2581 1071 vero

267 1103 643 1187 neutiquam
688 1103 985 1168 omnibus
1033 1104 1101 1167 in
1151 1103 1305 1168 locis
1354 1103 1573 1168 eodem
1619 1104 1926 1169 instituto
1974 1126 2047 1169 ac
2095 1110 2382 1187 tempore
2431 1125 2581 1167 con-

264 1203 395 1263 stat
440 1221 577 1263 esse
623 1199 886 1276 factum,
932 1200 1042 1263 sed
1072 1199 1226 1263 alibi
1273 1200 1460 1263 citius
1493 1200 1649 1264 alibi
1695 1200 1961 1278 tardiuS,
2014 1204 2203 1283 prout
2241 1201 2579 1264 nationum

261 1299 488 1379 captus
556 1301 624 1360 et
689 1295 937 1360 indoles
1008 1301 1166 1363 erat.
1292 1296 1373 1360 In
1439 1294 1708 1360 Oriente
1786 1298 2040 1361 saeculo
2099 1295 2244 1360 VII.
2307 1298 2580 1361 ineunte

264 1393 618 1476 imaginum
668 1414 821 1460 usus
867 1397 931 1456 et
977 1394 1188 1457 cultus
1235 1393 1510 1456 maxime
1555 1393 1850 1457 florebat.

443 1490 548 1554 24.
620 1486 746 1554 Sed
811 1490 932 1554 hoc
1000 1490 1253 1553 saeculo
1322 1489 1601 1553 haeresis
1663 1494 1728 1552 et
1794 1490 2029 1554 bellum
2100 1495 2287 1554 atrox
2356 1496 2582 1553 contra
2598 1521 2688 1562 1⁴20
2713 1522 2907 1562 murus,

264 1608 475 1651 sacras
553 1587 871 1669 imagines
952 1588 1018 1649 in
1092 1584 1371 1668 Imperio
1441 1585 1769 1667 Romano,
1844 1594 2101 1651 auctore
2181 1586 2400 1650 Leone
2455 1584 2578 1650 111.

262 1682 490 1747 Isauro
564 1680 993 1767 {mperatore„
1039 1682 1126 1763 (a.
1194 1682 1623 1762 ‘He—741),
1702 1688 1996 1747 exortum
2068 1687 2185 1747 est.
2303 1678 2582 1746 Videtur

266 1774 671 1862 &tempore
717 1779 1076 1861 persecutio
1132 1782 1362 1841 contra
1410 1799 1621 1842 sacras
1678 1778 1989 1862 imagines
2043 1779 2355 1861 incepisse
2411 1777 2583 1860 apud

267 1875 796 1941 Muhamedanos.
886 1874 1151 1938 Etenim
1199 1895 1255 1938 a.
1307 1873 1430 1936 722
1478 1872 1663 1937 Jezid
1709 1873 1792 1939 II.
1855 1874 2094 1955 califa,
2150 1874 2319 1938 forte
2377 1896 2415 1937 a
2469 1874 2583 1939 Ju-

266 1973 443 2036 daeis
510 1972 851 2052 incitatae,
931 1993 965 2035 e
1035 1970 1549 2035 Christianorum
1619 1972 1880 2053 templis
1950 1973 2153 2036 totius
2223 1971 2408 2053 regni
2483 1971 2585 2034 sui

266 2069 502 2133 finibus
576 2068 900 2131 deturbari
970 2068 1168 2152 jussit
1242 2088 1452 2131 sacras
1528 2067 1871 2150 imagines,
1944 2067 2586 2150 persecutionemque

263 2167 392 2229 ista
437 2165 507 2228 in
564 2187 754 2229 causa
812 2168 1038 2229 contra
1085 2163 1486 2228 Christianos
1542 2165 1763 2227 movit.
1855 2164 2167 2227 Attamen
2225 2169 2374 2246 post
2429 2162 2586 2227 duos

268 2283 475 2326 annos
533 2262 669 2344 ipse
718 2266 783 2324 et
840 2282 1114 2345 regnum
1176 2265 1243 2323 et
1289 2261 1487 2324 vitam
1534 2259 1770 2326 amisit.
1865 2257 1991 2323 Sed
2050 2280 2224 2323 anno
2274 2258 2400 2325 726
2446 2258 2583 2322 Leo

268 2358 559 2432 Isaurus,
621 2358 735 2441 qui
792 2379 866 2421 eo
923 2378 1130 2440 usque
1189 2377 1258 2420 se
1303 2355 1734 2420 orthodoxum
1781 2355 2183 2432 ostenderat,
2245 2357 2316 2420 in
2372 2377 2582 2420 sacras

266 2455 582 2539 imagines
648 2454 857 2537 coepit
917 2453 1181 2519 saevire.
1286 2451 1527 2528 Quibus
1588 2472 1740 2516 vero
1803 2452 2164 2517 rationibus
2226 2452 2585 2536 Imperator

266 2552 468 2616 fuerit
533 2555 779 2629 motuS,
845 2554 919 2615 ut
986 2555 1172 2614 tanto
1240 2548 1455 2613 furore
1518 2550 1587 2612 in
1647 2550 1894 2613 cultum
1963 2571 2287 2614 sacrarum
2356 2550 2582 2634 imagi-

266 2672 425 2713 num
474 2654 867 2732 exsurgeret,
915 2647 1085 2710 haud
1116 2647 1381 2711 omnino
1425 2645 1830 2729 perspicuum
1871 2651 1987 2711 est.
2065 2646 2344 2711 Judaeos
2393 2668 2583 2729 quos-

267 2746 416 2809 dam
479 2746 858 2827 impostores
912 2766 1218 2828 magnum
1280 2743 1399 2806 hac
1456 2744 1526 2805 in
1586 2763 1657 2805 re
1718 2743 2081 2806 exercuisse
2141 2743 2458 2806 influxum
2514 2744 2583 2807 in

270 2842 589 2921 Leonem,
642 2837 830 2905 'varii
897 2846 1211 2905 auctores*
1256 2839 1659 2922 retulerunt3
1737 2860 1900 2922 quae
1974 2860 2124 2903 vero
2193 2840 2322 2903 ista
2383 2838 2460 2903 de
2514 2861 2586 2904 re

267 2939 570 3002 minutim
627 2942 966 3013 enarrant,
1028 2936 1298 3000 nimium
1362 2935 1657 2999 redolent
1715 2934 2029 3011 fabulam,
2092 2958 2286 3019 quam
2332 2940 2408 2999 ut
2466 2958 2584 3019 pro

267 3040 445 3099 certo
505 3034 754 3118 possint
814 3033 1056 3098 haberi.
1146 3032 1319 3096 Fieri
1377 3036 1599 3096 tamen
1661 3031 1905 3114 potuit,
1974 3036 2048 3095 ut
2093 3031 2254 3111 Leo,
2315 3032 2426 3095 vili
2471 3052 2583 3116 ge-

269 3152 425 3195 nere
494 3135 719 3207 natus,
801 3151 997 3213 quum
1065 3125 1432 3192 adolescens
1501 3128 2035 3192 consuetudinem
2102 3126 2370 3191 haberet
2435 3150 2582 3192 cum

270 3226 757 3291 Muhamedanis
813 3230 879 3289 et
928 3224 1238 3305 Judaeis,
1280 3226 1392 3309 qui
1447 3246 1749 3309 magnam
1805 3225 1874 3287 in
1927 3224 2245 3306 imagines
2306 3246 2459 3307 prae
2516 3246 2584 3289 se

268 3323 569 3388 ferebant
628 3322 1055 3403 aversionem,
1129 3327 1194 3385 et
1254 3322 1390 3404 ipse
1452 3322 1665 3404 impiis
1727 3321 2136 3406 praejudiciis
2199 3321 2585 3386 inficeretur.

268 3421 480 3496 Quum
555 3420 635 3484 ad
707 3419 1040 3500 imperium
1127 3418 1551 3500 pervenisset,
1633 3418 1986 3500 perspexit,
2076 3418 2428 3481 maximum
2504 3440 2583 3482 ex

268 3515 759 3580 Muhamedanis
817 3513 1154 3579 iniminbre
1216 3514 1598 3596 periculum,
1668 3516 1736 3577 et
1789 3513 1956 3578 forte
2016 3514 2139 3579 sibi
2195 3515 2388 3578 finxit
2446 3515 2581 3579 fieri

274 3634 488 3696 posse,
557 3616 633 3676 ut
700 3611 923 3676 mediis
991 3611 1372 3694 opportunis
1436 3610 1739 3674 adhibitis
1805 3610 2156 3674 christiana
2218 3611 2442 3695 religio
2504 3612 2583 3675 iis

270 3708 644 3773 redderetur
708 3708 912 3792 magis
981 3713 1258 3790 accepta.
1352 3706 1641 3785 DixeriS,
1700 3707 2025 3771 hominem
2092 3707 2311 3771 rudem
2371 3708 2585 3772 existi·

270 3826 537 3882 masse,‹
578 3805 976 3869 aversionem
1027 3802 1646 3868 Muhamedanorum
1711 3805 1808 3867 uti
1866 3807 1930 3867 et
1981 3803 2376 3868 ,Iudaeorum
2436 3825 2583 3868 con-

270 3910 374 3966 tra
435 3901 834 3966 Christianos
902 3902 1243 3985 praecipue
1306 3900 1647 3983 provenire
1715 3922 1790 3963 ex
1850 3900 2202 3984 imaginum
2264 3902 2471 3979 cultu,
2547 3924 2584 3966 a

273 4020 400 4083 quo
458 3998 555 4063 illi
616 3997 1066 4063 abhorrebant.
1165 3996 1337 4061 Hinc
1403 3996 1523 4060 sibi
1589 3997 1923 4080 proposuit
1967 3998 2030 4061 vi
2090 3997 2273 4060 illum
2336 3998 2579 4061 cultum

271 4095 615 4159 destruere.
720 4095 779 4158 A
850 4094 1161 4158 violentia
1231 4094 1403 4157 enim
1480 4093 1549 4155 in
1614 4114 1684 4156 re
1755 4093 2060 4176 religiosa
2128 4115 2195 4156 se
2269 4115 2404 4156 non
2476 4094 2583 4157 ab·

272 4192 531 4256 horrere
587 4191 727 4275 jam
790 4189 1191 4268 ostenderat,
1249 4212 1449 4273 quum
1514 4211 1687 4253 anno
1748 4189 1872 4254 7⁶22
1935 4189 2215 4255 Judaeos
2274 4193 2343 4253 et
2395 4189 2580 4254 Mon—
