<?xml version="1.0" encoding="UTF-8"?>
<!DOCTYPE html PUBLIC "-//W3C//DTD XHTML 1.0 Transitional//EN"
    "http://www.w3.org/TR/xhtml1/DTD/xhtml1-transitional.dtd">
<html xmlns="http://www.w3.org/1999/xhtml" xml:lang="en" lang="en">
 <head>
  <title>
</title>
<meta http-equiv="Content-Type" content="text/html;charset=utf-8" />
  <meta name='ocr-system' content='tesseract 3.04.00' />
  <meta name='ocr-capabilities' content='ocr_page ocr_carea ocr_par ocr_line ocrx_word'/>
</head>
<body>
  <div class='ocr_page' id='page_1' title='image "./dissertationess04junggoog_0368.png"; bbox 0 0 3270 5028; ppageno 0'>
   <div class='ocr_carea' id='block_1_1' title="bbox 642 372 2353 427">
    <p class='ocr_par' dir='ltr' id='par_1_1' title="bbox 642 372 2353 427">
     <span class='ocr_line' id='line_1_1' title="bbox 642 372 2353 427; baseline 0.001 -2"><span class='ocrx_word' id='word_1_1' title='bbox 642 373 757 425; x_wconf 70' lang='lat'><strong><em>362</em></strong></span> <span class='ocrx_word' id='word_1_2' title='bbox 1333 372 1511 425; x_wconf 86' lang='lat' dir='ltr'>XVII.</span> <span class='ocrx_word' id='word_1_3' title='bbox 1551 373 1634 427; x_wconf 90' lang='lat' dir='ltr'><strong><em>De</em></strong></span> <span class='ocrx_word' id='word_1_4' title='bbox 1674 372 1968 427; x_wconf 81' lang='lat' dir='ltr'><strong>schismate</strong></span> <span class='ocrx_word' id='word_1_5' title='bbox 2006 374 2292 427; x_wconf 80' lang='lat' dir='ltr'><strong><em>PhotianO.</em></strong></span> <span class='ocrx_word' id='word_1_6' title='bbox 2348 373 2353 376; x_wconf 48' lang='lat'><em>⁷</em></span> 
     </span>
    </p>
   </div>
   <div class='ocr_carea' id='block_1_2' title="bbox 571 512 3029 4182">
    <p class='ocr_par' dir='ltr' id='par_1_2' title="bbox 639 512 2992 2532">
     <span class='ocr_line' id='line_1_2' title="bbox 639 512 2992 596; baseline -0 -18"><span class='ocrx_word' id='word_1_7' title='bbox 639 517 771 578; x_wconf 85' lang='lat' dir='ltr'><strong><em>-aut</em></strong></span> <span class='ocrx_word' id='word_1_8' title='bbox 815 532 1049 595; x_wconf 71' lang='lat' dir='ltr'><strong><em>ruyam</em></strong></span> <span class='ocrx_word' id='word_1_9' title='bbox 1065 562 1081 590; x_wconf 90' lang='lat'><em>‚</em></span> <span class='ocrx_word' id='word_1_10' title='bbox 1127 512 1512 595; x_wconf 72' lang='lat' dir='ltr'><strong><em>laryiamur,</em></strong></span> <span class='ocrx_word' id='word_1_11' title='bbox 1560 518 1941 591; x_wconf 89' lang='lat' dir='ltr'><strong><em>asserentes,</em></strong></span> <span class='ocrx_word' id='word_1_12' title='bbox 2012 514 2181 595; x_wconf 81' lang='lat' dir='ltr'><strong><em>quod</em></strong></span> <span class='ocrx_word' id='word_1_13' title='bbox 2223 514 2297 579; x_wconf 91' lang='lat' dir='ltr'><strong><em>in</em></strong></span> <span class='ocrx_word' id='word_1_14' title='bbox 2332 513 2630 596; x_wconf 90' lang='lat' dir='ltr'><strong><em>patriam</em></strong></span> <span class='ocrx_word' id='word_1_15' title='bbox 2673 517 2992 578; x_wconf 82' lang='lat' dir='ltr'><strong><em>vestram</em></strong></span> 
     </span>
     <span class='ocr_line' id='line_1_3' title="bbox 643 608 2990 693; baseline -0 -19"><span class='ocrx_word' id='word_1_16' title='bbox 643 609 843 675; x_wconf 82' lang='lat' dir='ltr'><strong><em>multi</em></strong></span> <span class='ocrx_word' id='word_1_17' title='bbox 889 630 968 674; x_wconf 81' lang='lat' dir='ltr'><strong><em>ex</em></strong></span> <span class='ocrx_word' id='word_1_18' title='bbox 1005 608 1280 674; x_wconf 85' lang='lat' dir='ltr'><strong><em>diversis</em></strong></span> <span class='ocrx_word' id='word_1_19' title='bbox 1335 609 1488 674; x_wconf 90' lang='lat' dir='ltr'><strong><em>locis</em></strong></span> <span class='ocrx_word' id='word_1_20' title='bbox 1531 610 1914 676; x_wconf 76' lang='lat' dir='ltr'><em>Christiani</em></span> <span class='ocrx_word' id='word_1_21' title='bbox 1970 610 2375 690; x_wconf 74' lang='lat' dir='ltr'><strong><em>advenerint,</em></strong></span> <span class='ocrx_word' id='word_1_22' title='bbox 2433 611 2548 693; x_wconf 82' lang='lat' dir='ltr'><strong><em>qui</em></strong></span> <span class='ocrx_word' id='word_1_23' title='bbox 2596 615 2805 693; x_wconf 84' lang='lat' dir='ltr'><strong><em>prout</em></strong></span> <span class='ocrx_word' id='word_1_24' title='bbox 2858 631 2990 674; x_wconf 83' lang='lat' dir='ltr'><strong><em>vo-</em></strong></span> 
     </span>
     <span class='ocr_line' id='line_1_4' title="bbox 643 706 2986 789; baseline -0.001 -17"><span class='ocrx_word' id='word_1_25' title='bbox 643 707 875 774; x_wconf 87' lang='lat' dir='ltr'><strong><em>luntas</em></strong></span> <span class='ocrx_word' id='word_1_26' title='bbox 920 726 1139 771; x_wconf 88' lang='lat' dir='ltr'><strong><em>eorum</em></strong></span> <span class='ocrx_word' id='word_1_27' title='bbox 1169 706 1411 787; x_wconf 74' lang='lat' dir='ltr'><strong><em>existit,</em></strong></span> <span class='ocrx_word' id='word_1_28' title='bbox 1459 707 1668 773; x_wconf 85' lang='lat' dir='ltr'><strong><em>multa</em></strong></span> <span class='ocrx_word' id='word_1_29' title='bbox 1711 712 1771 772; x_wconf 88' lang='lat' dir='ltr'><strong><em>et</em></strong></span> <span class='ocrx_word' id='word_1_30' title='bbox 1801 706 1993 772; x_wconf 83' lang='lat' dir='ltr'><strong><em>varia</em></strong></span> <span class='ocrx_word' id='word_1_31' title='bbox 2039 707 2415 789; x_wconf 80' lang='lat' dir='ltr'><strong><em>loquuntur,</em></strong></span> <span class='ocrx_word' id='word_1_32' title='bbox 2458 707 2529 773; x_wconf 92' lang='lat' dir='ltr'><strong><em>id</em></strong></span> <span class='ocrx_word' id='word_1_33' title='bbox 2573 713 2666 772; x_wconf 89' lang='lat' dir='ltr'><strong><em>est</em></strong></span> <span class='ocrx_word' id='word_1_34' title='bbox 2700 706 2986 784; x_wconf 75' lang='lat' dir='ltr'><strong><em>Graeci,</em></strong></span> 
     </span>
     <span class='ocr_line' id='line_1_5' title="bbox 644 792 2986 886; baseline -0 -18"><span class='ocrx_word' id='word_1_35' title='bbox 644 792 928 868; x_wconf 83' lang='lat' dir='ltr'><strong><em>Armeni</em></strong></span> <span class='ocrx_word' id='word_1_36' title='bbox 974 807 1034 867; x_wconf 91' lang='lat' dir='ltr'><strong><em>et</em></strong></span> <span class='ocrx_word' id='word_1_37' title='bbox 1080 823 1159 867; x_wconf 76' lang='lat' dir='ltr'><strong><em>esc</em></strong></span> <span class='ocrx_word' id='word_1_38' title='bbox 1205 803 1474 868; x_wconf 86' lang='lat' dir='ltr'><strong><em>caeteris</em></strong></span> <span class='ocrx_word' id='word_1_39' title='bbox 1520 804 1674 869; x_wconf 87' lang='lat' dir='ltr'><strong><em>locis</em></strong></span> <span class='ocrx_word' id='word_1_40' title='bbox 1722 807 1798 883; x_wconf 88' lang='lat' dir='ltr'><strong><em>(c.</em></strong></span> <span class='ocrx_word' id='word_1_41' title='bbox 1853 804 2027 885; x_wconf 83' lang='lat'>106).</span> <span class='ocrx_word' id='word_1_42' title='bbox 2114 804 2424 886; x_wconf 81' lang='lat' dir='ltr'><strong><em>Refertis,</em></strong></span> <span class='ocrx_word' id='word_1_43' title='bbox 2472 805 2639 886; x_wconf 82' lang='lat' dir='ltr'><strong><em>quod</em></strong></span> <span class='ocrx_word' id='word_1_44' title='bbox 2683 804 2986 868; x_wconf 74' lang='lat' dir='ltr'><strong><em>Graeco-</em></strong></span> 
     </span>
     <span class='ocr_line' id='line_1_6' title="bbox 646 899 2985 982; baseline -0 -17"><span class='ocrx_word' id='word_1_45' title='bbox 646 922 800 965; x_wconf 87' lang='lat' dir='ltr'><strong><em>rum</em></strong></span> <span class='ocrx_word' id='word_1_46' title='bbox 858 899 1243 981; x_wconf 73' lang='lat' dir='ltr'><strong><em>Quibusdam</em></strong></span> <span class='ocrx_word' id='word_1_47' title='bbox 1301 900 1570 967; x_wconf 82' lang='lat' dir='ltr'><strong><em>codicem</em></strong></span> <span class='ocrx_word' id='word_1_48' title='bbox 1628 900 2095 982; x_wconf 77' lang='lat' dir='ltr'><strong><em>accipientibus</em></strong></span> <span class='ocrx_word' id='word_1_49' title='bbox 2149 902 2223 965; x_wconf 88' lang='lat' dir='ltr'><strong><em>in</em></strong></span> <span class='ocrx_word' id='word_1_50' title='bbox 2279 900 2582 966; x_wconf 82' lang='lat' dir='ltr'><strong><em>manibus</em></strong></span> <span class='ocrx_word' id='word_1_51' title='bbox 2642 900 2985 977; x_wconf 85' lang='lat' dir='ltr'><strong><em>clausum,</em></strong></span> 
     </span>
     <span class='ocr_line' id='line_1_7' title="bbox 652 996 2987 1082; baseline -0.001 -19"><span class='ocrx_word' id='word_1_52' title='bbox 652 1018 826 1063; x_wconf 83' lang='lat' dir='ltr'><strong><em>unus</em></strong></span> <span class='ocrx_word' id='word_1_53' title='bbox 886 1018 967 1061; x_wconf 77' lang='lat' dir='ltr'><strong><em>esc</em></strong></span> <span class='ocrx_word' id='word_1_54' title='bbox 1029 997 1121 1061; x_wconf 89' lang='lat' dir='ltr'><strong><em>eis</em></strong></span> <span class='ocrx_word' id='word_1_55' title='bbox 1182 997 1504 1079; x_wconf 87' lang='lat' dir='ltr'><strong><em>accipiens</em></strong></span> <span class='ocrx_word' id='word_1_56' title='bbox 1552 996 2022 1080; x_wconf 76' lang='lat' dir='ltr'><strong><em>parvissimam</em></strong></span> <span class='ocrx_word' id='word_1_57' title='bbox 2087 996 2491 1079; x_wconf 76' lang='lat' dir='ltr'><strong><em>particulam</em></strong></span> <span class='ocrx_word' id='word_1_58' title='bbox 2560 996 2729 1082; x_wconf 77' lang='lat' dir='ltr'><strong><em>liqni</em></strong></span> <span class='ocrx_word' id='word_1_59' title='bbox 2793 997 2987 1061; x_wconf 81' lang='lat' dir='ltr'><strong><em>hanc</em></strong></span> 
     </span>
     <span class='ocr_line' id='line_1_8' title="bbox 644 1092 2983 1176; baseline -0.001 -17"><span class='ocrx_word' id='word_1_60' title='bbox 644 1093 834 1159; x_wconf 85' lang='lat' dir='ltr'><strong><em>intra</em></strong></span> <span class='ocrx_word' id='word_1_61' title='bbox 879 1094 1095 1175; x_wconf 88' lang='lat' dir='ltr'><strong><em>ipsum</em></strong></span> <span class='ocrx_word' id='word_1_62' title='bbox 1142 1093 1413 1159; x_wconf 81' lang='lat' dir='ltr'><strong><em>codicem</em></strong></span> <span class='ocrx_word' id='word_1_63' title='bbox 1460 1095 1718 1174; x_wconf 89' lang='lat' dir='ltr'><strong><em>condat,</em></strong></span> <span class='ocrx_word' id='word_1_64' title='bbox 1778 1099 1839 1159; x_wconf 91' lang='lat' dir='ltr'><strong><em>et</em></strong></span> <span class='ocrx_word' id='word_1_65' title='bbox 1892 1093 1951 1159; x_wconf 90' lang='lat' dir='ltr'><strong><em>si</em></strong></span> <span class='ocrx_word' id='word_1_66' title='bbox 1996 1094 2439 1176; x_wconf 76' lang='lat' dir='ltr'><strong><em>undecumque</em></strong></span> <span class='ocrx_word' id='word_1_67' title='bbox 2494 1093 2720 1175; x_wconf 81' lang='lat' dir='ltr'><strong><em>aliqua</em></strong></span> <span class='ocrx_word' id='word_1_68' title='bbox 2764 1092 2983 1157; x_wconf 84' lang='lat' dir='ltr'><strong><em>verti-</em></strong></span> 
     </span>
     <span class='ocr_line' id='line_1_9' title="bbox 652 1189 2986 1274; baseline -0 -20"><span class='ocrx_word' id='word_1_69' title='bbox 652 1195 765 1256; x_wconf 90' lang='lat' dir='ltr'><strong><em>tur</em></strong></span> <span class='ocrx_word' id='word_1_70' title='bbox 809 1189 1224 1273; x_wconf 72' lang='lat' dir='ltr'><strong><em>ambiyuita3‚</em></strong></span> <span class='ocrx_word' id='word_1_71' title='bbox 1263 1212 1386 1274; x_wconf 90' lang='lat' dir='ltr'><strong><em>per</em></strong></span> <span class='ocrx_word' id='word_1_72' title='bbox 1416 1191 1531 1257; x_wconf 82' lang='lat' dir='ltr'><strong><em>hoc</em></strong></span> <span class='ocrx_word' id='word_1_73' title='bbox 1576 1191 1913 1274; x_wconf 78' lang='lat' dir='ltr'><strong><em>affirment</em></strong></span> <span class='ocrx_word' id='word_1_74' title='bbox 1958 1190 2122 1255; x_wconf 84' lang='lat' dir='ltr'><strong><em>scire</em></strong></span> <span class='ocrx_word' id='word_1_75' title='bbox 2152 1212 2218 1255; x_wconf 89' lang='lat' dir='ltr'><strong><em>se</em></strong></span> <span class='ocrx_word' id='word_1_76' title='bbox 2255 1212 2442 1273; x_wconf 91' lang='lat' dir='ltr'><strong><em>posse</em></strong></span> <span class='ocrx_word' id='word_1_77' title='bbox 2471 1191 2638 1272; x_wconf 83' lang='lat' dir='ltr'><strong><em>quod</em></strong></span> <span class='ocrx_word' id='word_1_78' title='bbox 2683 1190 2986 1273; x_wconf 77' lang='lat' dir='ltr'><strong><em>cupiunt</em></strong></span> 
     </span>
     <span class='ocr_line' id='line_1_10' title="bbox 642 1285 2985 1371; baseline -0.001 -18"><span class='ocrx_word' id='word_1_79' title='bbox 642 1288 735 1371; x_wconf 70' lang='lat' dir='ltr'><strong><em>(c.</em></strong></span> <span class='ocrx_word' id='word_1_80' title='bbox 788 1289 916 1366; x_wconf 90' lang='lat'><strong>77).</strong></span> <span class='ocrx_word' id='word_1_81' title='bbox 1030 1285 1309 1353; x_wconf 75' lang='lat' dir='ltr'><strong><em>Graecos</em></strong></span> <span class='ocrx_word' id='word_1_82' title='bbox 1357 1288 1571 1353; x_wconf 87' lang='lat' dir='ltr'><strong><em>dicere</em></strong></span> <span class='ocrx_word' id='word_1_83' title='bbox 1616 1287 2001 1371; x_wconf 78' lang='lat' dir='ltr'><strong><em>perhibetis,</em></strong></span> <span class='ocrx_word' id='word_1_84' title='bbox 2066 1288 2235 1370; x_wconf 82' lang='lat' dir='ltr'><strong><em>quod</em></strong></span> <span class='ocrx_word' id='word_1_85' title='bbox 2292 1288 2366 1352; x_wconf 90' lang='lat' dir='ltr'><strong><em>in</em></strong></span> <span class='ocrx_word' id='word_1_86' title='bbox 2423 1287 2688 1353; x_wconf 88' lang='lat' dir='ltr'><strong><em>illorum</em></strong></span> <span class='ocrx_word' id='word_1_87' title='bbox 2728 1286 2985 1369; x_wconf 85' lang='lat' dir='ltr'><strong><em>patria</em></strong></span> 
     </span>
     <span class='ocr_line' id='line_1_11' title="bbox 650 1382 2982 1467; baseline -0.002 -17"><span class='ocrx_word' id='word_1_88' title='bbox 650 1383 936 1450; x_wconf 83' lang='lat' dir='ltr'><strong><em>chrisma</em></strong></span> <span class='ocrx_word' id='word_1_89' title='bbox 976 1389 1035 1448; x_wconf 90' lang='lat' dir='ltr'><strong><em>et</em></strong></span> <span class='ocrx_word' id='word_1_90' title='bbox 1082 1385 1341 1449; x_wconf 88' lang='lat' dir='ltr'><strong><em>oriatur</em></strong></span> <span class='ocrx_word' id='word_1_91' title='bbox 1385 1389 1445 1449; x_wconf 93' lang='lat' dir='ltr'><strong><em>et</em></strong></span> <span class='ocrx_word' id='word_1_92' title='bbox 1493 1406 1618 1467; x_wconf 90' lang='lat' dir='ltr'><strong><em>per</em></strong></span> <span class='ocrx_word' id='word_1_93' title='bbox 1665 1390 1869 1449; x_wconf 82' lang='lat' dir='ltr'><strong><em>totum</em></strong></span> <span class='ocrx_word' id='word_1_94' title='bbox 1913 1384 2230 1450; x_wconf 86' lang='lat' dir='ltr'><strong><em>mundum</em></strong></span> <span class='ocrx_word' id='word_1_95' title='bbox 2244 1384 2650 1462; x_wconf 47' lang='lat' dir='ltr'><strong><em>„tribuatum</em></strong></span> <span class='ocrx_word' id='word_1_96' title='bbox 2704 1387 2764 1447; x_wconf 91' lang='lat' dir='ltr'><strong><em>et</em></strong></span> <span class='ocrx_word' id='word_1_97' title='bbox 2821 1382 2982 1447; x_wconf 83' lang='lat' dir='ltr'><strong><em>ideo</em></strong></span> 
     </span>
     <span class='ocr_line' id='line_1_12' title="bbox 649 1480 2980 1562; baseline -0.001 -16"><span class='ocrx_word' id='word_1_98' title='bbox 649 1501 836 1546; x_wconf 86' lang='lat' dir='ltr'><strong><em>nosse</em></strong></span> <span class='ocrx_word' id='word_1_99' title='bbox 865 1480 1263 1560; x_wconf 87' lang='lat' dir='ltr'><strong><em>desideratis,</em></strong></span> <span class='ocrx_word' id='word_1_100' title='bbox 1309 1481 1368 1545; x_wconf 90' lang='lat' dir='ltr'><strong><em>si</em></strong></span> <span class='ocrx_word' id='word_1_101' title='bbox 1398 1502 1621 1547; x_wconf 84' lang='lat' dir='ltr'><strong><em>verum</em></strong></span> <span class='ocrx_word' id='word_1_102' title='bbox 1653 1481 1756 1545; x_wconf 88' lang='lat' dir='ltr'><strong><em>sit.</em></strong></span> <span class='ocrx_word' id='word_1_103' title='bbox 1831 1481 1959 1546; x_wconf 79' lang='lat' dir='ltr'><strong><em>Sed</em></strong></span> <span class='ocrx_word' id='word_1_104' title='bbox 1984 1482 2132 1561; x_wconf 78' lang='lat' dir='ltr'><strong><em>jam</em></strong></span> <span class='ocrx_word' id='word_1_105' title='bbox 2165 1480 2503 1559; x_wconf 88' lang='lat' dir='ltr'><strong><em>credimus,</em></strong></span> <span class='ocrx_word' id='word_1_106' title='bbox 2551 1481 2720 1562; x_wconf 80' lang='lat' dir='ltr'><strong><em>quod</em></strong></span> <span class='ocrx_word' id='word_1_107' title='bbox 2746 1484 2980 1544; x_wconf 82' lang='lat' dir='ltr'><strong><em>vestra</em></strong></span> 
     </span>
     <span class='ocr_line' id='line_1_13' title="bbox 642 1576 2977 1662; baseline -0.001 -19"><span class='ocrx_word' id='word_1_108' title='bbox 642 1577 943 1656; x_wconf 79' lang='lat' dir='ltr'><strong><em>solertia,</em></strong></span> <span class='ocrx_word' id='word_1_109' title='bbox 1001 1578 1169 1658; x_wconf 80' lang='lat' dir='ltr'><strong><em>qaod</em></strong></span> <span class='ocrx_word' id='word_1_110' title='bbox 1222 1599 1447 1657; x_wconf 72' lang='lat' dir='ltr'><strong><em>verum</em></strong></span> <span class='ocrx_word' id='word_1_111' title='bbox 1502 1600 1634 1643; x_wconf 87' lang='lat' dir='ltr'><strong><em>non</em></strong></span> <span class='ocrx_word' id='word_1_112' title='bbox 1692 1577 1804 1657; x_wconf 90' lang='lat' dir='ltr'><strong><em>sit,</em></strong></span> <span class='ocrx_word' id='word_1_113' title='bbox 1861 1578 2344 1643; x_wconf 83' lang='lat' dir='ltr'><strong><em>animadvertat</em></strong></span> <span class='ocrx_word' id='word_1_114' title='bbox 2399 1580 2478 1661; x_wconf 87' lang='lat' dir='ltr'><strong><em>(c.</em></strong></span> <span class='ocrx_word' id='word_1_115' title='bbox 2530 1576 2663 1662; x_wconf 87' lang='lat'>94).</span> <span class='ocrx_word' id='word_1_116' title='bbox 2757 1576 2977 1641; x_wconf 88' lang='lat' dir='ltr'><strong><em>Prae-</em></strong></span> 
     </span>
     <span class='ocr_line' id='line_1_14' title="bbox 646 1674 2981 1757; baseline -0.001 -18"><span class='ocrx_word' id='word_1_117' title='bbox 646 1679 829 1739; x_wconf 85' lang='lat' dir='ltr'><strong><em>terea</em></strong></span> <span class='ocrx_word' id='word_1_118' title='bbox 874 1674 1247 1753; x_wconf 90' lang='lat' dir='ltr'><strong><em>indicastis,</em></strong></span> <span class='ocrx_word' id='word_1_119' title='bbox 1302 1675 1470 1755; x_wconf 77' lang='lat' dir='ltr'><strong><em>quod</em></strong></span> <span class='ocrx_word' id='word_1_120' title='bbox 1515 1676 1782 1757; x_wconf 80' lang='lat' dir='ltr'><strong><em>quidam</em></strong></span> <span class='ocrx_word' id='word_1_121' title='bbox 1837 1675 2127 1740; x_wconf 74' lang='lat' dir='ltr'><strong><em>Graecus</em></strong></span> <span class='ocrx_word' id='word_1_122' title='bbox 2171 1674 2487 1740; x_wconf 89' lang='lat' dir='ltr'><strong><em>mentiens</em></strong></span> <span class='ocrx_word' id='word_1_123' title='bbox 2530 1674 2857 1756; x_wconf 81' lang='lat' dir='ltr'><strong><em>fateretur</em></strong></span> <span class='ocrx_word' id='word_1_124' title='bbox 2901 1694 2981 1737; x_wconf 86' lang='lat' dir='ltr'><strong><em>se</em></strong></span> 
     </span>
     <span class='ocr_line' id='line_1_15' title="bbox 643 1770 2977 1855; baseline 0 -21"><span class='ocrx_word' id='word_1_125' title='bbox 643 1770 1099 1854; x_wconf 75' lang='lat' dir='ltr'><strong><em>presbyterum</em></strong></span> <span class='ocrx_word' id='word_1_126' title='bbox 1158 1792 1315 1851; x_wconf 89' lang='lat' dir='ltr'><strong><em>esse,</em></strong></span> <span class='ocrx_word' id='word_1_127' title='bbox 1375 1793 1524 1837; x_wconf 84' lang='lat' dir='ltr'><strong><em>cum</em></strong></span> <span class='ocrx_word' id='word_1_128' title='bbox 1583 1794 1717 1837; x_wconf 89' lang='lat' dir='ltr'><strong><em>non</em></strong></span> <span class='ocrx_word' id='word_1_129' title='bbox 1776 1778 1963 1852; x_wconf 84' lang='lat' dir='ltr'><strong><em>esset,</em></strong></span> <span class='ocrx_word' id='word_1_130' title='bbox 2032 1792 2107 1837; x_wconf 93' lang='lat' dir='ltr'><strong><em>ac</em></strong></span> <span class='ocrx_word' id='word_1_131' title='bbox 2159 1793 2283 1855; x_wconf 89' lang='lat' dir='ltr'><strong><em>per</em></strong></span> <span class='ocrx_word' id='word_1_132' title='bbox 2337 1773 2450 1837; x_wconf 83' lang='lat' dir='ltr'><strong><em>hoc</em></strong></span> <span class='ocrx_word' id='word_1_133' title='bbox 2508 1771 2829 1853; x_wconf 85' lang='lat' dir='ltr'><strong><em>plurimos</em></strong></span> <span class='ocrx_word' id='word_1_134' title='bbox 2890 1771 2977 1834; x_wconf 81' lang='lat' dir='ltr'><strong><em>in</em></strong></span> 
     </span>
     <span class='ocr_line' id='line_1_16' title="bbox 648 1867 2978 1952; baseline -0 -20"><span class='ocrx_word' id='word_1_135' title='bbox 648 1867 876 1950; x_wconf 88' lang='lat' dir='ltr'><strong><em>patria</em></strong></span> <span class='ocrx_word' id='word_1_136' title='bbox 937 1871 1151 1934; x_wconf 85' lang='lat' dir='ltr'><strong><em>vestra</em></strong></span> <span class='ocrx_word' id='word_1_137' title='bbox 1217 1867 1620 1950; x_wconf 71' lang='lat' dir='ltr'><strong><em>baptizasset.</em></strong></span> <span class='ocrx_word' id='word_1_138' title='bbox 1733 1868 1896 1934; x_wconf 80' lang='lat' dir='ltr'><strong><em>Cum</em></strong></span> <span class='ocrx_word' id='word_1_139' title='bbox 1959 1890 2108 1952; x_wconf 70' lang='lat' dir='ltr'><strong><em>erqo</em></strong></span> <span class='ocrx_word' id='word_1_140' title='bbox 2170 1891 2280 1934; x_wconf 82' lang='lat' dir='ltr'><strong><em>vos</em></strong></span> <span class='ocrx_word' id='word_1_141' title='bbox 2337 1869 2770 1952; x_wconf 84' lang='lat' dir='ltr'><strong><em>inspiratione</em></strong></span> <span class='ocrx_word' id='word_1_142' title='bbox 2830 1867 2978 1931; x_wconf 88' lang='lat' dir='ltr'><strong><em>Dei</em></strong></span> 
     </span>
     <span class='ocr_line' id='line_1_17' title="bbox 644 1963 2972 2049; baseline -0.001 -19"><span class='ocrx_word' id='word_1_143' title='bbox 644 1963 1124 2045; x_wconf 70' lang='lat' dir='ltr'><strong><em>coynovissetis‚</em></strong></span> <span class='ocrx_word' id='word_1_144' title='bbox 1176 1965 1344 2045; x_wconf 78' lang='lat' dir='ltr'><strong><em>quod</em></strong></span> <span class='ocrx_word' id='word_1_145' title='bbox 1372 1986 1505 2030; x_wconf 86' lang='lat' dir='ltr'><strong><em>non</em></strong></span> <span class='ocrx_word' id='word_1_146' title='bbox 1548 1970 1708 2030; x_wconf 90' lang='lat' dir='ltr'><strong><em>esset</em></strong></span> <span class='ocrx_word' id='word_1_147' title='bbox 1742 1967 2099 2049; x_wconf 73' lang='lat' dir='ltr'><strong><em>presbyter,</em></strong></span> <span class='ocrx_word' id='word_1_148' title='bbox 2133 1965 2613 2049; x_wconf 82' lang='lat' dir='ltr'><strong><em>judicaveritis,</em></strong></span> <span class='ocrx_word' id='word_1_149' title='bbox 2659 1970 2735 2029; x_wconf 87' lang='lat' dir='ltr'><strong><em>ut</em></strong></span> <span class='ocrx_word' id='word_1_150' title='bbox 2765 1964 2972 2030; x_wconf 84' lang='lat' dir='ltr'><strong><em>amit-</em></strong></span> 
     </span>
     <span class='ocr_line' id='line_1_18' title="bbox 656 2062 2975 2141; baseline -0 -15"><span class='ocrx_word' id='word_1_151' title='bbox 656 2065 816 2126; x_wconf 82' lang='lat' dir='ltr'><strong><em>teret</em></strong></span> <span class='ocrx_word' id='word_1_152' title='bbox 869 2081 1064 2125; x_wconf 86' lang='lat' dir='ltr'><strong><em>aures</em></strong></span> <span class='ocrx_word' id='word_1_153' title='bbox 1128 2066 1189 2125; x_wconf 87' lang='lat' dir='ltr'><strong><em>et</em></strong></span> <span class='ocrx_word' id='word_1_154' title='bbox 1244 2082 1464 2141; x_wconf 86' lang='lat' dir='ltr'><strong><em>nares,</em></strong></span> <span class='ocrx_word' id='word_1_155' title='bbox 1524 2067 1585 2126; x_wconf 91' lang='lat' dir='ltr'><strong><em>et</em></strong></span> <span class='ocrx_word' id='word_1_156' title='bbox 1647 2063 1985 2127; x_wconf 86' lang='lat' dir='ltr'><strong><em>acerrimis</em></strong></span> <span class='ocrx_word' id='word_1_157' title='bbox 2044 2062 2413 2127; x_wconf 83' lang='lat' dir='ltr'><strong><em>verberibus</em></strong></span> <span class='ocrx_word' id='word_1_158' title='bbox 2476 2062 2846 2127; x_wconf 79' lang='lat' dir='ltr'><strong><em>caederet-ur</em></strong></span> <span class='ocrx_word' id='word_1_159' title='bbox 2909 2066 2975 2126; x_wconf 92' lang='lat' dir='ltr'><strong><em>et</em></strong></span> 
     </span>
     <span class='ocr_line' id='line_1_19' title="bbox 644 2158 2971 2244; baseline -0 -21"><span class='ocrx_word' id='word_1_160' title='bbox 644 2179 735 2242; x_wconf 71' lang='lat' dir='ltr'><strong><em>-esc</em></strong></span> <span class='ocrx_word' id='word_1_161' title='bbox 779 2162 994 2223; x_wconf 84' lang='lat' dir='ltr'><strong><em>vestra</em></strong></span> <span class='ocrx_word' id='word_1_162' title='bbox 1029 2158 1262 2240; x_wconf 90' lang='lat' dir='ltr'><strong><em>patria</em></strong></span> <span class='ocrx_word' id='word_1_163' title='bbox 1304 2159 1652 2242; x_wconf 80' lang='lat' dir='ltr'><strong><em>pelleretur</em></strong></span> <span class='ocrx_word' id='word_1_164' title='bbox 1699 2160 1774 2244; x_wconf 91' lang='lat' dir='ltr'><strong><em>(c.</em></strong></span> <span class='ocrx_word' id='word_1_165' title='bbox 1826 2162 1949 2241; x_wconf 84' lang='lat'>14).</span> <span class='ocrx_word' id='word_1_166' title='bbox 1998 2199 2082 2207; x_wconf 81' lang='lat'><strong><em>——</em></strong></span> <span class='ocrx_word' id='word_1_167' title='bbox 2132 2161 2353 2244; x_wconf 80' lang='lat' dir='ltr'><strong><em>Vides,</em></strong></span> <span class='ocrx_word' id='word_1_168' title='bbox 2402 2160 2759 2225; x_wconf 80' lang='lat' dir='ltr'><strong><em>Orientales</em></strong></span> <span class='ocrx_word' id='word_1_169' title='bbox 2804 2159 2971 2222; x_wconf 89' lang='lat' dir='ltr'><strong><em>Bul-</em></strong></span> 
     </span>
     <span class='ocr_line' id='line_1_20' title="bbox 655 2255 2972 2341; baseline 0 -22"><span class='ocrx_word' id='word_1_170' title='bbox 655 2257 825 2341; x_wconf 83' lang='lat' dir='ltr'><strong><em>garis</em></strong></span> <span class='ocrx_word' id='word_1_171' title='bbox 874 2257 1273 2339; x_wconf 86' lang='lat' dir='ltr'><strong><em>querelarum</em></strong></span> <span class='ocrx_word' id='word_1_172' title='bbox 1321 2259 1712 2321; x_wconf 85' lang='lat' dir='ltr'><strong><em>occasionem</em></strong></span> <span class='ocrx_word' id='word_1_173' title='bbox 1744 2259 2017 2339; x_wconf 82' lang='lat' dir='ltr'><strong><em>dedisse3</em></strong></span> <span class='ocrx_word' id='word_1_174' title='bbox 2061 2259 2391 2341; x_wconf 84' lang='lat' dir='ltr'><strong><em>probabile</em></strong></span> <span class='ocrx_word' id='word_1_175' title='bbox 2436 2259 2630 2321; x_wconf 84' lang='lat' dir='ltr'><strong><em>etiam</em></strong></span> <span class='ocrx_word' id='word_1_176' title='bbox 2680 2264 2794 2332; x_wconf 78' lang='lat' dir='ltr'><strong><em>est,</em></strong></span> <span class='ocrx_word' id='word_1_177' title='bbox 2843 2255 2972 2319; x_wconf 91' lang='lat' dir='ltr'><strong><em>Bo-</em></strong></span> 
     </span>
     <span class='ocr_line' id='line_1_21' title="bbox 645 2352 2971 2440; baseline -0.001 -23"><span class='ocrx_word' id='word_1_178' title='bbox 645 2354 861 2437; x_wconf 81' lang='lat' dir='ltr'><strong><em>gorim</em></strong></span> <span class='ocrx_word' id='word_1_179' title='bbox 900 2353 1157 2417; x_wconf 89' lang='lat' dir='ltr'><strong><em>novisse</em></strong></span> <span class='ocrx_word' id='word_1_180' title='bbox 1205 2353 1419 2418; x_wconf 89' lang='lat' dir='ltr'><strong><em>Photii</em></strong></span> <span class='ocrx_word' id='word_1_181' title='bbox 1460 2355 1642 2419; x_wconf 88' lang='lat' dir='ltr'><strong><em>litem</em></strong></span> <span class='ocrx_word' id='word_1_182' title='bbox 1689 2361 1912 2419; x_wconf 87' lang='lat' dir='ltr'><strong><em>contra</em></strong></span> <span class='ocrx_word' id='word_1_183' title='bbox 1959 2355 2311 2440; x_wconf 82' lang='lat' dir='ltr'><strong><em>Ignatium‚</em></strong></span> <span class='ocrx_word' id='word_1_184' title='bbox 2357 2354 2636 2437; x_wconf 86' lang='lat' dir='ltr'><strong><em>indeque</em></strong></span> <span class='ocrx_word' id='word_1_185' title='bbox 2669 2352 2971 2418; x_wconf 84' lang='lat' dir='ltr'><strong><em>CPtanos</em></strong></span> 
     </span>
     <span class='ocr_line' id='line_1_22' title="bbox 656 2450 1343 2532; baseline 0.001 -19"><span class='ocrx_word' id='word_1_186' title='bbox 656 2451 714 2513; x_wconf 91' lang='lat' dir='ltr'><strong><em>ei</em></strong></span> <span class='ocrx_word' id='word_1_187' title='bbox 761 2456 1090 2532; x_wconf 88' lang='lat' dir='ltr'><strong><em>suspectos</em></strong></span> <span class='ocrx_word' id='word_1_188' title='bbox 1135 2450 1343 2516; x_wconf 87' lang='lat' dir='ltr'><strong><em>fuisse.</em></strong></span> 
     </span>
    </p>

    <p class='ocr_par' dir='ltr' id='par_1_3' title="bbox 571 2546 3029 4182">
     <span class='ocr_line' id='line_1_23' title="bbox 834 2546 2989 2633; baseline -0 -23"><span class='ocrx_word' id='word_1_189' title='bbox 834 2548 937 2612; x_wconf 82' lang='lat'><strong><em>53.</em></strong></span> <span class='ocrx_word' id='word_1_190' title='bbox 987 2546 1328 2612; x_wconf 88' lang='lat' dir='ltr'><strong><em>Praeterea</em></strong></span> <span class='ocrx_word' id='word_1_191' title='bbox 1373 2571 1521 2612; x_wconf 86' lang='lat' dir='ltr'><strong><em>vero</em></strong></span> <span class='ocrx_word' id='word_1_192' title='bbox 1569 2550 1673 2612; x_wconf 85' lang='lat' dir='ltr'><strong><em>vix</em></strong></span> <span class='ocrx_word' id='word_1_193' title='bbox 1723 2550 2003 2613; x_wconf 84' lang='lat' dir='ltr'><strong><em>dubitari</em></strong></span> <span class='ocrx_word' id='word_1_194' title='bbox 2050 2556 2292 2633; x_wconf 81' lang='lat' dir='ltr'><strong><em>potest,</em></strong></span> <span class='ocrx_word' id='word_1_195' title='bbox 2348 2550 2429 2613; x_wconf 91' lang='lat' dir='ltr'><strong><em>ob</em></strong></span> <span class='ocrx_word' id='word_1_196' title='bbox 2476 2549 2756 2612; x_wconf 80' lang='lat' dir='ltr'><strong><em>rationes</em></strong></span> <span class='ocrx_word' id='word_1_197' title='bbox 2802 2569 2989 2630; x_wconf 44' lang='lat' dir='ltr'><strong><em>quo-1</em></strong></span> 
     </span>
     <span class='ocr_line' id='line_1_24' title="bbox 647 2644 2971 2728; baseline 0 -21"><span class='ocrx_word' id='word_1_198' title='bbox 647 2667 781 2727; x_wconf 89' lang='lat' dir='ltr'><strong><em>-que</em></strong></span> <span class='ocrx_word' id='word_1_199' title='bbox 846 2644 1132 2726; x_wconf 87' lang='lat' dir='ltr'><strong><em>politicas</em></strong></span> <span class='ocrx_word' id='word_1_200' title='bbox 1180 2644 1481 2728; x_wconf 84' lang='lat' dir='ltr'><strong><em>Bogorim</em></strong></span> <span class='ocrx_word' id='word_1_201' title='bbox 1544 2668 1683 2710; x_wconf 86' lang='lat' dir='ltr'><strong><em>cum</em></strong></span> <span class='ocrx_word' id='word_1_202' title='bbox 1756 2645 2272 2711; x_wconf 83' lang='lat' dir='ltr'><strong><em>Occidentalibus</em></strong></span> <span class='ocrx_word' id='word_1_203' title='bbox 2334 2651 2401 2709; x_wconf 86' lang='lat' dir='ltr'><strong><em>et</em></strong></span> <span class='ocrx_word' id='word_1_204' title='bbox 2463 2669 2606 2710; x_wconf 87' lang='lat' dir='ltr'><strong><em>cum</em></strong></span> <span class='ocrx_word' id='word_1_205' title='bbox 2670 2644 2971 2708; x_wconf 85' lang='lat' dir='ltr'><strong><em>Romano</em></strong></span> 
     </span>
     <span class='ocr_line' id='line_1_25' title="bbox 660 2740 2972 2827; baseline -0 -23"><span class='ocrx_word' id='word_1_206' title='bbox 660 2740 972 2805; x_wconf 89' lang='lat' dir='ltr'><strong><em>Pontifice</em></strong></span> <span class='ocrx_word' id='word_1_207' title='bbox 1021 2741 1230 2824; x_wconf 90' lang='lat' dir='ltr'><strong><em>potius</em></strong></span> <span class='ocrx_word' id='word_1_208' title='bbox 1262 2741 1652 2806; x_wconf 86' lang='lat' dir='ltr'><strong><em>desiderasse</em></strong></span> <span class='ocrx_word' id='word_1_209' title='bbox 1685 2744 2148 2808; x_wconf 86' lang='lat' dir='ltr'><strong><em>connexionem</em></strong></span> <span class='ocrx_word' id='word_1_210' title='bbox 2179 2744 2536 2827; x_wconf 73' lang='lat' dir='ltr'><strong><em>arctiorem,</em></strong></span> <span class='ocrx_word' id='word_1_211' title='bbox 2585 2764 2769 2825; x_wconf 86' lang='lat' dir='ltr'><strong><em>quam</em></strong></span> <span class='ocrx_word' id='word_1_212' title='bbox 2818 2762 2972 2804; x_wconf 91' lang='lat' dir='ltr'><strong><em>cum</em></strong></span> 
     </span>
     <span class='ocr_line' id='line_1_26' title="bbox 571 2835 2971 2922; baseline -0 -22"><span class='ocrx_word' id='word_1_213' title='bbox 571 2908 578 2915; x_wconf 24' lang='grc' dir='ltr'><strong><em>Ι</em></strong></span> <span class='ocrx_word' id='word_1_214' title='bbox 656 2838 922 2921; x_wconf 89' lang='lat' dir='ltr'><strong><em>imperio</em></strong></span> <span class='ocrx_word' id='word_1_215' title='bbox 976 2838 1277 2901; x_wconf 83' lang='lat' dir='ltr'><strong><em>orientali</em></strong></span> <span class='ocrx_word' id='word_1_216' title='bbox 1336 2843 1401 2901; x_wconf 90' lang='lat' dir='ltr'><strong><em>et</em></strong></span> <span class='ocrx_word' id='word_1_217' title='bbox 1456 2861 1599 2902; x_wconf 92' lang='lat' dir='ltr'><strong><em>cum</em></strong></span> <span class='ocrx_word' id='word_1_218' title='bbox 1657 2840 2019 2922; x_wconf 85' lang='lat' dir='ltr'><strong><em>patriarcha</em></strong></span> <span class='ocrx_word' id='word_1_219' title='bbox 2066 2839 2349 2903; x_wconf 82' lang='lat' dir='ltr'><strong><em>CPtano.</em></strong></span> <span class='ocrx_word' id='word_1_220' title='bbox 2441 2838 2737 2902; x_wconf 88' lang='lat' dir='ltr'><strong><em>Timebat</em></strong></span> <span class='ocrx_word' id='word_1_221' title='bbox 2789 2835 2971 2900; x_wconf 86' lang='lat' dir='ltr'><strong><em>vide·</em></strong></span> 
     </span>
     <span class='ocr_line' id='line_1_27' title="bbox 652 2933 2973 3020; baseline -0.001 -22"><span class='ocrx_word' id='word_1_222' title='bbox 652 2935 807 2998; x_wconf 71' lang='lat' dir='ltr'><strong><em>‘licet</em></strong></span> <span class='ocrx_word' id='word_1_223' title='bbox 852 2956 983 3013; x_wconf 85' lang='lat' dir='ltr'><strong><em>rex,</em></strong></span> <span class='ocrx_word' id='word_1_224' title='bbox 1029 2957 1109 2997; x_wconf 88' lang='lat' dir='ltr'><strong><em>ne</em></strong></span> <span class='ocrx_word' id='word_1_225' title='bbox 1155 2934 1658 3018; x_wconf 88' lang='lat' dir='ltr'><strong><em>independentia</em></strong></span> <span class='ocrx_word' id='word_1_226' title='bbox 1705 2938 1844 3020; x_wconf 86' lang='lat' dir='ltr'><strong><em>ejus</em></strong></span> <span class='ocrx_word' id='word_1_227' title='bbox 1890 2937 2150 3019; x_wconf 84' lang='lat' dir='ltr'><strong><em>politica</em></strong></span> <span class='ocrx_word' id='word_1_228' title='bbox 2209 2937 2709 3018; x_wconf 73' lang='lat' dir='ltr'><strong><em>periclitaretur,</em></strong></span> <span class='ocrx_word' id='word_1_229' title='bbox 2761 2935 2812 2996; x_wconf 92' lang='lat' dir='ltr'><strong><em>si</em></strong></span> <span class='ocrx_word' id='word_1_230' title='bbox 2864 2933 2973 2996; x_wconf 89' lang='lat' dir='ltr'><strong><em>de·</em></strong></span> 
     </span>
     <span class='ocr_line' id='line_1_28' title="bbox 657 3030 2971 3117; baseline 0 -23"><span class='ocrx_word' id='word_1_231' title='bbox 657 3031 1004 3115; x_wconf 76' lang='lat' dir='ltr'><strong><em>pendentia</em></strong></span> <span class='ocrx_word' id='word_1_232' title='bbox 1052 3030 1479 3095; x_wconf 78' lang='lat' dir='ltr'><strong><em>ecclesiastica</em></strong></span> <span class='ocrx_word' id='word_1_233' title='bbox 1523 3033 1724 3115; x_wconf 88' lang='lat' dir='ltr'><strong><em>ipsius</em></strong></span> <span class='ocrx_word' id='word_1_234' title='bbox 1761 3054 2032 3117; x_wconf 83' lang='lat' dir='ltr'><strong><em>regnum</em></strong></span> <span class='ocrx_word' id='word_1_235' title='bbox 2081 3033 2479 3116; x_wconf 74' lang='lat' dir='ltr'><strong><em>patriarchae</em></strong></span> <span class='ocrx_word' id='word_1_236' title='bbox 2511 3031 2774 3096; x_wconf 85' lang='lat' dir='ltr'><strong><em>CPtano</em></strong></span> <span class='ocrx_word' id='word_1_237' title='bbox 2817 3031 2971 3094; x_wconf 90' lang='lat' dir='ltr'><strong><em>sub-</em></strong></span> 
     </span>
     <span class='ocr_line' id='line_1_29' title="bbox 642 3127 2972 3213; baseline -0 -21"><span class='ocrx_word' id='word_1_238' title='bbox 642 3129 979 3212; x_wconf 82' lang='lat' dir='ltr'><strong><em>jiceretur.</em></strong></span> <span class='ocrx_word' id='word_1_239' title='bbox 1085 3127 1509 3192; x_wconf 85' lang='lat' dir='ltr'><strong><em>Desiderabat</em></strong></span> <span class='ocrx_word' id='word_1_240' title='bbox 1573 3129 1772 3213; x_wconf 85' lang='lat' dir='ltr'><strong><em>igitur</em></strong></span> <span class='ocrx_word' id='word_1_241' title='bbox 1835 3131 2163 3213; x_wconf 88' lang='lat' dir='ltr'><strong><em>proprium</em></strong></span> <span class='ocrx_word' id='word_1_242' title='bbox 2225 3129 2651 3212; x_wconf 81' lang='lat' dir='ltr'><strong><em>patriarcham</em></strong></span> <span class='ocrx_word' id='word_1_243' title='bbox 2718 3128 2783 3190; x_wconf 91' lang='lat' dir='ltr'><strong><em>in</em></strong></span> <span class='ocrx_word' id='word_1_244' title='bbox 2850 3149 2972 3191; x_wconf 87' lang='lat' dir='ltr'><strong><em>suo</em></strong></span> 
     </span>
     <span class='ocr_line' id='line_1_30' title="bbox 658 3224 2971 3308; baseline -0.001 -21"><span class='ocrx_word' id='word_1_245' title='bbox 658 3245 857 3308; x_wconf 85' lang='lat' dir='ltr'><strong><em>regno</em></strong></span> <span class='ocrx_word' id='word_1_246' title='bbox 901 3225 1162 3299; x_wconf 73' lang='lat' dir='ltr'><strong><em>habere,</em></strong></span> <span class='ocrx_word' id='word_1_247' title='bbox 1221 3225 1410 3308; x_wconf 88' lang='lat' dir='ltr'><strong><em>idque</em></strong></span> <span class='ocrx_word' id='word_1_248' title='bbox 1470 3247 1507 3288; x_wconf 92' lang='lat' dir='ltr'><strong><em>a</em></strong></span> <span class='ocrx_word' id='word_1_249' title='bbox 1557 3225 1867 3290; x_wconf 89' lang='lat' dir='ltr'><strong><em>Pontifice</em></strong></span> <span class='ocrx_word' id='word_1_250' title='bbox 1927 3226 2240 3290; x_wconf 89' lang='lat' dir='ltr'><strong><em>obtinere.</em></strong></span> <span class='ocrx_word' id='word_1_251' title='bbox 2335 3225 2547 3290; x_wconf 85' lang='lat' dir='ltr'><strong><em>Etiam</em></strong></span> <span class='ocrx_word' id='word_1_252' title='bbox 2603 3224 2971 3307; x_wconf 59' lang='lat' dir='ltr'><strong><em>cum‹prin-</em></strong></span> 
     </span>
     <span class='ocr_line' id='line_1_31' title="bbox 657 3321 3029 3405; baseline -0.001 -21"><span class='ocrx_word' id='word_1_253' title='bbox 657 3322 900 3404; x_wconf 85' lang='lat' dir='ltr'><strong><em>cipibus</em></strong></span> <span class='ocrx_word' id='word_1_254' title='bbox 936 3322 1298 3385; x_wconf 82' lang='lat' dir='ltr'><strong><em>Occidentis</em></strong></span> <span class='ocrx_word' id='word_1_255' title='bbox 1331 3321 1600 3405; x_wconf 86' lang='lat' dir='ltr'><strong><em>Bogoris</em></strong></span> <span class='ocrx_word' id='word_1_256' title='bbox 1649 3345 1722 3386; x_wconf 89' lang='lat' dir='ltr'><strong><em>eo</em></strong></span> <span class='ocrx_word' id='word_1_257' title='bbox 1769 3328 2056 3405; x_wconf 89' lang='lat' dir='ltr'><strong><em>tempore</em></strong></span> <span class='ocrx_word' id='word_1_258' title='bbox 2098 3323 2346 3388; x_wconf 83' lang='lat' dir='ltr'><strong><em>studuit</em></strong></span> <span class='ocrx_word' id='word_1_259' title='bbox 2388 3322 2730 3385; x_wconf 88' lang='lat' dir='ltr'><strong><em>amicitiam</em></strong></span> <span class='ocrx_word' id='word_1_260' title='bbox 2779 3321 2967 3396; x_wconf 86' lang='lat' dir='ltr'><strong><em>inire,</em></strong></span> <span class='ocrx_word' id='word_1_261' title='bbox 3021 3341 3029 3349; x_wconf 85' lang='lat'><strong>·</strong></span> 
     </span>
     <span class='ocr_line' id='line_1_32' title="bbox 660 3417 2967 3502; baseline -0.001 -21"><span class='ocrx_word' id='word_1_262' title='bbox 660 3439 924 3500; x_wconf 87' lang='lat' dir='ltr'><strong><em>sperans</em></strong></span> <span class='ocrx_word' id='word_1_263' title='bbox 972 3417 1253 3500; x_wconf 87' lang='lat' dir='ltr'><strong><em>profecto</em></strong></span> <span class='ocrx_word' id='word_1_264' title='bbox 1298 3419 1467 3495; x_wconf 80' lang='lat' dir='ltr'><strong><em>fore,</em></strong></span> <span class='ocrx_word' id='word_1_265' title='bbox 1518 3424 1593 3482; x_wconf 91' lang='lat' dir='ltr'><strong><em>ut</em></strong></span> <span class='ocrx_word' id='word_1_266' title='bbox 1638 3425 1862 3483; x_wconf 83' lang='lat' dir='ltr'><strong><em>contra</em></strong></span> <span class='ocrx_word' id='word_1_267' title='bbox 1908 3419 2254 3502; x_wconf 86' lang='lat' dir='ltr'><strong><em>Imperium</em></strong></span> <span class='ocrx_word' id='word_1_268' title='bbox 2305 3419 2586 3483; x_wconf 89' lang='lat' dir='ltr'><strong><em>Orientis</em></strong></span> <span class='ocrx_word' id='word_1_269' title='bbox 2637 3418 2967 3482; x_wconf 89' lang='lat' dir='ltr'><strong><em>occasione</em></strong></span> 
     </span>
     <span class='ocr_line' id='line_1_33' title="bbox 648 3515 2963 3580; baseline -0 -3"><span class='ocrx_word' id='word_1_270' title='bbox 648 3515 811 3578; x_wconf 80' lang='lat' dir='ltr'><strong><em>data</em></strong></span> <span class='ocrx_word' id='word_1_271' title='bbox 870 3515 1017 3578; x_wconf 88' lang='lat' dir='ltr'><strong><em>inde</em></strong></span> <span class='ocrx_word' id='word_1_272' title='bbox 1074 3516 1710 3580; x_wconf 85' lang='lat' dir='ltr'><strong><em>auxiliaobtineret.</em></strong></span> <span class='ocrx_word' id='word_1_273' title='bbox 1813 3517 1920 3580; x_wconf 89' lang='lat' dir='ltr'><strong><em>Ita</em></strong></span> <span class='ocrx_word' id='word_1_274' title='bbox 1964 3517 2258 3580; x_wconf 86' lang='lat' dir='ltr'><strong><em>Annales</em></strong></span> <span class='ocrx_word' id='word_1_275' title='bbox 2306 3515 2551 3579; x_wconf 89' lang='lat' dir='ltr'><strong><em>Bertin.</em></strong></span> <span class='ocrx_word' id='word_1_276' title='bbox 2611 3515 2687 3578; x_wconf 86' lang='lat' dir='ltr'><strong><em>ad</em></strong></span> <span class='ocrx_word' id='word_1_277' title='bbox 2735 3537 2785 3579; x_wconf 86' lang='lat' dir='ltr'><strong><em>a.</em></strong></span> <span class='ocrx_word' id='word_1_278' title='bbox 2836 3515 2963 3577; x_wconf 81' lang='lat'><strong><em>866</em></strong></span> 
     </span>
     <span class='ocr_line' id='line_1_34' title="bbox 658 3608 2963 3696; baseline -0.001 -21"><span class='ocrx_word' id='word_1_279' title='bbox 658 3612 815 3675; x_wconf 88' lang='lat' dir='ltr'><strong><em>haec</em></strong></span> <span class='ocrx_word' id='word_1_280' title='bbox 878 3611 1152 3675; x_wconf 85' lang='lat' dir='ltr'><strong><em>habent:</em></strong></span> <span class='ocrx_word' id='word_1_281' title='bbox 1219 3610 1492 3674; x_wconf 85' lang='lat' dir='ltr'><strong><em>Mittens</em></strong></span> <span class='ocrx_word' id='word_1_282' title='bbox 1549 3611 1872 3696; x_wconf 85' lang='lat' dir='ltr'><strong><em>(Bogoris)</em></strong></span> <span class='ocrx_word' id='word_1_283' title='bbox 1941 3612 2026 3676; x_wconf 92' lang='lat' dir='ltr'><strong><em>ad</em></strong></span> <span class='ocrx_word' id='word_1_284' title='bbox 2096 3611 2500 3676; x_wconf 85' lang='lat' dir='ltr'><strong><em>Ludovicum</em></strong></span> <span class='ocrx_word' id='word_1_285' title='bbox 2570 3608 2963 3674; x_wconf 77' lang='lat' dir='ltr'><strong><em>Germaniae</em></strong></span> 
     </span>
     <span class='ocr_line' id='line_1_35' title="bbox 657 3706 2962 3790; baseline -0.001 -18"><span class='ocrx_word' id='word_1_286' title='bbox 657 3728 900 3790; x_wconf 70' lang='lat' dir='ltr'><strong><em>reyem,</em></strong></span> <span class='ocrx_word' id='word_1_287' title='bbox 967 3707 1080 3787; x_wconf 79' lang='lat' dir='ltr'><strong><em>qui</em></strong></span> <span class='ocrx_word' id='word_1_288' title='bbox 1127 3707 1199 3789; x_wconf 10' lang='lat' dir='ltr'><strong><em>Vei</em></strong></span> <span class='ocrx_word' id='word_1_289' title='bbox 1255 3707 1508 3789; x_wconf 80' lang='lat' dir='ltr'><strong><em>foedere</em></strong></span> <span class='ocrx_word' id='word_1_290' title='bbox 1557 3706 1747 3788; x_wconf 89' lang='lat' dir='ltr'><strong><em>pacis</em></strong></span> <span class='ocrx_word' id='word_1_291' title='bbox 1809 3709 2192 3790; x_wconf 85' lang='lat' dir='ltr'><strong><em>conjunctus</em></strong></span> <span class='ocrx_word' id='word_1_292' title='bbox 2256 3712 2424 3786; x_wconf 85' lang='lat' dir='ltr'><strong><em>erat,</em></strong></span> <span class='ocrx_word' id='word_1_293' title='bbox 2487 3707 2849 3789; x_wconf 86' lang='lat' dir='ltr'><strong><em>episcopum</em></strong></span> <span class='ocrx_word' id='word_1_294' title='bbox 2903 3710 2962 3770; x_wconf 91' lang='lat' dir='ltr'><strong><em>et</em></strong></span> 
     </span>
     <span class='ocr_line' id='line_1_36' title="bbox 651 3803 2958 3888; baseline -0 -20"><span class='ocrx_word' id='word_1_295' title='bbox 651 3805 1062 3888; x_wconf 74' lang='lat' dir='ltr'><strong><em>presbyt-eros</em></strong></span> <span class='ocrx_word' id='word_1_296' title='bbox 1098 3803 1476 3885; x_wconf 83' lang='lat' dir='ltr'><strong><em>postulavit,</em></strong></span> <span class='ocrx_word' id='word_1_297' title='bbox 1526 3807 1586 3867; x_wconf 93' lang='lat' dir='ltr'><strong><em>et</em></strong></span> <span class='ocrx_word' id='word_1_298' title='bbox 1623 3805 1703 3868; x_wconf 91' lang='lat' dir='ltr'><strong><em>ab</em></strong></span> <span class='ocrx_word' id='word_1_299' title='bbox 1752 3825 1821 3868; x_wconf 92' lang='lat' dir='ltr'><strong><em>eo</em></strong></span> <span class='ocrx_word' id='word_1_300' title='bbox 1853 3805 2080 3869; x_wconf 90' lang='lat' dir='ltr'><strong><em>missos</em></strong></span> <span class='ocrx_word' id='word_1_301' title='bbox 2127 3804 2340 3868; x_wconf 89' lang='lat' dir='ltr'><strong><em>debita</em></strong></span> <span class='ocrx_word' id='word_1_302' title='bbox 2370 3803 2778 3868; x_wconf 84' lang='lat' dir='ltr'><strong><em>veneratione</em></strong></span> <span class='ocrx_word' id='word_1_303' title='bbox 2823 3823 2958 3867; x_wconf 77' lang='lat' dir='ltr'><strong><em>sas·</em></strong></span> 
     </span>
     <span class='ocr_line' id='line_1_37' title="bbox 649 3899 2957 3984; baseline -0.001 -18"><span class='ocrx_word' id='word_1_304' title='bbox 649 3901 840 3984; x_wconf 83' lang='lat' dir='ltr'><strong><em>cepit.</em></strong></span> <span class='ocrx_word' id='word_1_305' title='bbox 932 3901 1304 3965; x_wconf 83' lang='lat' dir='ltr'><strong><em>Ludovicus</em></strong></span> <span class='ocrx_word' id='word_1_306' title='bbox 1351 3905 1568 3965; x_wconf 89' lang='lat' dir='ltr'><strong><em>autem</em></strong></span> <span class='ocrx_word' id='word_1_307' title='bbox 1615 3901 1703 3964; x_wconf 89' lang='lat' dir='ltr'><strong><em>ad</em></strong></span> <span class='ocrx_word' id='word_1_308' title='bbox 1753 3900 2052 3967; x_wconf 84' lang='lat' dir='ltr'><strong><em>Carolum</em></strong></span> <span class='ocrx_word' id='word_1_309' title='bbox 2107 3902 2387 3983; x_wconf 78' lang='lat' dir='ltr'><strong><em>fratrem</em></strong></span> <span class='ocrx_word' id='word_1_310' title='bbox 2441 3921 2634 3965; x_wconf 86' lang='lat' dir='ltr'><strong><em>suum</em></strong></span> <span class='ocrx_word' id='word_1_311' title='bbox 2681 3899 2957 3977; x_wconf 81' lang='lat' dir='ltr'><strong><em>mittens,</em></strong></span> 
     </span>
     <span class='ocr_line' id='line_1_38' title="bbox 655 3996 2957 4081; baseline -0.001 -20"><span class='ocrx_word' id='word_1_312' title='bbox 655 3998 731 4063; x_wconf 87' lang='lat' dir='ltr'><strong><em>in</em></strong></span> <span class='ocrx_word' id='word_1_313' title='bbox 779 3997 1213 4062; x_wconf 85' lang='lat' dir='ltr'><strong><em>ministerium</em></strong></span> <span class='ocrx_word' id='word_1_314' title='bbox 1266 3996 1643 4061; x_wconf 88' lang='lat' dir='ltr'><strong><em>clericorum</em></strong></span> <span class='ocrx_word' id='word_1_315' title='bbox 1691 3998 1868 4078; x_wconf 88' lang='lat' dir='ltr'><strong><em>apud</em></strong></span> <span class='ocrx_word' id='word_1_316' title='bbox 1918 3999 2198 4081; x_wconf 81' lang='lat' dir='ltr'><strong><em>fratrem</em></strong></span> <span class='ocrx_word' id='word_1_317' title='bbox 2252 4018 2446 4063; x_wconf 81' lang='lat' dir='ltr'><strong><em>suum</em></strong></span> <span class='ocrx_word' id='word_1_318' title='bbox 2498 4017 2654 4062; x_wconf 80' lang='lat' dir='ltr'><strong><em>vasa</em></strong></span> <span class='ocrx_word' id='word_1_319' title='bbox 2700 4000 2957 4061; x_wconf 86' lang='lat' dir='ltr'><strong><em>sacrata</em></strong></span> 
     </span>
     <span class='ocr_line' id='line_1_39' title="bbox 651 4093 2960 4182; baseline -0 -23"><span class='ocrx_word' id='word_1_320' title='bbox 651 4115 1005 4176; x_wconf 75' lang='lat' dir='ltr'><strong><em>sacrasque</em></strong></span> <span class='ocrx_word' id='word_1_321' title='bbox 1051 4098 1251 4182; x_wconf 54' lang='lat' dir='ltr'><strong><em>vjestes</em></strong></span> <span class='ocrx_word' id='word_1_322' title='bbox 1297 4098 1355 4158; x_wconf 86' lang='lat' dir='ltr'><strong><em>et</em></strong></span> <span class='ocrx_word' id='word_1_323' title='bbox 1404 4093 1601 4157; x_wconf 85' lang='lat' dir='ltr'><strong><em>libros</em></strong></span> <span class='ocrx_word' id='word_1_324' title='bbox 1656 4094 1857 4174; x_wconf 85' lang='lat' dir='ltr'><strong><em>petiit.</em></strong></span> <span class='ocrx_word' id='word_1_325' title='bbox 1966 4094 2141 4159; x_wconf 87' lang='lat' dir='ltr'><strong><em>Unde</em></strong></span> <span class='ocrx_word' id='word_1_326' title='bbox 2191 4093 2462 4159; x_wconf 87' lang='lat' dir='ltr'><strong><em>Carolus</em></strong></span> <span class='ocrx_word' id='word_1_327' title='bbox 2517 4094 2595 4159; x_wconf 93' lang='lat' dir='ltr'><strong><em>ab</em></strong></span> <span class='ocrx_word' id='word_1_328' title='bbox 2653 4093 2960 4176; x_wconf 87' lang='lat' dir='ltr'><strong><em>episcopis</em></strong></span> 
     </span>
    </p>
   </div>
  </div>
 </body>
</html>
