3270 5028
660 419 774 470 250
920 430 933 437 ’
1004 416 1156 470 XVI.
1194 416 1403 471 Causae
1439 416 1685 471 celebres
1724 419 1781 469 et
1819 415 2138 471 Decretales
2175 414 2628 469 Pseudo-Isidori.

660 557 921 623 etiamsi
983 579 1114 622 non
1172 559 1644 641 appellaverint
1708 559 1784 622 ad
1833 554 2060 621 Sedem
2107 556 2545 640 Apostolicam
2601 577 2733 620 non
2787 576 2986 639 posse

662 654 780 745 illa
849 655 1215 718 inconsulta
1278 655 1540 745 deponi,
1608 677 1692 720 eo
1750 654 1920 738 quod
1997 654 2437 737 episcoporum
2512 674 2739 719 causae
2803 674 2874 715 111
2910 673 2987 715 er

666 753 912 834 majora
957 734 1241 834 negotia
1258 755 1679 830 censeantur,
1741 751 1819 814 de
1866 751 2095 834 quibus
2148 750 2224 815 ad
2272 748 2502 814 Sedem
2541 749 2980 832 Apostolicam

660 847 1072 911 referendum
1134 848 1239 913 sit.
1343 847 1420 912 Id
1478 869 1626 912 vero
1688 847 2027 930 praecipue
2090 846 2346 911 deducit
2404 845 2585 923 inde,
2651 845 2820 930 quod
2873 846 2976 908 in-

576 972 581 979 ·
656 944 1008 1008 stitutione
1062 944 1280 1008 divina
1334 943 1628 1008 Romano
1681 943 1976 1008 Pontifici
2023 943 2399 1008 universalis
2447 941 2768 1007 Ecclesiae
2822 963 2981 1005 cura

654 1040 999 1104 commissa
1065 1045 1180 1105 est.
1291 1040 1365 1105 In
1430 1041 1619 1105 initio
1685 1040 1991 1123 epistolae
2054 1040 2134 1102 ad
2195 1041 2522 1123 episcopos
2588 1037 2835 1103 Galliae
2896 1038 2981 1102 de

660 1137 1107 1201 restitutione·
1147 1137 1456 1201 Rothadii
1529 1137 1779 1213 scribit,
1856 1137 2064 1201 citans
2133 1141 2385 1201 textum
2456 1133 2521 1199 S.
2596 1134 2828 1198 Leonis
2895 1134 2979 1197 ad

666 1234 1112 1297 Anastasium:
1187 1233 1423 1318 Verum
1469 1237 1530 1296 et
1573 1232 1749 1297 inter
1798 1231 2196 1297 beatissimos
2242 1230 2608 1314 Apostolos,
2670 1229 2869 1312 (sicut
2914 1234 2979 1293 et

652 1327 771 1392 >ille
817 1348 1095 1411 maynus
1140 1329 1273 1393 Leo
1319 1329 1601 1412 scribit),
1659 1329 1734 1394 in
1784 1328 2216 1393 similitudine
2270 1328 2536 1394 honoris
2586 1326 2724 1410 fuit
2781 1347 2976 1409 quae-

653 1425 813 1488 dam
871 1425 1171 1490 discretio
1221 1425 1589 1508 potestatis,
1644 1431 1706 1490 et
1762 1446 1907 1490 cum
1966 1424 2254 1490 omnium
2315 1445 2442 1507 par
2493 1427 2652 1488 esset
2704 1423 2974 1502 devotio,

660 1521 785 1586 uni
847 1527 1063 1587 tamen
1126 1522 1353 1588 datum
1412 1528 1531 1607 est,
1614 1528 1688 1588 ut
1755 1521 2022 1588 caeteris
2078 1512 2568 1604 praeemineret.
2677 1521 2781 1585 De
2840 1540 2976 1602 qua

651 1617 878 1699 forma
941 1617 1379 1700 episcoporum
1445 1638 1692 1700 quoque
1758 1624 1851 1683 est
1914 1623 2066 1701 orta
2122 1617 2469 1683 distinctio.
2578 1619 2673 1685 Et
2730 1638 2974 1700 maqna

653 1714 1072 1780 ordinatione
1118 1714 1460 1797 provisum
1515 1719 1637 1795 est,
1694 1737 1774 1780 ne
1820 1736 2035 1781 omnes
2087 1716 2214 1781 sibi
2268 1715 2488 1781 omnia
2542 1714 2970 1792 vindicarent,

656 1811 771 1875 sed
818 1815 1023 1877 essent
1068 1811 1142 1876 in
1197 1811 1479 1896 sinqulis
1534 1812 1894 1895 provinciis
1950 1812 2224 1896 sinquli,
2283 1833 2560 1894 quorum
2606 1812 2780 1877 inter
2830 1811 2976 1894 fra·

658 1912 793 1971 tres
838 1907 1184 1994 haberetur
1218 1909 1446 1992 prima
1491 1909 1831 1985 sententia,
1887 1914 1947 1973 et
1991 1930 2228 1975 rursus
2275 1909 2540 1992 quidam
2585 1909 2658 1974 in
2704 1908 2970 1991 majori·
3024 1904 3031 1909 ’

655 2004 780 2069 bus
829 2004 1098 2070 urbibus
1146 2006 1482 2071 constituti
1527 2005 2025 2071 sollicitudinem
2070 2008 2210 2089 eJ'us
2252 2005 2653 2089 susciperent
2697 2004 2969 2087 amplio-

660 2123 823 2181 rem,
876 2122 1001 2184 per
1055 2124 1213 2183 quos
1273 2104 1360 2168 ad
1414 2123 1617 2169 unam
1679 2103 1864 2167 Petri
1927 2102 2149 2168 Sedem
2197 2102 2588 2168 universalis
2643 2102 2971 2167 Ecclesiae

652 2214 822 2263 cura
883 2199 1259 2280 conflueret,
1329 2204 1390 2264 et
1451 2199 1622 2265 nihil
1686 2220 1977 2281 unquam
2043 2221 2083 2264 a
2147 2200 2352 2283 capite
2419 2220 2536 2264 suo
2599 2198 2966 2266 discederet.

660 2293 849 2374 Quod
893 2294 951 2359 si
1008 2295 1274 2377 quidam
1321 2316 1401 2359 ex
1445 2296 1620 2360 vobis
1666 2296 1798 2361 ullo
1850 2296 2155 2361 interiori
2202 2296 2822 2379 comprehendissent
2862 2296 2969 2359 ob-

656 2396 862 2472 tentu,
913 2413 1253 2473 nunquam
1283 2392 1689 2458 Rothadium
1730 2393 2092 2476 episcopum
2122 2394 2567 2461 Suessionicde
2597 2394 2782 2459 urbis
2827 2394 2971 2459 sine

654 2509 975 2554 consensu
1022 2494 1241 2554 nostro
1289 2489 1747 2573 deposuissent.
1797 2543 1809 2555 .
1861 2543 1873 2556 .
1924 2544 1936 2556 .
1984 2491 2156 2557 Nam
2216 2491 2524 2574 quomodo
2570 2512 2702 2558 non
2750 2512 2971 2558 omnes

658 2586 882 2650 omnia
928 2585 1104 2651 vobis
1149 2586 1515 2667 vindicatis,
1574 2588 1688 2669 qui
1719 2587 1981 2670 judicia
2024 2588 2482 2671 episcoporum,
2530 2608 2694 2669 quae
2738 2588 2971 2654 merito

660 2683 836 2748 inter
892 2685 1148 2765 majora
1198 2687 1639 2749 numerantur
1696 2684 1981 2768 neqotia‚
2045 2690 2293 2750 vestrae
2345 2684 2795 2750 deliberationi
2842 2688 2971 2751 tri-

656 2778 1004 2861 buistis?¹)
1072 2819 1155 2825 -—
1217 2781 1313 2845 Ex
1370 2781 1657 2864 antiquis
1715 2782 1988 2847 decretis
2043 2789 2108 2847 et
2166 2785 2429 2848 statutis
2484 2784 2651 2848 idem
2708 2784 2970 2850 deducit

656 2881 722 2942 in
773 2880 1209 2943 Allocutione:
1262 2876 1690 2959 Quamquam,
1741 2881 1976 2963 inquit,
2024 2879 2143 2943 etsi
2188 2899 2527 2960 nunquam
2559 2881 2969 2961 (Rothadius)

645 2978 1086 3057 provocasset,
1134 2995 1475 3055 nunquam
1523 2974 1786 3039 omnino
1823 2979 2089 3057 praeter
2134 2975 2471 3041 scientiam
2519 2980 2811 3041 nostram
2857 2977 2968 3052 de-

644 3071 810 3154 poni
864 3069 1180 3154 debuerit,
1245 3071 1401 3153 quia
1447 3091 1637 3135 sacra
1695 3075 1945 3136 statuta
1999 3077 2059 3135 et
2114 3073 2482 3138 veneranda
2537 3073 2789 3138 decreta
2835 3075 2968 3156 epi-

652 3173 989 3251 scoporum
1036 3188 1294 3248 causas,
1347 3172 1564 3250 utpote
1611 3169 1866 3261 majora
1909 3169 2197 3251 nepotia,
2262 3174 2522 3235 nostrae
2568 3170 2971 3252 definiendas

653 3286 963 3331 censurae
1012 3265 1487 3345 mandarunt.²)

356 3414 586 3486 flincmqri
834 3408 936 3469 37.
996 3406 1382 3471 Hincmarus
1430 3428 1577 3470 vero
1631 3407 1700 3470 in
1748 3406 2018 3488 epistola
2074 3407 2150 3469 ad
2193 3405 2526 3471 Nicolaum
2587 3407 2739 3472 data
2794 3430 2967 3473 asse-

327 3478 593 3520 'senoentffi'
656 3504 868 3567 rebat:
946 3503 1008 3565 l⁰
1071 3503 1308 3566 Causas
1370 3503 1806 3585 episcoporum
1869 3525 1983 3588 per
2042 3525 2107 3584 se
2171 3504 2249 3567 ad
2315 3504 2675 3569 Romanum
2737 3503 2969 3569 Ponti-

655 3601 835 3664 ficem
884 3591 1253 3664 referendas
1301 3621 1430 3662 non
1467 3620 1618 3675 esse,
1669 3589 1865 3682 atoue
1913 3600 1978 3663 in
2015 3599 2131 3663 hoc
2177 3601 2383 3684 capite
2420 3602 2585 3685 juris
2624 3624 2661 3664 a
2693 3600 2966 3667 Nicolao

652 3697 1091 3761 dissentiebat.
1185 3695 1417 3759 Postea
1472 3700 1696 3759 tamen
1754 3695 2085 3759 Pontificis
2139 3697 2523 3761 auctoritate
2581 3698 2788 3763 cessit.
2881 3697 2962 3762 In

656 3794 928 3876 epistola
980 3792 1323 3857 scribebat:
1385 3790 1574 3855 Absit
1630 3810 1674 3854 a
1730 3789 1938 3870 nobis,
1997 3795 2073 3855 ut
2116 3791 2540 3875 privileqium
2583 3792 2843 3875 primae
2900 3798 2967 3857 et

648 3909 942 3953 summae
999 3886 1183 3952 Sedis
1243 3891 1502 3952 sanctae
1558 3886 1898 3952 Romanae
1955 3887 2248 3953 ecclesiae
2303 3888 2640 3969 Pontificis
2683 3910 2809 3972 pro
2868 3890 2968 3953 sic

835 4149 877 4213 1)
913 4148 1109 4213 Labbe,
1148 4148 1303 4201 VIII.
1345 4149 1462 4200 797.
1786 4145 1829 4215 ²)
1872 4147 2078 4203 Ibidem
2120 4148 2219 4203 col.
2261 4151 2378 4202 789.
