3270 5028
860 417 1161 472 Concilium
1200 418 1598 473 oecumenicum
1638 423 1907 472 octavum.
2044 429 2051 456 ³
2436 422 2540 473 405

405 562 508 624 98.
566 560 806 625 Vicarii
858 560 1368 641 patriarcharum
1436 560 1848 623 orientalium
1904 561 2194 624 rationes
2251 560 2394 624 illas
2451 560 2540 625 di-

212 658 402 721 luere
466 658 722 742 quidem
786 678 921 721 non
976 662 1307 740 poterant,
1369 657 1479 720 sed
1528 645 1959 720 Orientalium
2015 657 2246 721 animis
2301 657 2541 721 inside-

213 754 388 817 bant
435 753 985 837 Caesaropapismi
1041 754 1354 837 principia
1414 753 1491 817 de
1552 754 1982 838 dependentia
2031 754 2294 818 ditionis
2338 756 2540 819 eccle-

213 851 554 915 siasticae·
585 874 622 913 a
685 850 929 914 ditione
996 850 1285 933 politica,
1354 839 1542 915 simul
1605 873 1754 915 vero
1819 850 2099 914 OPtanis
2164 833 2537 935 obsequium

149 952 550 1029 *praestare
614 948 937 1012 volebant.
1044 945 1205 1010 Cum
1271 946 1539 1031 Bulgari
1601 948 1942 1030 dixissent,
2009 948 2080 1011 in
2147 949 2273 1012 isto
2340 969 2540 1033 regno

214 1044 431 1107 fuisse
487 1065 750 1127 graecos
810 1044 1248 1128 presbyterOS,
1310 1046 1567 1128 quando
1613 1043 1881 1128 Bulgari
1937 1044 2001 1108 id
2064 1050 2542 1128 expugnarunt,

189 1143 357 1225 xjam
424 1140 575 1204 inde
652 1141 867 1204 vicarii
947 1141 1287 1204 orientales
1364 1139 1801 1218 deduxerunt,
1878 1141 2269 1224 provinciam
2343 1142 2542 1224 perti-

219 1238 441 1302 nuisse
499 1237 579 1301 ad
635 1238 1142 1323 patriarchatum
1192 1236 1544 1302 CPtanum.
1639 1237 1848 1313 Quum
1904 1258 2056 1301 vero
2113 1237 2313 1324 legati
2369 1238 2541 1301 Pon-

220 1334 416 1397 tificis
483 1334 605 1398 hoc
672 1338 1126 1418 argumentum
1195 1334 1614 1412 refutassent‚
1684 1335 2181 1417 responderunt:
2251 1332 2543 1398 Etiamsi

216 1449 611 1511 yraecorum
663 1428 1192 1511 presbyterorum
1260 1428 1740 1494 ordinationem
1810 1429 2009 1494 vestri
2074 1429 2262 1512 juris
2332 1429 2543 1512 fuisse

222 1524 539 1606 doceatiS,
596 1526 780 1590 illam
830 1531 1043 1591 tamen
1091 1527 1387 1609 patriam
1443 1525 1842 1591 Graecorum
1903 1547 2097 1609 reyno
2142 1527 2559 1610 pertinuisse,

219 1643 571 1705 nunquam
630 1612 867 1706 neyare
918 1622 1245 1705 poteritis.
1304 1674 1318 1688 .
1376 1674 1387 1687 .
1446 1676 1459 1689 .
1522 1622 1704 1687 Satis
1757 1623 2058 1696 indecens
2115 1628 2237 1703 est,
2299 1628 2376 1689 ut
2432 1645 2543 1688 vos

224 1718 345 1801 qui
416 1719 815 1785 Graecorum
886 1719 1231 1801 imperium
1294 1719 1730 1785 detractantes
1789 1719 2202 1786 Francorum
2266 1720 2541 1803 foederi-

126 1896 129 1900 ,
228 1817 352 1882 bus
397 1815 780 1896 inhaeretis,
823 1815 898 1880 in
944 1837 1140 1899 reqno
1184 1816 1397 1881 nostri
1432 1815 1764 1899 principis
1808 1816 2163 1882 ordinandi
2194 1818 2364 1901 jura
2410 1838 2542 1881 ser-

226 1913 410 1978 vetis.
466 1998 469 2002 ⁸
524 1912 935 1995 Quapropter
1002 1912 1454 1995 Bulyarorum
1518 1913 1846 1995 patriam,
1921 1934 2116 1995 quam
2184 1934 2264 1978 etc
2341 1913 2541 1979 Grae-

233 2030 457 2075 corum
502 2013 821 2092 potestate
865 2008 1113 2073 dudum
1163 2008 1371 2091 fuisse
1421 2013 1480 2073 et
1529 2031 1794 2092 yraecos
1840 2010 2197 2075 sacerdotes
2243 2010 2544 2075 babuisse

230 2106 686 2189 comperimus,
749 2110 1011 2171 sanctae
1068 2105 1362 2171 ecclesiae
1421 2103 1753 2187 CPtanae,
1816 2128 1855 2172 a
1910 2127 2040 2189 qua
2089 2128 2213 2190 per
2259 2107 2541 2191 paqani-

234 2224 449 2268 smum
512 2207 887 2283 recesserat,
949 2195 1127 2267 nunc
1173 2224 1298 2285 per
1352 2202 1913 2274 christianismum
1969 2203 2233 2270 restitui
2278 2204 2541 2288 judica-

232 2299 452 2383 musl)
560 2300 790 2385 Legati
854 2299 1186 2364 Pontificis
1258 2323 1398 2365 cum
1465 2303 1682 2385 vigore
1749 2291 2210 2385 reposuerunt5
2279 2308 2542 2367 senten-

231 2399 389 2462 tiam
435 2397 604 2462 hanc
648 2401 873 2481 utpote
929 2398 1244 2479 prolatam
1290 2399 1369 2461 ab
1414 2398 1491 2461 iis
1538 2399 1649 2481 qui
1696 2399 1948 2461 nullum
1994 2400 2104 2481 jus
2149 2400 2545 2463 sententiam

229 2495 479 2561 dicendi
524 2494 859 2571 haberent,
906 2516 975 2558 se
1020 2494 1280 2577 penitus
1319 2494 1680 2559 rescindere
1727 2518 1930 2579 usque
1976 2496 2054 2560 ad
2101 2496 2540 2561 definitionem

234 2591 553 2655 Hadriani
598 2590 955 2656 PontificiS.
1057 2591 1228 2655 Dein
1286 2592 1586 2675 gravibus
1643 2592 1852 2655 verbis
1909 2598 2302 2657 monuerunt
2345 2592 2544 2678 Igna-

234 2688 415 2766 tium,
462 2709 543 2749 ne
590 2709 656 2750 se
704 2687 1001 2752 misceret
1040 2688 1354 2772 gubernio
1402 2688 1705 2753 ecclesiae
1738 2689 2143 2773 Bulgaricae,
2187 2690 2371 2772 eique
2418 2694 2544 2754 tra-

233 2783 535 2847 diderunt
595 2784 929 2866 epistolam
985 2785 1327 2865 Hadriani,
1397 2808 1589 2869 quam
1657 2787 1732 2850 de
1785 2786 2046 2869 negotio
2112 2785 2542 2870 Bulgarorum

238 2880 635 2964 patriarchae
689 2882 1258 2946 transmittendam
1306 2882 1511 2946 Roma
1570 2884 1953 2948 attulerant.
2047 2881 2168 2946 Sed
2224 2883 2542 2967 IgnatiUS‚

239 2979 347 3061 qui
400 2979 471 3040 in
527 2978 664 3058 ipsa
730 2979 1108 3060 quaestione
1144 2978 1468 3061 'agitanda
1522 2978 1879 3064 silentium·
1913 2986 2310 3059 servaverat,
2373 2985 2545 3044 certe

239 3079 454 3138 tamen
517 3095 681 3155 quae
738 3074 986 3158 agenda
1039 3079 1223 3138 erant
1272 3077 1563 3149 noverat,
1629 3072 1773 3137 licet
1831 3093 2215 3156 maynopere
2260 3075 2545 3141 monitus

240 3171 570 3253 epistolam
636 3171 848 3254 legere
913 3170 1190 3250 distulit,
1252 3193 1326 3234 ac
1388 3171 1545 3235 haec
1607 3175 1868 3234 tantum
1929 3173 2121 3236 verba
2188 3173 2544 3256 respondit:

244 3265 429 3330 Absit
474 3285 514 3328 a
558 3285 673 3345 me,
719 3270 797 3331 ut
823 3286 933 3348 eqo
976 3265 1079 3329 his
1115 3265 1763 3348 praesumptionibus
1795 3271 2022 3331 contra
2068 3268 2352 3333 decorem
2396 3288 2544 3333 san-

243 3367 373 3426 ctae
430 3360 616 3426 Sedis
668 3354 1052 3444 apostolicae
1108 3363 1427 3446 implicer,
1488 3363 1601 3445 qui
1646 3384 1760 3428 nec
1814 3363 1912 3428 ita
1957 3365 2348 3447 juveniliter
2405 3386 2544 3449 ayo,

244 3463 315 3524 ut
358 3458 521 3523 mihi
566 3458 821 3541 subripi
865 3459 1104 3539 valeat,
1166 3481 1280 3525 nec
1334 3459 1432 3525 ita
1491 3459 1784 3525 seniliter
1833 3460 2035 3526 deliro
2045 3510 2063 3541 ,
2126 3466 2201 3527 ut
2258 3462 2426 3544 quod
2471 3463 2545 3527 in

244 3555 390 3620 aliis
434 3555 896 3637 reprehendere
943 3556 1146 3636 debe0,
1193 3556 1330 3639 ipse
1370 3554 1836 3643 committam.²)

413 3673 516 3734 99.
574 3670 714 3735 Hac
760 3673 1015 3738 rat-ione
1072 3673 1273 3757 igitur
1318 3673 1660 3737 collocutio
1711 3673 1836 3736 ista
1882 3673 2070 3736 finita
2118 3678 2246 3750 est,
2303 3674 2374 3737 in
2420 3696 2546 3757 qua

248 3767 603 3832 Orientales
659 3790 835 3833 suam
896 3769 972 3833 de
1035 3768 1409 3852 pentarchia
1468 3768 1782 3833 theoriam
1842 3769 1908 3832 in
1978 3768 2323 3835 Romanae
2369 3767 2544 3834 Sedis

243 3865 537 3948 injuriam
600 3866 877 3946 practice
942 3866 1363 3949 applicarunt.
1475 3865 1631 3930 Post
1693 3865 2051 3950 legatorum
2111 3889 2261 3933 vero
2323 3865 2547 3930 disces-

418 4072 457 4137 ¹)
494 4073 560 4125 In
595 4071 722 4126 Vita
759 4071 1061 4137 Hadriani,
1101 4090 1175 4126 cc.
1215 4072 1305 4125 LI.
1347 4073 1491 4126 LVI.

416 4150 460 4217 ²)
499 4151 721 4217 Ibidem,
760 4167 835 4205 cc.
873 4151 1043 4204 LVII.
1082 4151 1286 4204 LVIII.

2605 1222 2827 1265 Sententia

2570 1284 2868 1327 Orientalium.
