3270 5028
816 439 1221 494 Christianismi
1258 440 1316 493 in
1352 439 1647 495 Germania
1683 439 2028 508 propagatio,
2515 441 2580 492 17

266 581 684 666 transgressi,
751 603 985 666 magno
1042 604 1182 646 cum
1246 581 1456 645 fructu
1512 581 1583 644 in
1626 581 1818 644 vinea
1864 581 2126 645 Domini
2187 568 2581 645 laborarun't.

273 679 410 743 Hos
455 679 624 742 inter
663 678 977 742 illustrior
1023 683 1121 742 est
1170 673 1751 772 Qus,
1812 678 2021 760 patria
2066 677 2426 753 Hibernus,
2472 679 2583 760 qui

272 799 332 840 a.
388 775 512 838 585
578 795 722 838 cum
784 775 926 839 aliis
994 773 1323 839 duodecim
1388 773 1721 838 monachis
1785 775 2238 839 transfretavit
2301 775 2371 837 in
2434 773 2582 837 Gal-

275 873 454 946 liam,
501 871 612 933 ubi
663 870 1103 933 restituendae
1148 870 1404 953 pietati,
1457 891 1621 953 quae
1669 890 1907 953 magna
1952 892 2030 933 ex
2075 876 2260 953 parte
2306 871 2584 953 collapsa
2610 908 2684 983 A
2735 871 2744 878 ’
2915 876 3002 966 ,ί
3055 932 3084 951 d

276 973 433 1044 erat,
480 989 738 1049 operam
784 966 960 1030 dedit
1005 971 1073 1031 et
1116 966 1584 1030 monasterium
1634 965 2041 1030 Luxoviense
2085 966 2404 1030 fundavit.
2486 966 2584 1029 Ex
2689 956 2714 974 ‘'

273 1063 486 1129 Gallia
549 1064 789 1146 ejectus
848 1062 1110 1126 transiit
1167 1063 1236 1125 in
1281 1061 1680 1143 Helvetiam,
1742 1062 2131 1145 praedicavit
2195 1063 2274 1126 ad
2318 1062 2587 1148 Brigan-

274 1161 462 1237 tiam,
527 1157 860 1222 Arbonem
909 1162 974 1222 et
1027 1159 1234 1223 lacum
1281 1158 1695 1241 Tigurinum3
1755 1163 1975 1241 postea
2020 1160 2089 1222 in
2129 1158 2387 1223 Italiam
2433 1181 2586 1224 con-

272 1256 579 1334 tendens,
643 1276 776 1318 non
834 1255 1055 1337 procul
1120 1253 1489 1318 Placentiae
1544 1256 2002 1319 monasterium
2057 1254 2423 1320 Bobbiense
2483 1257 2585 1319 in-

266 1353 523 1428 stituit,
583 1351 693 1414 ubi
740 1375 795 1415 a.
844 1351 970 1414 615
1026 1350 1205 1416 Obiit.
1264 1387 1350 1395 —-
1407 1350 1639 1414 Eidem
1684 1373 1872 1435 scopo
1917 1353 2239 1434 praeclare
2290 1353 2588 1417 intentus

274 1448 342 1513 S.
391 1446 655 1524 Gallus,
712 1449 980 1512 natione
1026 1447 1193 1511 idem
1241 1448 1605 1527 Hibernas,
1661 1446 2037 1512 Colum'bani
2085 1447 2427 1532 discipulus
2439 1496 2458 1527 ,
2518 1450 2589 1512 in

276 1546 585 1610 Helvetia
630 1547 695 1607 et
725 1542 959 1608 Suevia
1006 1543 1336 1607 doctrinae
1382 1543 1767 1608 christianae
1813 1545 2057 1607 semina
2099 1545 2349 1628 sparsit.
2429 1545 2587 1608 Cum

267 1641 341 1708 S.
392 1640 830 1706 Columbanus
884 1641 959 1703 ¹in
1009 1640 1263 1704 Italiam
1327 1639 1639 1722 proficisci
1702 1644 1985 1722 pararet,
2044 1639 2267 1704 Gallus
2324 1642 2390 1704 in
2443 1662 2591 1725 gra-

276 1761 419 1802 vem
466 1736 755 1800 morbum
803 1735 1091 1799 incidens
1146 1737 1215 1798 in
1263 1736 1497 1799 vicinia
1543 1734 1921 1819 Brigantiae
1974 1739 2314 1813 remansit,
2371 1737 2590 1822 hujus-

271 1855 403 1918 que
449 1831 730 1917 regionis
775 1832 1001 1896 incolis
1048 1832 1126 1895 ad
1173 1831 1498 1895 Christum
1554 1831 2002 1896 convertendis
2048 1826 2370 1911 intentus,
2432 1836 2592 1899 cele·

280 1931 626 1994 berrimum
659 1930 832 2012 quod
863 1928 1098 1992 dicitur
1127 1926 1190 1992 S.
1230 1927 1402 1991 Galli
1434 1930 1894 1992 monasterium
1926 1929 2249 2012 fundavit3
2296 1935 2589 1995 mortuus

281 2031 384 2090 est
425 2049 480 2089 a.
534 2027 679 2089 646.
1174 2036 1195 2041 '
1508 2036 1527 2041 ‘'
1803 2030 1850 2045 '⁶²
2165 2022 2190 2027 “
2223 2020 2248 2026 ’”

462 2123 562 2185 19.
647 2121 751 2185 Ad
826 2119 1106 2187 Francos
1180 2121 1526 2185 orientales
1602 2120 2018 2184 christianam
2099 2122 2288 2187 fidem
2365 2124 2593 2188 detulit

280 2217 349 2283 S.
396 2216 717 2309 Kiliamgs
776 2218 1019 2309 pariter
1078 2217 1438 2295 Hibernus,
1506 2218 1617 2301 qui
1675 2219 1859 2300 jussu
1919 2217 2195 2283 Romani
2259 2219 2594 2286 Pontificis

284 2302 771 2381 C³on0n1s'”⁴‹3uffi
820 2315 903 2378 du
951 2315 990 2377 b
1038 2337 1067 2378 s
1159 2315 1266 2379 ‘sci
1358 2315 1467 2390 lis,
1527 2313 1848 2379 Koloman
1896 2316 2273 2399 presbytero
2321 2322 2387 2382 et
2445 2318 2594 2382 Tot-

283 2435 416 2477 nan
463 2413 757 2493 diacono,
813 2337 1097 2494 Hfflpo
1125 2434 1213 2475 im
1254 2412 1608 2503 profectuS,
1656 2433 1814 2494 opus
1862 2413 2352 2494 praedicationis
2399 2437 2595 2478 evan-

276 2509 525 2594 gelicae
587 2507 943 2586 inchoavit,
1019 2512 1367 2592 tantosque
1428 2508 1719 2573 laborum
1790 2530 2046 2574 suorum
2106 2510 2353 2576 fructus
2419 2512 2595 2589 tulit,

283 2612 357 2669 ut
413 2610 669 2690 praeter
723 2626 1026 2689 magnam
1083 2606 1303 2688 populi
1358 2605 1844 2670 multitudinem
1901 2607 2035 2688 ipse
2090 2629 2347 2691 quoque
2393 2608 2594 2674 Fran-

278 2725 497 2768 corum
565 2702 691 2765 dux
739 2701 1091 2766 Gosbertus
1151 2702 1541 2785 baptismum
1602 2702 1777 2765 haud
1830 2710 2181 2785 respueret.
2293 2704 2451 2769 Cum
2499 2711 2593 2770 ta-

282 2821 434 2862 men
482 2801 701 2864 ducem
748 2798 931 2861 illum
977 2797 1143 2861 serio
1190 2798 1564 2875 monuisset,
1612 2801 1690 2862 ut
1722 2797 2057 2862 Geilanam
2105 2822 2375 2865 uxorem
2420 2825 2596 2866 suam

282 2898 544 2979 propter
590 2893 928 2958 affinitatis
973 2894 1503 2977 impedimentum
1550 2916 1589 2958 a
1633 2894 1808 2958 thori
1854 2897 2173 2961 consortio
2219 2904 2597 2979 removeret,

283 2991 590 3074 improbis
656 2989 968 3055 Geilanae
1033 2991 1623 3055 machinationibus
1695 2992 1830 3073 ipse
1897 3013 2035 3055 cum
2098 2994 2281 3058 sociis
2345 3017 2401 3058 a.
2471 2997 2598 3060 689

283 3087 367 3151 ad
423 3087 798 3170 martyrium
855 3091 1080 3169 raptus
1138 3091 1254 3151 est.
1318 3124 1405 3132 —
1467 3086 1666 3151 Anno
1711 3089 1837 3150 690
1887 3084 1953 3150 S.
2015 3086 2387 3152 Willibrord
2521 3113 2599 3155 ex

284 3180 860 3267 Anglo-Saxonum
909 3188 1137 3265 gente,
1197 3205 1338 3247 cum
1388 3183 1684 3248 undecim
1731 3109 2602 3252 sociiffssff'ffiffiv‘iZffFri·

278 3280 525 3343 siorum
573 3279 1150 3344 convertendorum
1211 3301 1402 3343 causa
1463 3279 1786 3363 profectus
1839 3284 1969 3355 est,
2026 3283 2446 3364 permittente
2492 3284 2599 3348 Pi-

284 3377 440 3459 pino
486 3373 880 3440 Francorum
939 3375 1128 3452 duce,
1195 3376 1306 3459 qui
1368 3397 1510 3440 cum
1565 3375 1876 3440 Radbodo
1937 3397 2088 3461 rege
2137 3377 2383 3444 Frisiae
2444 3394 2603 3446 tunc

286 3473 703 3557 belligerens,
781 3470 1025 3536 Frisiae
1100 3477 1344 3556 partem
1431 3477 1871 3556 occupaverat.
1988 3473 2075 3537 Et
2147 3496 2295 3539 vere
2364 3479 2603 3561 coeptis

280 3568 459 3632 illius
514 3567 876 3633 benedictio
933 3568 1152 3632 divina
1197 3573 1331 3632 tam
1395 3587 1620 3652 parum
1680 3567 1915 3648 defuit,
1975 3575 2048 3634 ut
2093 3571 2271 3636 brevi
2316 3576 2602 3657 tempore

280 3685 667 3729 numerosus
743 3664 1255 3729 Christianorum
1328 3669 1550 3729 coetus
1625 3665 2027 3731 coalesceret.
2150 3667 2603 3735 Willibrordus

287 3782 346 3824 a.
396 3761 524 3824 696
584 3762 855 3825 Romam
920 3761 1240 3844 profectus
1306 3782 1345 3824 a
1410 3759 1726 3824 Pontifice
1787 3759 2011 3847 Sergio
2071 3763 2122 3827 I.
2196 3765 2626 3850 archiepis&

328 3879 403 3921 us
450 3855 797 3945 Frisiorssum
848 3857 1205 3939 ordinatus,
1259 3859 1331 3921 in
1378 3856 1652 3921 Frisiam
1703 3857 1902 3921 redux
1960 3859 2171 3923 sedem
2226 3883 2406 3926 suam
2461 3864 2606 3927 fixit

292 3880 661 4039 gltrffjssssssls.
774 3953 1088 4017 Attamen
1165 3952 1427 4017 nonnisi
1501 3957 1648 4036 post
1717 3953 2009 4019 Radbodi
2077 3961 2351 4021 mortem
2419 3954 2601 4043 (718)

287 4070 403 4133 per
466 4052 671 4113 totam
718 4048 989 4113 Frisiam
1049 4049 1274 4131 religio
1339 4049 1693 4114 christiana
1750 4055 2102 4135 propagata
2158 4057 2285 4129 est,
2350 4055 2420 4118 in
2476 4079 2602 4140 quo

282 4167 480 4229 opere
542 4145 736 4209 etiam
803 4166 1062 4227 operam
1121 4146 1400 4210 contulit
1457 4167 1635 4210 suam
1693 4143 1755 4210 S.
1816 4146 2213 4230 Wolfram‘us
2271 4152 2601 4236 episcopus

394 4257 658 4309 Jungmann,
686 4257 1041 4299 Dissertationes.
1096 4257 1218 4299 Tom.
1246 4258 1334 4299 ΙΙΙ.
2358 4256 2392 4306 2

1466 2036 1505 2043 m

306 4037 341 4046 u
344 4028 453 4044 „affl—nun·
