3270 5028
666 442 769 494 312
1012 439 1164 493 XVI.
1204 439 1411 495 Causae
1450 400 1688 495 celebres
1727 447 1784 496 et
1820 442 2135 497 Decretales
2171 440 2622 495 Pseudo-Isidori.

655 578 969 662 proficere
1002 584 1234 662 posset.
1325 580 1656 646 Eusebius
1705 601 1952 663 quoque
1995 580 2072 645 de
2121 580 2403 663 quadam
2449 551 2666 665 parba
2712 578 3004 645 civitate

665 675 1015 759 apostolica
1075 677 1463 745 auctoritate
1526 683 1821 744 mutatus
1882 682 1975 742 est
2038 677 2532 743 Alexandriam.
2650 675 2996 742 Similiter

665 777 726 838 ct
780 772 976 838 Felix
1040 772 1116 837 de
1181 772 1454 850 civitate,
1516 795 1648 856 qua
1719 774 2063 840 ordinatus
2126 778 2269 839 erat
2343 773 2639 839 electione
2711 773 2991 851 civium,

659 874 927 952 propter
981 868 1343 935 doctrinam
1404 875 1464 934 et
1512 871 1744 938 bonam
1790 871 1993 936 vitam
2046 891 2241 952 quam
2288 870 2587 950 habebat,
2646 868 2990 935 communi

665 966 1101 1049 episcoporum
1147 970 1208 1030 et
1251 965 1650 1049 reliquorum
1692 968 2096 1033 sacerdotum
2143 989 2218 1033 ac
2265 967 2660 1050 populorum
2704 965 2993 1031 consilio

666 1062 1030 1128 translatus
1092 1068 1186 1127 est
1244 1063 1330 1128 ad
1386 1063 1735 1147 Ephesum.
1831 1065 1983 1130 Non
2043 1064 2217 1130 enim
2274 1063 2520 1130 transit
2585 1064 2661 1129 de
2712 1063 2991 1128 civitate

662 1157 738 1223 in
783 1158 1136 1239 civitatem,
1195 1160 1310 1242 qui
1354 1182 1487 1226 non
1532 1182 1650 1227 suo
1697 1161 1890 1228 libitu
1943 1161 2058 1227 hoc
2101 1161 2301 1245 facit,
2358 1165 2477 1227 aut
2521 1160 2799 1240 ambitu,
2865 1159 2990 1224 sed

662 1254 950 1321 utilitate
1018 1256 1301 1337 quadam
1365 1261 1483 1322 aut
1540 1258 1916 1323 necessitate
1977 1262 2257 1335 coactus,
2325 1261 2444 1323 aut
2503 1256 2790 1322 utilitate
2853 1255 2986 1321 loci

664 1356 784 1417 aut
822 1352 1083 1435 populi,
1140 1374 1274 1418 non
1320 1353 1587 1436 superbe
1632 1354 1742 1420 sed
1785 1354 2126 1426 humiliter
2177 1354 2256 1420 ab
2302 1353 2457 1419 aliis
2502 1353 2869 1419 translatus
2919 1356 2990 1416 et

661 1446 1151 1515 inthronizatus
1196 1454 1314 1529 est,
1372 1449 1531 1531 quia
1572 1450 1757 1515 homo
1803 1450 1975 1515 videt
2021 1450 2096 1516 in
2147 1450 2347 1534 facie,
2404 1450 2590 1515 Deus
2635 1454 2853 1514 autem
2901 1450 2985 1513 in

663 1545 919 1631 corde.¹)
989 1546 1205 1623 Vides,
1256 1548 1421 1611 nihil
1464 1548 1534 1612 in
1583 1549 1684 1613 his
1731 1549 1952 1613 haberi
2000 1550 2079 1613 ad
2121 1552 2270 1633 jura
2318 1548 2755 1613 Romanorum
2802 1549 2986 1611 Pon-

662 1644 905 1707 tificum
956 1643 1419 1727 amplificanda.

843 1794 986 1857 109.
1051 1790 1176 1857 Sed
1236 1792 1411 1857 aliud
1472 1797 1687 1859 exstat
1743 1794 2189 1860 documentum
2255 1817 2292 1858 a
2353 1794 2543 1858 variis
2603 1793 2985 1858 auctoribus

570 1860 600 1901 i'
662 1889 998 1953 Hadriano
1068 1889 1147 1953 H.
1223 1890 1642 1969 attributum,
1720 1890 1890 1974 quod
1957 1895 2181 1956 nostro
2247 1896 2535 1973 tempore
2616 1890 2981 1954 exhibitum

662 1986 790 2051 fuit
862 1990 935 2050 ut
1021 1990 1472 2071 argumentum
1558 1987 1814 2072 insigne
1894 2010 2020 2071 quo
2095 1988 2436 2071 probetur,
2530 1986 2985 2051 Decretalibus

663 2082 1189 2147 Pseudo-Isidori
1250 2081 1650 2148 Hadrianum
1714 2084 1990 2149 maxime
2048 2084 2334 2147 innisum
2397 2105 2567 2167 esse,
2630 2089 2703 2147 ut
2760 2087 2984 2148 aucto-

661 2178 922 2243 ritatem
969 2176 1148 2243 Sedis
1190 2178 1600 2262 Apostolicae
1649 2180 2005 2246 vindicaret
2066 2185 2130 2244 et
2183 2181 2550 2244 inculcaret.
2641 2179 2788 2244 Jam
2837 2178 2982 2244 Mu-

662 2275 936 2340 ratorius
996 2297 1074 2339 ex
1123 2276 1331 2340 codice
1392 2274 1864 2342 Mediolanensi
1921 2276 2361 2360 publicaverat
2423 2282 2672 2359 partem
2732 2277 2978 2341 oratio-

661 2371 764 2435 nis
822 2371 1153 2455 cujusdam
1214 2371 1472 2436 habitae
1530 2374 1600 2437 in
1663 2374 1905 2457 synodo
1967 2374 2214 2457 aliqua,
2281 2395 2473 2456 quam
2520 2374 2654 2456 ipse
2716 2373 2980 2457 quidem

563 2520 565 2525 .
663 2468 964 2552 opinatus
1024 2473 1124 2533 est
1182 2469 1567 2535 celebratam
1629 2471 1824 2536 fuisse
1880 2470 2121 2535 Romae
2187 2470 2308 2534 sub
2369 2468 2638 2535 Nicolao
2683 2469 2736 2535 Ι.
2801 2493 2983 2535 311110

666 2564 871 2646 864²)
963 2562 1088 2629 Sed
1149 2565 1299 2630 dein
1344 2588 1569 2652 graves
1612 2572 1935 2644 auctores,
1993 2568 2094 2631 uti
2126 2567 2388 2645 ‘Mansi‚
2448 2567 2646 2644 ι13110,
2710 2568 2982 2632 Diimm·

662 2665 787 2741 ler,
860 2668 1263 2746 agnoverunt
1326 2687 1404 2728 ex
1467 2665 1681 2730 indole
1743 2665 1944 2747 ipsius
2006 2665 2347 2740 orationiS,
2418 2664 2760 2748 posteriori
2809 2672 2980 2728 tem-

664 2782 817 2843 pore
863 2760 1151 2824 habitam
1195 2762 1393 2828 fuisse
1424 2763 1602 2826 illam
1651 2761 2028 2842 orationem,
2074 2761 2314 2826 scilicet
2359 2782 2532 2825 anno
2565 2761 2722 2844 8693
2772 2760 2982 2844 quod-

665 2879 786 2942 que
843 2858 982 2942 jam
1028 2860 1391 2945 conjecerat
1425 2855 1724 2943 „Mansi‚⁸)
1786 2850 1901 2941 pro'
1955 2861 2131 2922 certo
2187 2857 2558 2920 habuerunt
2603 2857 2738 2935 alii,
2804 2857 2979 2920 vide·

661 2956 815 3019 licet
860 2956 1217 3020 orationem
1249 2957 1425 3022 illam
1474 2958 1787 3040 prolatam
1835 2975 1971 3018 esse
2017 2954 2084 3017 in
2115 2953 2359 3036 synodo
2390 2954 2730 3031 celebrata,
2776 2976 2979 3036 quum

662 3051 1007 3117 Lotharius
1061 3054 1131 3117 in
1188 3053 1415 3118 Monte
1462 3053 1728 3118 Cassino
1787 3074 1844 3116 a.
1893 3051 2018 3114 869
2079 3072 2217 3114 cum
2276 3048 2610 3113 Hadriano
2656 3050 2978 3114 Pontifice

666 3151 1068 3228 conveniret,
1144 3154 1216 3215 ut
1290 3153 1367 3215 de
1443 3150 1715 3216 divortio
1793 3149 1873 3213 ab
1940 3169 2139 3212 uxore
2212 3145 2578 3230 Teutberga
2646 3150 2978 3212 tractaret.

667 3245 885 3329 Atque
943 3247 1064 3311 viri
1122 3248 1218 3312 illi
1279 3247 1527 3331 opinati
1589 3252 1772 3327 sunt,
1830 3245 2189 3310 orationem
2249 3243 2418 3307 hanc
2475 3264 2586 3306 seu
2639 3243 2974 3308 allocutio-

667 3365 816 3407 nem
878 3345 1358 3409 attribuendam
1413 3366 1546 3408 esse
1600 3344 1722 3426 ipsi
1768 3343 2104 3406 Hadriano
2153 3339 2480 3416 Pontifici,
2543 3341 2655 3423 qui
2709 3362 2847 3404 eam
2897 3340 2977 3404 ad

667 3441 987 3523 praesules
1034 3441 1260 3524 synodi
1299 3444 1553 3506 coactae
1599 3435 1986 3522 direxerit.⁴)
2036 3475 2122 3483 —
2171 3436 2420 3502 Accidit
2466 3444 2682 3500 autem
2729 3438 2979 3522 aliquot

849 3700 889 3767 ι)
929 3699 1063 3753 0011.
1104 3700 1264 3753 Conc.
1301 3699 1504 3765 Labbe,
1543 3700 1605 3752 Τ.
1630 3699 1787 3752 VIII.
1829 3698 1928 3752 col.
1968 3699 2087 3750 932.

843 3777 887 3846 ²)
939 3778 1130 3833 Oratio
1178 3779 1427 3846 anonymi
1468 3777 1771 3846 cujuspiam
1817 3775 2074 3845 episcopi,
2122 3774 2314 3829 habita
2369 3771 2424 3824 in
2473 3775 2679 3842 synodo
2728 3774 2974 3828 Romana

667 3874 807 3912 anno
846 3857 1051 3912 Christi
1088 3848 1465 3911 DCCCLXIV.
1504 3858 1706 3911 Rerum
1753 3857 1881 3911 Ital.
1920 3855 2247 3922 ScriptoreS,
2297 3851 2452 3910 Tom.
2490 3855 2565 3908 II.
2604 3855 2740 3907 Pars
2778 3853 2977 3918 altera,

666 3955 717 4005 p'
760 3940 889 4084 133³}
928 4017 1062 4070 0011.
1103 4017 1264 4071 eone.
1304 4017 1366 4070 T.
1400 4017 1519 4070 xv,
1556 4033 1606 4083 p.
1646 4019 1764 4070 890.

661 4164 666 4171 .
834 4094 881 4163 4)
921 4096 985 4148 V.
1014 4095 1173 4161 Jaffe,
1200 4096 1447 4164 Regesta
1482 4095 1599 4148 RR.
1625 4097 1786 4149 Pont.
1825 4111 1876 4162 p.
1914 4096 2034 4148 257.
2073 4124 2139 4130 —-
2177 4092 2473 4162 Diimmler‚
2513 4091 2839 4149 Geschichte
2877 4093 2979 4146 des

666 4172 1113 4230 'ostfrankischen
1151 4175 1399 4229 ReicheS.
1473 4174 1660 4228 Berlin
1699 4175 1851 4240 1862,
1890 4178 1930 4227 t.
1968 4175 2012 4226 I.
2049 4190 2101 4239 p.
2141 4175 2262 4239 678,
2299 4190 2350 4227 n.
2391 4175 2475 4226 51.
