3270 5028
1098 438 1485 492 Controversia
1520 436 1580 492 in
1618 438 1815 493 Gallia.
2571 442 2638 494 75

328 577 595 643 CPtana
640 578 978 644 concordia
1032 580 1190 644 satis
1246 581 1509 645 turbata
1566 585 1680 645 est.
1774 581 1972 645 Anno
2021 581 2144 647 797
2203 581 2487 662 dejectus
2545 586 2641 646 est

329 675 790 740 Constantinus
851 680 916 740 et
973 676 1312 742 crudeliter
1375 682 1778 754 excaecatUS,
1841 701 1913 743 ac
1971 678 2149 741 brevi
2203 670 2352 760 post
2408 677 2641 742 obiisse

324 771 582 836 dicitur.
671 771 852 847 Quod
907 773 1289 857 supplicium
1344 773 1456 838 alii
1509 774 1591 840 ab
1637 773 1824 839 Irene
1879 774 2256 838 mandatum
2310 774 2507 838 fuisse
2554 796 2643 837 re·

325 868 568 938 ferunt:
625 868 734 932 alii
784 877 1076 947 censent,
1133 870 1467 935 mulierem
1522 893 1561 934 a
1617 893 1952 954 procerum
2007 870 2421 954 quorumdam
2479 870 2641 935 arbi-

323 965 451 1028 trio
497 964 996 1047 dependentem,
1057 970 1189 1030 tum
1238 967 1449 1049 quoad
1495 965 1915 1032 Constantini
1968 968 2348 1051 ejectionem
2394 989 2471 1031 ex
2519 969 2638 1031 im-

324 1061 520 1145 perio,
569 1065 706 1125 tum
751 1061 956 1145 quoad
996 1063 1396 1146 supplicium,
1444 1086 1571 1147 quo
1618 1068 1823 1128 matre
1860 1064 2077 1127 nescia
2121 1063 2391 1127 affectus
2422 1063 2638 1141 fuerit,

326 1159 554 1222 merito
599 1157 959 1241 excusari.¹)
1033 1157 1239 1224 =Irene
1283 1159 1434 1224 dein
1480 1161 1617 1225 sola
1661 1161 1962 1243 regnavit
2016 1182 2219 1243 usque
2274 1161 2353 1224 ad
2393 1181 2637 1224 annum

327 1254 473 1328 802,
529 1277 657 1338 quo
704 1277 877 1319 anno
923 1256 1064 1339 ipsa
1107 1279 1145 1320 a
1189 1255 1552 1340 Nicephoro
1600 1257 1867 1340 patricio
1914 1277 1948 1319 e
1994 1256 2229 1321 throno
2278 1256 2527 1340 dejecta
2572 1261 2641 1320 et

321 1352 393 1416 in
437 1351 716 1416 insulam
754 1351 995 1416 Lesbos
1040 1353 1327 1437 relegata
1372 1358 1485 1419 est.
1561 1352 1805 1417 Ibidem
1854 1353 2015 1417 obiit
2053 1375 2225 1418 anno
2273 1353 2401 1417 803
2433 1352 2644 1429 Irene,

324 1470 491 1532 quae
537 1469 576 1510 a
624 1447 883 1512 Graecis
929 1448 1161 1514 colitur
1205 1449 1379 1513 inter
1425 1448 1717 1515 SanctOS.

502 1553 606 1617 87.
665 1551 1072 1645 NJfifflhertff
1125 1555 1418 1638 princeps
1474 1576 1703 1620 saevus
1753 1559 1820 1620 et
1864 1576 2123 1634 avarus,
2177 1552 2364 1618 modo
2414 1557 2644 1636 tyran·

228 1682 235 1689 ⁸
322 1672 555 1715 norum
623 1648 819 1714 etiam
888 1652 1330 1716 ecclesiasticis
1399 1652 1678 1735 negotiis
1744 1674 1812 1716 se
1879 1651 2160 1724 miscuit,
2234 1650 2638 1733 multumque

322 1746 719 1828 patriarchas
780 1745 845 1812 S.
902 1748 1240 1813 Tarasium
1299 1751 1365 1811 et
1419 1749 1558 1831 ejus
1616 1768 2046 1812 successorem
2107 1748 2190 1825 (a.
2237 1743 2395 1830 806)
2451 1745 2638 1809 Nice-

323 1843 595 1926 phorum
642 1846 929 1917 vexavit3
993 1848 1284 1908 attamen
1332 1843 1570 1907 bellum
1617 1848 1847 1908 contra
1892 1864 2101 1907 sacras
2145 1842 2462 1926 imagines
2508 1863 2637 1906 non

321 1940 723 2004 instauravit.
834 1941 1030 2005 Anno
1094 1941 1215 2004 811
1278 1941 1348 2004 in
1407 1940 1603 2004 bello.
1642 1945 1871 2004 contra
1926 1939 2241 2024 Bulgaros
2301 1960 2444 2003 cum
2503 1961 2640 2022 per·

322 2057 561 2120 magna
616 2036 897 2099 militum
958 2059 1221 2101 suorum
1281 2036 1697 2100 multitudine
1759 2037 2001 2100 occisus
2065 2040 2192 2111 est,
2252 2035 2437 2119 eique
2497 2057 2636 2100 suc-

323 2133 515 2198 cessit
574 2130 858 2195 Michae'l
903 2131 960 2196 I.
1018 2131 1440 2215 RhanyabeS,
1503 2133 1612 2216 qui
1671 2132 2022 2215 Imperium
2080 2132 2246 2196 bene
2298 2132 2475 2196 visus
2540 2138 2637 2197 est

322 2226 843 2306 administrare(
881 2224 1098 2294 aede
1169 2230 1502 2313 religionis
1573 2232 1640 2292 et
1708 2229 2011 2294 ecclesiae
2080 2229 2251 2293 bono
2321 2229 2635 2294 sollicitus

321 2330 482 2392 erat.
573 2329 665 2390 At
706 2348 851 2390 cum
895 2328 964 2391 in
1014 2326 1443 2392 Iconoclastas
1491 2326 2049 2408 animadverteret,
2100 2324 2404 2388 invidiam
2453 2347 2636 2389 exer·

323 2424 515 2498 citus,
584 2423 654 2486 in
722 2444 848 2505 quo
906 2423 1095 2487 multi
1157 2445 1230 2486 ea
1287 2421 1537 2486 haeresi
1599 2422 1824 2487 infecti
1880 2426 2097 2496 erant,
2163 2422 2393 2502 subiit3
2464 2422 2637 2486 unde

321 2522 565 2586 factum
635 2523 762 2596 est,
836 2524 912 2583 ut
975 2543 1145 2586 anno
1204 2521 1328 2585 813
1393 2521 1727 2585 commissa
1795 2542 1937 2585 cum
2005 2519 2303 2603 Bulgaris
2372 2519 2638 2584 adversa

320 2637 571 2701 pugna,
639 2617 874 2681 milites
936 2618 1017 2682 ab
1078 2639 1151 2682 eo
1214 2617 1560 2682 deficerent
1622 2621 1689 2681 et
1753 2616 2215 2700 Imperatorem
2276 2617 2638 2681 salutarent

323 2712 606 2777 Leonem
637 2710 1016 2784 Armenum.
1093 2713 1372 2777 Michael
1414 2713 1669 2795 imperii
1716 2713 1903 2797 signa
1948 2718 2178 2795 sponte
2224 2712 2537 2795 deposuit,
2573 2717 2639 2776 et
2689 2725 2726 2838 s

323 2832 467 2875 cum
516 2808 827 2893 Procopia
872 2813 1146 2896 conjuge
1192 2810 1537 2893 liberisque
1588 2810 2013 2874 monasticum
2061 2809 2354 2873 habitum
2401 2809 2635 2874 induit.

502 2917 604 2979 88.
654 2914 831 2998 Lep*
834 2914 898 2977 V
947 2914 1277 2979 Armenus
1332 2916 1571 2979 iterum
1613 2914 1858 2978 bellum
1905 2920 2090 2979 atrox
2148 2921 2370 2979 contra
2424 2936 2635 2977 sacras

321 3012 635 3096 imagines
690 3003 1257 3096 suscepit'f‘atque
1317 3013 1454 3095 ipso
1511 3011 1867 3094 imperante
1924 3011 2142 3087 fideles
2207 3010 2505 3074 catholici
2561 3032 2635 3074 ea
2679 3038 2848 3080 Beuum
2875 3040 2938 3082 in-

321 3110 459 3173 fere
513 3110 729 3173 omnia
777 3110 1171 3185 tolerarunt,
1242 3131 1406 3193 quae
1461 3109 1581 3172 sub
1640 3106 1852 3171 Leone
1911 3106 2134 3170 Isauro
2196 3110 2263 3170 et
2316 3107 2631 3171 Constan-
2684 3103 2917 3144 mutatur·

321 3207 464 3270 tino
520 3205 923 3288 Copronymo
981 3205 1306 3288 quondam
1366 3205 1537 3287 passi
1595 3206 1766 3268 sunt.
1867 3202 2073 3266 Leoni
2123 3202 2407 3266 Armeno
2463 3225 2634 3274 anno

323 3303 453 3365 820
499 3302 840 3365 interfecto
887 3302 1189 3365 successit
1233 3298 1516 3363 Micha‘el
1556 3297 1655 3362 II.
1698 3297 1973 3387 Balbus,
2019 3300 2131 3382 qui
2175 3299 2384 3375 initio,
2434 3321 2627 3383 quum

321 3397 601 3462 Thomas
626 3398 903 3461 militum
928 3398 1056 3462 dux
1080 3404 1308 3461 contra
1333 3418 1476 3460 eum
1500 3395 1916 3460 rebellionem
1939 3396 2329 3473 suscitasset,
2352 3418 2420 3460 se
2445 3397 2633 3460 bene·

322 3495 534 3558 volum
579 3495 647 3558 in
694 3493 1039 3560 catholicos
1069 3489 1431 3567 ‘simulavit3
1480 3492 1591 3556 sed
1637 3492 1987 3557 rebellione
2036 3492 2258 3557 sedata
2302 3493 2630 3557 infensum

320 3612 458 3654 sese
488 3591 773 3655 ostendit
801 3613 1126 3657 sacrarum
1152 3589 1510 3674 imaginum
1549 3589 2001 3665 adversarium,
2050 3597 2116 3652 et
2149 3589 2360 3665 exilio,
2407 3590 2632 3672 spolia-

320 3688 500 3751 tione
542 3687 877 3766 bonorum,
926 3689 1053 3752 imo
1086 3691 1151 3751 et
1184 3688 1413 3750 ultimo
1446 3686 1757 3768 supplicio
1804 3689 1869 3750 in
1901 3686 2118 3750 fideles
2149 3686 2627 3751 animadvertit.

502 3785 603 3847 89.
670 3783 954 3849 Conatus
1017 3788 1232 3848 autem
1297 3786 1393 3847 est
1450 3781 1678 3846 callide
1739 3781 2129 3846 Ludovicum
2188 3782 2371 3846 Pium
2420 3782 2631 3865 Impe-

320 3885 628 3959 ratorem,
699 3884 765 3944 et
832 3881 1192 3965 Eugenium
1259 3880 1342 3944 II.
1395 3878 1793 3943 ‘Pontificem
1860 3879 2219 3943 Romanum
2290 3880 2401 3962 qui
2474 3885 2633 3943 tunc

323 4168 359 4222 S
419 4089 541 4222 533)
596 4088 706 4143 Cfr.
754 4088 1165 4157 Hergenrother
1211 4089 1443 4144 Photius
1493 4089 1536 4142 Ι.
1587 4107 1641 4157 p.
1690 4091 1820 4156 2573
1869 4088 2207 4157 Damberger
2256 4089 2406 4153 Ges„
2453 4088 2516 4141 B.
2555 4086 2628 4140 II.

364 4210 376 4222 .
561 4184 676 4235 sqq.
