3270 5028
380 3973 589 4015 Tarasius

380 4032 594 4076 CPtanus.

662 439 733 488 44
1390 437 1472 491 De
1511 436 1725 491 haeresi
1760 436 2239 490 Iconoclastarum.

665 577 798 640 dire
862 581 1232 660 persecutus
1299 587 1425 655 est,
1491 578 1742 643 Irenem
1804 599 1954 643 vero
2017 576 2237 641 durius
2288 577 2666 660 increpitam
2733 582 2798 641 et
2861 599 2971 640 ne·

663 677 952 757 gantem,
1010 675 1324 759 imagines
1378 675 1522 738 illas
1576 676 1716 758 ipsa
1773 675 2034 752 conscia,
2090 675 2180 738 ibi
2239 673 2595 749 delituisse,
2659 675 2726 739 in
2792 675 2972 737 exili-

667 792 773 833 um
849 771 1104 854 abjecit.
1178 807 1265 815 —
1339 771 1549 847 Quum
1616 771 1718 834 die
1791 772 1847 835 6.
1916 769 2249 835 Februarii
2317 771 2474 834 anni
2549 771 2674 834 780
2741 769 2974 834 Niceta

668 866 1042 931 Patriarcha
1117 865 1417 932 CPtanus
1494 868 1790 945 obiisset,
1880 868 1948 932 in
2027 869 2165 952 ejus
2247 889 2667 933 successorem
2745 867 2975 952 selegit

662 961 1024 1046 Imperator
1093 964 1365 1028 Paulum
1437 964 1771 1043 lectorem3
1842 964 1922 1027 ab
1991 986 2065 1028 eo
2130 986 2278 1028 vero
2343 966 2583 1048 exegit,
2656 969 2729 1029 ut
2793 966 2974 1049 jure-

657 1059 936 1143 jurando
998 1061 1433 1144 promitteret,
1509 1082 1576 1124 se
1647 1061 1886 1125 cultum
1957 1061 2311 1143 imaginum
2384 1083 2516 1125 non
2585 1083 2719 1125 esse
2786 1060 2973 1124 resti-

663 1159 974 1220 tuturum.
1067 1156 1140 1220 Id
1194 1155 1449 1241 quidem
1498 1156 1687 1220 initio
1736 1157 1976 1224 Paulus
2033 1159 2408 1240 promittere
2461 1158 2678 1221 renuit
2731 1157 2970 1221 sedem-

665 1274 787 1337 que
843 1252 1170 1318 CPtanam
1239 1254 1520 1335 accipere
1576 1251 1948 1337 declinavit3
2015 1251 2270 1317 demum
2324 1257 2538 1317 tamen
2598 1255 2792 1318 cessit
2844 1253 2970 1316 Im·

662 1350 974 1433 peratori,
1039 1354 1104 1414 et
1158 1350 1466 1432 praestito
1514 1350 1824 1433 ejusmodi
1872 1350 2295 1435 jurejurando
2348 1354 2645 1414 currente
2693 1349 2974 1426 Quadra-

662 1449 908 1532 gesima
968 1447 1142 1511 illius
1202 1446 1357 1510 anni
1414 1445 1483 1509 in
1544 1446 1757 1509 sedem
1815 1444 2141 1511 CPtanam
2203 1452 2461 1510 evectus
2517 1451 2632 1510 est.
2737 1444 2970 1510 Utrum

663 1546 782 1609 tali
846 1545 915 1607 in
974 1566 1042 1607 re
1108 1543 1375 1621 Paultis,
1444 1543 1555 1625 qui
1619 1545 1863 1607 cultum
1927 1544 2281 1626 imaginum
2352 1542 2596 1606 licitum
2666 1547 2730 1607 et
2795 1543 2972 1626 pium

665 1663 804 1706 esse
863 1645 1034 1705 certe
1090 1640 1382 1716 tenebat,
1441 1639 1704 1722 ignavia
1760 1639 2185 1704 ambitioneve
2239 1638 2464 1703 ductus
2510 1639 2622 1715 sit,
2687 1661 2771 1701 an
2822 1660 2973 1702 vero

665 1738 987 1803 censuerit
1047 1737 1417 1801 oeconomia
1480 1736 1758 1819 practica
1819 1735 1898 1799 ad
1959 1737 2203 1819 majora
2259 1735 2519 1800 vitanda
2581 1736 2750 1800 mala
2809 1736 2972 1819 ejus·

618 1834 837 1909 ,modi
886 1834 1372 1917 promissionem
1430 1834 1645 1910 licere,
1708 1832 1963 1897 difficile
2020 1836 2118 1895 est
2176 1831 2403 1897 dicere.
2495 1831 2617 1895 Die
2676 1832 2733 1896 8.
2793 1854 2973 1894 men-

664 1932 752 1995 sis
814 1929 1205 2014 Septembris
1266 1930 1420 1993 anni
1486 1930 1612 1992 780
1676 1932 1965 1992 mortuus
2031 1932 2129 1991 est
2189 1927 2351 2006 Leo,
2425 1929 2606 2012 eique
2669 1928 2976 1993 successit

672 2024 1141 2092 Constantinus
1200 2023 1306 2090 VI.
1363 2024 1984 2109 Porphyrogenitus,
2045 2026 2213 2089 filius
2269 2027 2405 2109 ejus
2461 2025 2793 2103 decenniS,
2851 2024 2975 2088 sub

669 2125 876 2188 tutela
931 2124 1155 2188 matris
1207 2120 1449 2186 IreneS.
1544 2121 1678 2185 Sub
1733 2122 1962 2185 horum
2015 2123 2379 2205 principatu
2433 2143 2581 2185 usus
2638 2125 2705 2184 et
2761 2121 2972 2184 cultus

665 2243 985 2286 sacrarum
1031 2206 1415 2304 imagi‘ffiiffi‘
1435 2219 1723 2283 restituti
1768 2222 1936 2283 sunt.

1661 2531 1666 2536 ·
1751 2509 1881 2583 111.

895 2643 1036 2705 De
1097 2641 1536 2706 Concilio
1599 2641 2223 2706 oecumenico
2278 2642 2732 2720 septimo.
2807 2645 2816 2652 ”

839 2798 943 2860 49.
1020 2795 1253 2871 Quum·
1294 2802 1593 2881 quartum
1663 2796 1915 2880 imperii
1983 2818 2229 2861 annum
2301 2800 2570 2881 agerent
2637 2794 2827 2862 Irene
2905 2800 2973 2861 et

664 2893 1136 2958 Constantinus
1213 2894 1293 2975 (a.
1362 2893 1547 2973 784),
1628 2893 1867 2979 Paulus
1945 2892 2308 2976 patriarcha
2373 2892 2674 2958 CPtanus
2749 2893 2971 2958 morbo

662 2990 927 3055 affectus
990 3013 1066 3055 ex
1137 2991 1474 3074 inopinato
1549 2991 1791 3054 dimisit
1858 3012 2092 3054 munus
2160 3012 2341 3056 suum
2424 3011 2497 3055 ac
2565 2990 2971 3075 dignitatem,

661 3091 727 3152 et
800 3087 1088 3152 habitum
1173 3088 1598 3153 monasticum
1675 3087 1743 3151 in
1828 3085 1889 3152 S.
1959 3084 2140 3151 Flori
2213 3088 2603 3152 monasterio
2678 3086 2967 3169 sumpsit.

664 3180 1064 3267 Imperatrici
1126 3184 1579 3266 nobilibusque
1641 3184 1791 3248 viris
1853 3183 1933 3246 ad
1992 3183 2198 3267 ipsum
2261 3184 2706 3248 accedentibus
2768 3184 2969 3248 decla-

665 3282 857 3357 ravit,
919 3302 987 3343 se
1052 3280 1377 3344 abdicasse
1443 3282 1813 3364 episcopatu
1880 3278 2173 3359 CPtano,
2244 3280 2410 3365 quod
2478 3284 2826 3366 angeretur
2889 3280 2970 3344 ob

662 3376 1142 3460 promissionem
1218 3375 1421 3442 Leoni
1498 3376 1735 3440 factam
1811 3377 1889 3440 de
1965 3399 2096 3440 non
2172 3377 2569 3441 restituendo
2646 3398 2971 3441 sacrarum

661 3473 1014 3556 imaginum
1062 3474 1271 3550 cultu,
1331 3494 1564 3555 eosque
1607 3494 1843 3556 magno
1903 3495 2045 3537 cum
2091 3474 2310 3538 dolore
2367 3473 2664 3538 hortatus
2712 3478 2836 3550 est,
2895 3478 2973 3538 ut

661 3569 1074 3652 providerent
1149 3570 1329 3633 tristi
1398 3568 1750 3633 conditioni
1821 3569 2122 3633 ecclesiae
2195 3569 2366 3633 illius
2436 3569 2518 3633 ab
2586 3570 2726 3634 aliis
2794 3591 2970 3653 sepa·

661 3671 869 3744 ratae,
936 3672 1137 3749 utque
1201 3667 1440 3750 rejecto
1505 3687 1717 3730 errore
1781 3666 1850 3729 in
1912 3665 2258 3748 pristinum
2319 3669 2561 3730 statum
2628 3689 2726 3731 res
2783 3667 2967 3730 resti·

660 3766 940 3827 tuerent.
1034 3761 1234 3826 Paulo
1304 3768 1448 3847 post
1510 3762 1671 3827 obiit
1725 3761 1999 3838 Paulus,
2064 3767 2130 3826 et
2204 3760 2522 3846 Tarasius
2585 3764 2697 3847 qui
2763 3763 2971 3846 Impe-

662 3859 858 3922 ratori
928 3881 965 3922 a
993 3905 999 3910 -
1027 3859 1478 3923 secretioribus
1553 3859 1871 3922 mandatis
1946 3864 2109 3937 erat,
2187 3851 2559 3923 P'a—t'ri‘affla
2625 3860 2693 3923 in
2763 3862 2970 3925 locum

658 3954 847 4019 Pauli
907 3956 1277 4039 designatus
1337 3961 1452 4020 est.
1559 3955 1727 4019 Eum
1790 3960 1861 4019 ut
1914 3955 2360 4039 dignissimum
2424 3978 2461 4019 a
2522 3957 2752 4040 populo
2809 3977 2969 4040 quo-

658 4075 782 4135 que
839 4054 1233 4135 postulatum
1290 4053 1629 4136 scriptores
1687 4052 2011 4134 referunt,
2072 4051 2183 4115 sed
2234 4052 2342 4115 diu
2387 4074 2737 4130 recusasse,
2800 4051 2973 4136 quod

657 4150 853 4214 laicus
902 4157 1087 4213 esset.
1160 4148 1399 4211 Munus
1446 4149 1707 4212 tandem
1755 4149 2048 4231 suscepit,
2097 4169 2173 4212 ea
2211 4150 2540 4232 proposita
2586 4150 2969 4219 conditione,
