3270 5028
924 404 1006 458 De
1043 397 1422 460 Decretalibus
1459 405 2041 460 Pseudo—Isidorianis.
2532 410 2638 461 319

332 546 540 610 nuarii
588 568 645 611 a.
697 543 899 626 868.1)
989 547 1163 623 Quae
1219 547 1423 630 igitur
1485 546 1883 625 acciderunt,
1949 570 2144 631 quum
2200 548 2388 613 initio
2445 548 2638 633 hujus

331 643 488 705 anni
555 643 923 727 Teutberga
990 643 1256 707 Romam
1321 644 1637 718 venisset,
1702 665 1775 728 ac
1836 644 2266 726 subsequente
2330 650 2637 729 tempore,

331 744 549 802 orator
593 745 666 803 ut
710 742 896 805 testis
942 739 1020 822 de
1066 739 1202 803 visu
1251 744 1545 804 accurate
1584 740 1816 816 refert,
1867 742 1943 804 de
1993 743 2439 806 communione
2489 764 2640 807 vero

331 834 668 900 Zachariae
717 839 868 900 ante
913 834 1350 914 audientia-m,
1408 837 1696 921 loquitur
1750 843 2060 920 tanquam
2115 839 2191 902 de
2239 860 2307 903 re
2354 840 2476 922 ipsi
2522 840 2635 903 mi·

330 953 449 995 nus
506 938 858 1015 comperta,
920 919 1024 997 ut'z·
1079 952 1381 996 murmur
1436 930 1731 996 ecclesiae
1785 930 1991 997 hahet.
2087 933 2428 999 Caeterum
2487 957 2637 1000 vero

329 1028 583 1113 integra
636 1029 751 1094 illa
794 1031 998 1094 oratio
1045 1029 1273 1109 indoli,
1330 1030 1706 1106 eruditioni,
1765 1030 2122 1095 tendentiis
2173 1029 2456 1096 Formosi
2509 1034 2636 1115 epi-

326 1126 498 1207 scopi
562 1125 939 1191 Portuensis
1007 1128 1169 1190 bene
1237 1126 1603 1209 respondet.
1721 1125 1910 1190 Unde
1946 1134 2045 1190 -et
2113 1129 2634 1210 suppositionem,

325 1222 446 1304 ipsi
506 1221 674 1285 hanc
732 1223 1090 1287 orationem
1149 1223 1557 1287 tribuendam
1612 1237 1781 1299 esse,
1840 1222 2262 1287 fundamento
2323 1224 2636 1306 probabili

327 1340 458 1382 non
505 1340 719 1383 carere
765 1342 1108 1385 censemus.

499 1450 649 1513 116.
711 1449 1252 1525 Quemadmodum
1318 1451 1520 1534 igitur
1568 1448 1900 1526 NicolauS,
1961 1451 2053 1515 ita
2111 1450 2305 1542 etiam
2360 1449 2633 1515 Hadria·
2689 1453 2930 1555 εξῡῐὲῒῑῗξξζ

326 1568 449 1610 nus
512 1545 594 1609 ΙΙ.
670 1547 1050 1630 neutiquam
1125 1547 1371 1611 studuit
1450 1544 1628 1611 Sedis
1698 1547 2106 1630 Apostolicae
2185 1548 2631 1612 auctoritatem
2737 1527 2764 1566 q
2797 1529 2819 1555 θ
2926 1546 2943 1554 ’

327 1650 393 1708 et
460 1646 848 1726 potestatem
918 1666 995 1707 ex
1064 1641 1510 1708 Decretalibus
1573 1642 2251 1708 Pseudo-Isidorianis
2314 1643 2633 1708 vindicare

324 1741 425 1804 vel
494 1739 911 1822 amplificare,
984 1742 1272 1824 quamvis
1341 1743 1513 1804 certe
1584 1744 1873 1823 tempore
1942 1740 2255 1804 Hadriani
2327 1740 2633 1805 Decreta·-

324 1840 416 1902 les
461 1837 612 1901 illae
673 1836 914 1900 Romae
973 1845 1164 1900 notae
1227 1843 1462 1901 essent.
1571 1835 1707 1900 Nec
1762 1837 2195 1920 subsequente
2255 1842 2465 1902 aetate
2530 1861 2634 1901 us·

325 1956 448 2020 que
519 1934 597 1997 ad
663 1934 944 1997 Leonem
1005 1933 1122 1998 IX.
1194 1932 1468 1996 Romani
1541 1932 1888 1997 Pontifices
1957 1955 2035 1997 ex
2108 1933 2636 1999 Pseudo-Decre-

323 2032 559 2095 talibus
607 2032 1059 2095 auctoritatem
1114 2052 1294 2094 suam
1352 2030 1506 2122 tuiti
1559 2034 1735 2094 sunt.
1829 2029 2075 2094 Tamen
2132 2032 2382 2095 interea
2428 2032 2633 2113 magis

326 2131 656 2213 magisque
716 2127 994 2191 invaluit
1049 2127 1383 2210 disciplina
1444 2127 1558 2190 illa
1613 2127 1976 2211 antiquitus
2022 2149 2155 2190 non
2205 2129 2459 2211 ignota,
2521 2127 2632 2191 sed

323 2248 453 2289 non
531 2246 780 2308 semper
849 2223 1166 2298 adhibita,
1243 2245 1370 2306 qua
1445 2224 1515 2287 in
1590 2225 2032 2306 episcoporum
2101 2224 2358 2307 judiciis
2434 2223 2631 2287 Sedes

321 2322 693 2405 Apostolica
732 2321 971 2385 directe
1019 2319 1513 2396 interveniebat,
1560 2341 1759 2403 quum
1796 2318 2011 2382 eadem
2062 2325 2422 2402 opportuna
2469 2327 2635 2385 esset

322 2422 388 2482 et
452 2424 811 2501 temporum
875 2417 1197 2501 adjunctis
1260 2416 1668 2480 conveniens.
1764 2415 2138 2480 Generatim
2198 2420 2413 2480 autem
2473 2416 2634 2481 illud

323 2517 727 2580 auctoritatis
790 2513 1164 2579 exercitium
1230 2520 1294 2576 et
1358 2535 1433 2576 ea
1489 2513 1961 2597 jurisdictionis
2025 2514 2399 2597 applicatio,
2468 2537 2631 2599 quae

321 2615 392 2676 in
438 2609 1167 2677 Pseudo-Decretalibus
1217 2609 1662 2691 continentur,
1720 2612 2025 2693 ejusmodi
2070 2615 2258 2688 sunt,
2320 2615 2393 2674 ut
2439 2611 2646 2693 plane*

321 2710 751 2793 respondeant
813 2708 978 2771 veris
1046 2707 1375 2791 principiis
1444 2706 1521 2768 de
1591 2707 1872 2788 primatu
1936 2705 2205 2769 Romani
2279 2706 2631 2781 PontificiS,

321 2826 668 2887 eorumque
749 2803 1204 2886 principiorum
1274 2803 1397 2866 diei
1477 2803 1727 2884 possint
1804 2803 2084 2866 evolutio
2153 2808 2219 2866 et
2288 2804 2631 2887 applicatio

319 2903 653 2966 naturalis,
754 2900 968 2963 Etiam
1032 2902 1172 2964 sine
1232 2899 1538 2983 ejusmodi
1596 2897 2039 2962 Decretalibus
2100 2896 2292 2963 Sedes
2350 2902 2627 2983 Aposto-

323 3000 442 3061 lica
491 2997 603 3059 illa
663 3016 965 3079 peragere
1026 3002 1308 3079 poterat,
1373 3001 1438 3058 et
1497 2995 1765 3058 decursu
1828 3000 2218 3077 temporum,
2282 3016 2355 3060 ac
2417 2997 2629 3060 multi-

320 3094 468 3178 plici
532 3091 916 3156 obveniente
974 3113 1306 3155 causarum
1368 3095 1434 3154 et
1495 3091 1950 3155 necessitatum
1998 3091 2341 3168 varietate,
2406 3093 2623 3157 eadem

319 3192 419 3254 vel
464 3189 655 3252 simili
698 3187 949 3251 ratione
998 3187 1425 3251 ecclesiastica
1472 3187 1809 3270 disciplina
1858 3209 1994 3252 sese
2041 3188 2397 3253 evolvisset.
2488 3188 2627 3253 Imo

319 3285 597 3351 Romani
660 3283 1031 3360 PontificeS,
1099 3306 1211 3366 pro
1276 3283 1674 3366 plenitudine
1743 3285 2084 3367 potestatis
2154 3284 2307 3367 ipsis
2374 3285 2629 3365 insitae,

316 3382 783 3467 sapientissime
862 3380 1091 3462 passim
1166 3382 1376 3444 varias
1450 3380 1953 3445 modificationes
2020 3381 2084 3444 in
2159 3381 2493 3464 disciplina
2562 3388 2627 3447 et

309 3483 458 3564 jure
506 3477 927 3542 ecclesiastico
984 3477 1398 3541 introduxere
1447 3479 1513 3540 et
1557 3476 2011 3554 introducunt,
2071 3500 2145 3542 ac
2198 3479 2413 3562 prouti
2459 3501 2627 3543 nova

233 3636 234 3639 ,
318 3575 599 3641 conditio
645 3596 859 3638 rerum
908 3573 971 3636 id
1019 3573 1311 3656 requirit,
1358 3573 1586 3638 merito
1635 3575 1827 3638 etiam
1876 3575 2059 3639 novis
2099 3576 2421 3639 institutis
2471 3575 2627 3659 legi-

316 3673 438 3736 bus
484 3671 841 3756 provident.
917 3667 1086 3732 Dum
1137 3669 1309 3733 enim
1356 3668 1432 3734 de
1480 3668 1641 3734 Sede
1671 3670 2045 3753 Apostolica
2091 3673 2360 3755 ejusque
2403 3677 2623 3738 aucto·

315 3770 507 3833 ritate
574 3768 818 3852 agitur,
900 3787 1049 3848 prae
1118 3766 1315 3829 oculis
1390 3767 1757 3831 habendum
1833 3774 1930 3832 est
1996 3769 2156 3832 illud
2233 3769 2381 3832 fidei
2449 3770 2621 3852 prin-

494 3973 534 4037 ¹)
581 3974 719 4027 Post
766 3973 899 4027 haec
936 3972 1110 4040 jussit
1154 3989 1296 4041 papa
1343 3975 1477 4027 duos
1519 3973 1801 4042 episcopos
1849 3974 2164 4028 Formosum
2203 3982 2261 4029 et
2309 3976 2621 4030 Goidricum

317 4051 658 4106 sanctificare
696 4052 1013 4106 solemniter
1050 4051 1346 4119 discipulos
1384 4052 1699 4107 Slovenicos
1737 4052 1870 4106 etc.“
1945 4052 2077 4106 Vita
2103 4053 2454 4110 Constantini
2493 4054 2619 4122 (Cy··

313 4131 447 4198 rilli)
486 4147 530 4184 c.
570 4133 651 4184 17.
724 4131 865 4185 Vide
903 4131 1143 4197 Lapotre
1179 4130 1216 4182 l.
1256 4147 1299 4183 c.
1337 4148 1389 4198 p.
1427 4134 1547 4197 413,
1586 4136 1720 4185 nota
1755 4135 1804 4185 4.
