3270 5028
924 473 1008 527 De
1044 471 1421 528 Decretalibus
1457 474 2034 529 Pseudo-IsidorianiS.
2537 448 2642 530 261

338 651 423 662 -
487 613 855 679 Communis
916 636 1065 679 vero
1133 619 1199 679 et
1274 617 1607 699 explorata
1669 620 1765 681 est
1829 620 2051 681 nostro
2126 621 2410 701 tempore
2474 619 2645 682 inter

339 711 626 777 eruditos
671 712 1000 775 sententia
1041 711 1117 774 de
1151 712 1595 795 suppositione
1626 713 1878 777 illarum
1915 713 2365 779 Decretalium.
2450 714 2647 778 Prae·

334 813 435 873 ter
490 808 646 872 alias
708 809 993 873 rationes
1061 808 1175 871 has
1244 809 1555 873 adducere
1618 809 1886 874 sufficit:
1966 806 2034 872 1⁰
2098 809 2448 894 Dionysius
2513 811 2643 874 Ex-

336 908 527 990 iguus
588 905 868 969 maxima
929 927 1080 968 cura
1143 911 1208 969 et
1269 905 1608 989 diligentia
1674 906 1966 970 lustratis
2029 909 2436 991 excussisque
2496 909 2645 972 scri-

337 1004 463 1067 niis
531 1000 712 1067 Sedis
781 1002 1190 1084 Apostolicae
1258 1002 1500 1065 nullam
1570 1002 1828 1067 illarum
1891 1001 2323 1067 Decretalium
2394 1006 2646 1068 invenit

336 1122 409 1164 ac
469 1099 771 1183 protulit,
841 1120 960 1163 nec
1021 1097 1188 1181 apud
1251 1099 1409 1161 alios
1454 1098 1825 1181 scriptoreS,
1891 1099 1992 1162 vel
2052 1100 2119 1163 in
2166 1100 2309 1163 aliis
2366 1101 2644 1184 regioni-

335 1199 454 1261 bus
522 1197 590 1260 in
663 1217 824 1280 quas
886 1197 1114 1259 missae
1191 1195 1639 1278 perhibentur,
1718 1194 1974 1259 eaedem
2046 1201 2642 1261 commemorantur.

333 1295 476 1359 Hoc
536 1297 987 1377 argumentum
1051 1292 1341 1377 quamvis
1400 1293 1808 1375 negativum,
1879 1295 2096 1356 tamen
2157 1293 2226 1355 in
2290 1292 2410 1358 hoc
2475 1316 2644 1371 casu,

334 1391 433 1456 uti
472 1394 702 1474 patet,
767 1395 865 1453 est
928 1389 1190 1453 maximi
1250 1387 1515 1454 roboris,
1624 1386 1694 1450 2⁰
1748 1387 1958 1452 Multa
2020 1387 2085 1451 in
2155 1388 2232 1452 iis
2295 1387 2644 1454 Decretali·

337 1489 454 1552 bus
514 1491 854 1552 occurrunt
914 1486 1273 1549 recentiora
1333 1489 1547 1549 aetate
1604 1484 2020 1561 Pontificum,
2082 1486 2311 1568 quibus
2366 1508 2478 1550 eae
2535 1487 2646 1550 ad·-

334 1585 731 1660 scribuntur,
781 1584 878 1646 uti
924 1603 1246 1647 sacrorum
1294 1581 1655 1646 Bibliorum
1701 1582 2063 1646 sententiae
2109 1579 2457 1646 secund'um
2504 1605 2645 1657 ver·

333 1683 579 1746 sionem
636 1679 698 1745 S.
748 1678 1154 1762 Hieronymi,
1220 1700 1501 1743 canones
1556 1677 1980 1771 posteriorum
2035 1679 2475 1757 conciliorum,
2538 1702 2644 1762 ap-

336 1779 717 1863 pellationes
760 1777 1260 1858 magistratuum
1291 1780 1357 1839 et
1396 1775 1763 1858 praesulum
1793 1778 1960 1857 quae
2002 1775 2370 1857 posterioris
2416 1778 2647 1839 aetatis

335 1882 524 1949 sunt,
583 1879 648 1938 et
693 1873 946 1937 similia.
1036 1871 1253 1935 Etiam
1300 1870 1535 1935 indicia
1591 1873 1799 1935 multa
1844 1871 2109 1946 adsunt,
2167 1893 2329 1954 quae
2374 1894 2502 1936 non
2550 1893 2645 1935 re·

336 1971 658 2055 spondent
702 1969 985 2033 moribus
1030 1969 1316 2051 priorum
1361 1968 1793 2052 saeculorum,
1853 1967 1963 2031 sed
2001 1968 2373 2049 disciplinae
2433 1974 2644 2052 poste·

336 2068 520 2133 rioris
567 2068 893 2150 temporie.

511 2211 616 2274 48.
665 2209 1006 2274 Caeterum
1053 2208 1136 2272 id.
1165 2230 1421 2293 quoque
1470 2209 1703 2273 eruditi
1761 2211 2122 2275 accuratius
2176 2212 2641 2293 examinavere,
2680 2207 2958 2308 Psgffl‘ffie-

338 2329 415 2370 ex
488 2304 722 2387 quibus
799 2302 1096 2387 fontibus
1164 2306 1533 2370 Decretales
1608 2329 1757 2371 suas
1838 2310 2265 2391 composuerit
2334 2307 2641 2384 Isidorus;
2695 2327 2941 2369 cretalium.

337 2409 534 2488 atque
582 2425 660 2467 ex
707 2403 1037 2486 octoginta
1090 2403 1341 2467 circiter
1386 2403 1707 2468 variorum
1761 2409 2095 2468 auctorum
2155 2404 2452 2487 operibus
2510 2404 2644 2487 ipse

337 2502 668 2566 invenitur
732 2500 1017 2565 hausisse
1080 2522 1185 2577 ea,
1247 2522 1409 2584 quae
1467 2523 1505 2564 a
1559 2499 1985 2566 Pontificibus
2038 2501 2345 2566 Romanis
2409 2501 2646 2585 scripta

337 2620 472 2662 esse
522 2602 919 2663 commentus
966 2595 1139 2678 est.¹)
1235 2597 1326 2660 At
1381 2619 1514 2660 non
1571 2598 1787 2661 omnia
1847 2599 1972 2661 ista
2024 2620 2217 2682 opera
2275 2604 2497 2662 auctor
2541 2597 2646 2660 ha·

336 2696 546 2759 buisse
594 2717 667 2759 ac
712 2695 942 2779 legisse
989 2694 1344 2759 censendus
1388 2699 1517 2771 est,
1574 2695 1683 2758 sed
1738 2695 2049 2778 excerptis
2105 2716 2255 2759 usus
2301 2700 2423 2772 est,
2481 2715 2646 2777 quae

327 2795 468 2876 jam
513 2794 582 2855 in
633 2792 773 2856 aliis
828 2791 1348 2856 continebantur.
1439 2790 1543 2855 Ita
1591 2791 1846 2855 videtur
1902 2791 2179 2855 maxime
2234 2812 2384 2874 prae
2440 2790 2644 2854 mani·

336 2891 455 2953 bus
501 2888 803 2952 habuisse
838 2890 1002 2953 Acta
1036 2887 1303 2951 Concilii
1345 2887 1738 2971 Aquisgrani
1786 2910 1959 2951 anno
2007 2889 2133 2951 816
2181 2887 2402 2951 habiti.
2476 2886 2645 2950 Nam

335 2987 406 3049 in
453 3006 527 3049 eo
573 2984 858 3049 Concilio
904 2985 1109 3047 multa
1151 2985 1568 3048 continentur
1613 2989 1912 3067 excerpta
1960 3005 2037 3046 ex
2073 2982 2342 3046 Patrum
2391 2983 2646 3065 scriptis

336 3088 403 3146 et
468 3082 897 3147 Conciliorum
966 3082 1158 3156 actm,
1232 3085 1430 3162 atque
1499 3080 1781 3162 apprime
1849 3080 1925 3143 iis
1992 3102 2142 3144 usus
2206 3083 2304 3144 est
2373 3077 2645 3143 Pseudo·

334 3178 623 3243 Isidorus
666 3177 746 3242 ad
790 3178 999 3242 varias
1049 3176 1420 3240 Decretales
1468 3175 1877 3241 consuendaS.

514 3326 619 3389 49.
695 3323 1016 3388 Convenit
1101 3344 1354 3406 quoque
1430 3320 1548 3386 hoc
1634 3322 1776 3385 loco
1847 3325 2108 3399 notare,
2201 3323 2440 3406 pariter
2509 3342 2640 3386 me·
2690 3337 2958 3409 Capitularia

336 3423 556 3487 diante
602 3422 869 3485 ,saeculo
931 3441 1105 3483 nono
1164 3419 1458 3501 vulgatas
1525 3417 1727 3481 fuisse
1790 3418 1948 3482 alias
2012 3418 2169 3482 duas
2234 3419 2639 3483 collectiones
2707 3398 2934 3502 {effiffin

336 3519 612 3602 spurias„
695 3517 993 3580 videlicet
1067 3512 1483 3596 Capitularz‘a
1550 3512 1891 3577 Benedicti
1962 3513 2231 3578 Levitae
2312 3520 2377 3580 et
2453 3514 2637 3598 Capi·

337 3614 479 3679 tula
546 3611 989 3697 Anyilramni.
1062 3648 1144 3656 —-
1218 3611 1614 3694 Capitularia
1682 3612 1940 3695 speciali
2013 3613 2202 3677 modo
2278 3620 2356 3678 ea'
2427 3618 2640 3678 aetate

337 3711 718 3776 dicebantur
786 3709 1296 3775 Constitutiones
1377 3707 1624 3792 Regum
1705 3715 1769 3771 et-
1834 3708 2301 3793 Imperatorum
2368 3710 2642 3775 Franco-

334 3832 506 3886 rum,
585 3813 724 3873 tum
795 3807 1011 3871 civiles
1082 3811 1221 3869 tum
1289 3805 1772 3870 ecclesiasticae.
1887 3805 2280 3888 Capitularia
2354 3807 2641 3872 ecclesia·

336 3906 496 3969 stica
552 3908 769 3968 autem
827 3905 1128 3987 pleraque
1171 3907 1325 3967 sunt
1378 3902 1630 3964 decreta
1689 3902 2096 3966 conciliorum
2154 3904 2637 3986 provincialium

337 4007 451 4066 aut
513 4000 970 4075 nationalium,
1042 4000 1424 4064 auctoritate
1492 3998 1664 4081 regis
1727 3998 1825 4061 vel
1891 3998 2294 4082 imperatoris
2359 4022 2639 4084 compro-

519 4207 559 4275 1)
598 4207 896 4262 Hinschius
935 4207 970 4261 l.
1009 4224 1052 4261 c.
1090 4223 1140 4273 p.
1183 4207 1288 4260 CX.
1330 4221 1444 4272 sqq.
