3270 5028
1080 451 1326 507 Eventus
1364 451 1502 505 varii
1542 451 1868 506 referuntur.
2529 454 2630 506 137

326 594 498 657 mine
542 594 621 657 iis
667 593 1083 676 fungebatur.
1160 592 1439 657 Multum
1485 598 1706 658 tamen
1739 595 2043 659 Pontifex
2075 594 2408 659 deferebat
2455 595 2639 659 fami·
2675 614 2684 671 ξ

323 690 428 754 liis
484 689 807 754 nobilibus
858 689 1322 764 Romanorum,
1382 692 1449 752 et
1506 713 1705 774 quum
1764 713 1840 755 ex
1896 690 2395 756 circumstantiis
2449 674 2681 755 variis'

321 787 464 869 ejus
522 786 869 850 auctoritas
926 806 1064 849 sese
1120 786 1491 862 evolvisset,
1549 787 1891 871 minusque
1945 787 2372 851 determinata
2418 786 2638 851 eadem

322 888 500 946 esset
545 883 735 946 certis
791 883 1081 959 statuti8‚
1149 881 1459 947 factiones
1516 882 1802 949 diversae
1864 884 2099 967 passim
2166 883 2391 946 turbas
2449 883 2639 946 vehe-
2681 918 2686 925 ·

325 983 575 1042 mentes
621 979 1048 1061 subsequente
1094 981 1380 1061 tempore
1412 979 1716 1051 excitare,
1740 983 2110 1063 potuerunt.
2193 978 2465 1053 Dixeris,
2514 977 2638 1042 Im·

324 1075 604 1157 peratori
685 1074 891 1139 adhuc
973 1076 1355 1139 remansisse
1430 1075 1773 1159 quamdam
1860 1076 2127 1141 honoris
2205 1098 2280 1140 ac
2362 1075 2641 1139 nominis

325 1171 860 1254 praerogativam.
955 1171 1374 1235 Documentis
1430 1171 1604 1235 ¹enim
1663 1172 2136 1238 inscribebatur
2191 1195 2400 1236 annus
2457 1171 2641 1255 regni

326 1266 744 1350 Imperatoris
808 1266 1077 1345 CPtani,
1153 1268 1484 1332 territoria
1551 1268 1887 1333 Pontificis
1959 1266 2315 1351 respublica
2386 1267 2640 1351 quidem

325 1361 767 1435 Romanorum
813 1363 1223 1443 dicebantur.
1281 1364 1546 1428 titulum
1603 1370 1822 1428 autem
1871 1364 2286 1448 Imperatoris
2337 1363 2637 1438 Romani,

328 1459 609 1544 Augusti
657 1459 1217 1542 Constantinopoli
1265 1459 1620 1525 residentes
1667 1460 1874 1526 adhuc
1916 1458 2410 1538 assumebant.¹)

505 1557 608 1620 62.
672 1556 819 1621 Jam
880 1578 1445 1621 commemoremus
1506 1560 1715 1623 varios
1777 1562 2078 1631 eventus
2151 1557 2262 1641 qui
2324 1557 2404 1619 ad
2468 1557 2639 1640 prin·
2702 1567 2865 1609 Paula
2891 1568 2931 1608 Ι

324 1654 609 1737 cipatum
679 1654 931 1718 civilem
1004 1652 1338 1717 Pontificis
1413 1654 1799 1718 firmandum
1874 1658 1939 1717 et
2008 1652 2374 1737 augendum
2440 1653 2638 1736 perti·
2727 1664 2892 1753 {A
2889 1700 2988 1735 s.
3039 1663 3218 1735 js(

327 1754 504 1814 nent.
599 1748 970 1832 Stephanus
1022 1748 1103 1814 ΙΙ.
1165 1728 1544 1834 ingentibus
1599 1773 1715 1833 pro
1769 1750 2056 1815 Ecclesia
2120 1749 2447 1814 laboribus
2507 1772 2641 1832 pei·
2683 1758 2838 1855 ff,
2878 1788 2935 1853 9
3013 1780 3026 1793 ‹
3033 1744 3168 1827 T,

326 1847 617 1922 functuS‚
675 1846 775 1910 die
833 1847 936 1910 24.
985 1845 1228 1929 Aprilis
1287 1848 1445 1912 anni
1493 1848 1616 1911 757
1677 1871 1711 1911 e
1756 1848 1892 1910 vita
1948 1847 2269 1930 migravit.
2370 1846 2444 1910 In
2504 1847 2643 1931 ejus
2700 1866 2910 1946 [sax
2935 1906 2970 1933 ι,
3069 1851 3268 1936 {wast

330 1944 535 2008 locum
583 1942 685 2006 die
732 1943 835 2005 29.
887 1942 1047 2026 Maji
1093 1950 1499 2008 consecratus
1544 1932 1672 2008 fuit
1719 1941 1785 2029 S.
1837 1942 2073 2007 Paulus
2107 1942 2156 2006 I.
2205 1943 2375 2007 illius
2419 1943 2642 2020 frater,

327 2041 440 2123 qui
499 2039 666 2104 sedit
727 2059 928 2133 usque
985 2038 1063 2101 ad
1123 2060 1362 2103 annum
1428 2040 1572 2103 767.
1667 2039 1729 2102 Is
1788 2040 2127 2104 confestim
2182 2036 2351 2102 datis
2404 2038 2484 2102 ad
2543 2036 2645 2102 Pi-

330 2137 555 2218 pinum
612 2156 825 2219 regem
882 2134 1274 2199 Francorum
1342 2135 1579 2200 litteris
1641 2135 2020 2200 electionem
2085 2157 2265 2199 suam
2332 2134 2388 2199 ei
2447 2135 2643 2219 signi·

333 2232 573 2310 ficavit,
636 2232 1136 2315 spoponditque,
1200 2253 1269 2295 se
1331 2254 1475 2296 cum
1540 2233 1777 2315 populo
1838 2254 1954 2296 suo
2019 2253 2510 2315 permansurum
2572 2230 2642 2294 in

328 2351 406 2393 ea
451 2328 805 2409 concordia,
849 2350 1042 2411 quam
1087 2327 1381 2392 decessor
1425 2350 1567 2392 cum
1603 2328 1835 2411 Pipino
1882 2328 2136 2393 inierat.
2193 2364 2268 2372 -
2316 2327 2395 2390 In
2441 2348 2643 2411 regno

333 2424 906 2507 Longobardorum
960 2430 1107 2508 post
1160 2425 1410 2489 obitum
1458 2424 1787 2508 Aistulphi
1848 2424 1931 2507 (a.
1983 2422 2137 2508 756)
2206 2424 2442 2488 Rachis
2505 2430 2641 2487 stu-

329 2523 473 2585 duit
532 2522 785 2605 quidem
851 2522 1158 2586 thronum
1219 2523 1451 2587 iterum
1517 2544 1857 2606 occupare,
1925 2522 2035 2586 sed
2098 2543 2292 2605 opera
2356 2543 2642 2604 praeser-

331 2620 446 2683 tim
514 2618 789 2683 Romani
853 2618 1185 2683 Pontificis
1248 2620 1579 2699 suffultus,
1647 2623 1969 2703 sceptrum
2035 2618 2318 2683 obtinuit
2385 2617 2643 2682 Deside-

332 2715 462 2779 rius
535 2714 682 2778 dux.
801 2711 867 2777 Is
937 2716 1224 2797 quamvis
1291 2713 1593 2779 Pontifici
1663 2715 1972 2778 beneficio
2057 2712 2390 2779 devinctus
2459 2722 2644 2789 esset,

330 2816 552 2875 tamen
599 2811 897 2875 civitates
944 2812 1152 2874 varias
1198 2811 1546 2875 secundum
1596 2817 1852 2894 pactum
1894 2812 1976 2874 ab
2024 2809 2367 2892 Aistulpho
2413 2809 2645 2872 initum

332 2907 633 2982 Pontifici
700 2907 1049 2972 reddendas
1108 2930 1233 2972 non
1303 2907 1607 2972 restituit.
1723 2907 1861 2971 Imo
1922 2929 2070 2970 mox
2134 2905 2327 2970 etiam
2399 2910 2648 2969 armata

332 3025 526 3067 manu
575 3003 969 3087 provinciam
1019 3003 1447 3087 Pentapoleos
1485 3005 1795 3078 vastavit,
1857 3007 1928 3066 et
1967 3002 2471 3067 Constantinum
2517 3001 2647 3065 Im-

332 3104 691 3183 peratorem
759 3098 1066 3163 Graecum
1131 3100 1209 3165 ad
1271 3100 1665 3164 mittendum
1725 3101 1790 3164 in
1851 3096 2109 3164 Italiam
2166 3100 2520 3163 exercitum
2580 3106 2647 3161 et

332 3197 739 3260 inferendum
787 3187 1581 3272 Ravennatibusbellum,
1629 3195 1958 3279 promissis
2006 3196 2064 3258 ei
2113 3196 2425 3278 suppetiis
2471 3195 2690 3342 soni-l

332 3293 610 3371 citavit..
667 3292 850 3356 Tunc
897 3291 1203 3357 Pontifex
1252 3293 1500 3357 litteras
1549 3297 1615 3356 et
1658 3293 1907 3375 legatos
1957 3291 2034 3354 ad
2082 3289 2381 3373 Pipinum
2428 3312 2645 3375 regem
2690 3345 2699 3370 x

334 3389 598 3467 direxit,
656 3410 803 3451 eum
849 3409 1112 3472 rogans,
1162 3394 1233 3452 ut
1280 3388 1611 3454 Romanae
1660 3388 1959 3453 ecclesiae
2012 3391 2080 3451 et
2126 3386 2287 3451 Urbi
2334 3387 2644 3451 auxilium
2698 3371 2705 3390 χ

335 3482 609 3557 ferret.2)
713 3483 983 3568 Pjpinus
1038 3486 1119 3549 ad
1177 3506 1390 3569 regem
1448 3483 2025 3569 Longobardorum
2080 3485 2319 3569 legavit
2378 3484 2643 3559 fratrem

333 3605 515 3646 suum
581 3582 942 3672 Remigium
1011 3581 1556 3668 archiepiscopum
1621 3579 2208 3665 Rothomagensem
2278 3584 2345 3644 et
2398 3579 2648 3645 Autha·
2745 3655 2748 3658 ‚

334 3680 497 3744 rium
546 3679 796 3750 ducem.
836 3669 1087 3761 *quibus
1136 3677 1503 3743 Desiderius
1560 3676 1922 3760 respondit,
1984 3698 2051 3741 se
2096 3677 2299 3742 Paulo
2346 3677 2644 3741 Pontifici

335 3777 551 3840 omnia
592 3777 763 3841 beati
815 3773 994 3838 Petri
1043 3774 1450 3858 patrimonia,
1489 3775 1643 3858 jura
1689 3774 1914 3853 etiam,
1962 3774 2129 3848 loca,
2178 3773 2366 3850 fines,
2415 3778 2482 3837 et
2522 3778 2646 3837 ter·

334 3874 561 3937 ritoria
615 3873 1010 3937 diversarum
1072 3873 1404 3935 civitatum
1468 3870 1854 3953 reipublicae
1911 3868 2352 3935 Romanorum
2407 3869 2647 3953 plenis-

517 4096 559 4163 ¹)
599 4095 708 4149 Cfr.
749 4096 1039 4159 Reumont‚
1080 4095 1275 4150 Gesch.
1315 4096 1413 4149 der
1449 4094 1608 4149 Stadt
1649 4094 1804 4158 Rom,
1843 4094 1903 4147 B.
1944 4094 2016 4147 11.
2056 4094 2106 4148 S.
2149 4097 2248 4148 145
2285 4093 2340 4148 ff.

514 4173 557 4243 ²)
599 4174 726 4228 Cod.
769 4175 887 4228 Car.
929 4191 1010 4243 ep.
1055 4176 1119 4227 17
1160 4190 1275 4241 sqq.
