3270 5028
812 462 895 517 De
933 462 1315 525 Decretalibus
1352 462 1932 517 Pseudo-Isidorianis.
2461 467 2566 519 289

250 602 458 669 menti
502 604 841 688 indigeant
886 602 1372 683 confirmatione
1415 594 1633 687 hujus‘
1659 604 1860 670 Sedis.
1939 605 2140 688 Atqui
2186 606 2343 672 haec
2387 608 2567 691 prin-

252 701 420 783 cipia
470 703 626 784 jam
670 704 822 764 ante
885 700 1255 765 Decretales
1311 700 1827 766 Pseudo-Isidori
1889 702 2114 785 agnita
2172 702 2563 768 invenimuS.

256 796 379 860 Vel
429 797 649 880 regula
693 797 819 861 ista
870 797 963 862 ita
1016 797 1435 881 intelligitur,
1490 800 1564 862 ut
1609 801 2010 881 supponatur
2067 798 2389 882 episcopos
2434 821 2569 865 non

259 915 437 976 posse
483 894 549 956 in
600 893 971 974 concilium,
1018 893 1214 957 etiam
1263 894 1682 977 provinciale,
1731 892 2096 972 convenire,
2142 895 2266 959 nisi
2312 893 2570 960 obtenta

252 993 453 1053 antea
515 988 777 1053 licentia
825 988 1007 1054 Sedis
1051 988 1481 1073 Apostolicae.
1578 989 1705 1055 Sed
1765 991 1916 1074 hoc,
1978 992 2168 1055 sicuti
2220 997 2374 1055 ante
2430 995 2567 1057 vul-

256 1088 586 1171 gationem
645 1086 1055 1152 Collectionis
1113 1086 1371 1167 Isidori,
1429 1088 1523 1151 ita
1591 1088 1786 1151 etiam
1846 1092 1995 1170 post
2042 1086 2573 1154 Pseudo-Decre-

256 1184 417 1246 tales
466 1185 796 1267 vulgatae,
859 1205 994 1247 non
1052 1183 1459 1247 observatum
1514 1187 1633 1248 est.
1682 1218 1771 1227 —
1797 1182 1996 1249 Vides
2051 1184 2318 1267 proinde
2375 1187 2572 1252 asseri

255 1301 385 1344 non
436 1301 640 1363 posse,
685 1280 805 1344 sub
852 1279 972 1343 hoc
1015 1284 1310 1364 respectu
1353 1280 1766 1344 essentialem
1812 1279 2148 1364 quamdam
2197 1282 2571 1366 disciplinae

251 1375 721 1440 ecclesiasticae
767 1371 1306 1441 'immutationem
1368 1397 1483 1460 per
1535 1375 2215 1442 Pseudo-Decretales
2277 1378 2568 1443 introdu-

251 1476 423 1537 ctam
470 1471 685 1537 fuisse.

439 1665 541 1727 79.
606 1664 645 1728 J
652 1687 751 1727 am
807 1664 1101 1728 venimus
1164 1664 1245 1728 ad
1308 1662 1670 1728 Concilium
1727 1662 2110 1729 Sardicense
2170 1667 2438 1751 ejusque
2498 1665 2573 1729 de

254 1758 804 1841 appellationibus
862 1781 1161 1825 canones.
1253 1759 1535 1829 Maxime
1594 1764 2054 1829 advertendum
2112 1767 2242 1841 est,
2295 1784 2576 1828 canones

257 1858 415 1922 istos
461 1878 594 1921 non
642 1878 830 1940 posse
888 1857 1164 1940 supponi
1211 1858 1565 1937 confectos,
1624 1864 1700 1925 ut
1750 1861 2250 1943 restringeretur
2298 1858 2576 1923 Romani

259 1954 594 2018 Pontificis
628 1954 997 2033 auctoritas,
1047 1953 1148 2017 vel
1195 1957 1271 2017 ut
1302 1962 1654 2040 caveretur,
1685 1978 1768 2020 ne
1800 1957 2148 2021 arbitrario
2175 1956 2310 2040 ipse
2355 1960 2579 2039 ageret

260 2050 466 2115 mod0.
558 2049 683 2115 Sed
742 2051 958 2133 potius
1013 2050 1170 2115 editi
1226 2055 1410 2130 sunt,
1474 2057 1547 2117 ut
1594 2052 2032 2118 vindicaretur
2093 2057 2159 2117 et
2222 2053 2578 2118 sanciretur

247 2149 362 2231 jus
407 2168 702 2211 recursus
750 2150 816 2210 et
863 2147 1343 2230 appellationiS,
1399 2150 1569 2232 quod
1616 2172 1695 2213 ex
1741 2149 1956 2214 indole
2002 2150 2315 2234 primatus
2361 2170 2579 2213 sacrae

256 2243 408 2308 Sedi
466 2242 899 2328 competebat,
976 2248 1179 2327 utque
1237 2245 1613 2310 constitutis
1673 2246 1863 2311 certis
1923 2247 2164 2330 regulis
2230 2249 2578 2323 caveretur,

261 2362 345 2404 ne
391 2340 857 2424 appellationes
903 2341 1337 2424 episcoporum
1383 2341 1464 2405 ab
1510 2364 1730 2407 eorum
1770 2343 2154 2408 adversariis
2214 2365 2329 2426 pro
2377 2342 2580 2407 nihilo

260 2435 657 2500 haberentur
701 2440 767 2499 et
811 2442 1305 2521 spernerentur,
1367 2442 1445 2503 ut
1488 2439 1558 2502 in
1604 2460 1796 2504 causa
1840 2439 2188 2504 Athanasii
2244 2439 2580 2504 acciderat.

264 2533 705 2598 Recolendum
752 2538 879 2609 est,
940 2533 1295 2598 Concilium
1342 2534 1720 2601 Sardicense
1780 2560 1837 2601 a.
1886 2537 2013 2599 343
2073 2537 2445 2601 convenisse
2501 2534 2578 2600 ad

263 2630 583 2694 sedandas
645 2630 871 2695 turbas
932 2652 1009 2694 ex
1078 2630 1447 2698 Arianismo
1511 2640 1719 2709 ortaS,
1782 2655 1982 2717 quum
2042 2632 2256 2698 Julius
2303 2633 2376 2697 P.
2440 2655 2577 2698 cum

262 2727 766 2810 Imperatoribus
855 2726 1212 2793 Constante
1301 2732 1366 2792 et
1452 2728 1844 2801 Constantio
1934 2751 2069 2793 rem
2145 2731 2584 2813 disposuisset.

266 2822 392 2888 Sed
438 2828 842 2888 recesserunt
888 2824 969 2893 ab
1012 2824 1203 2889 initio
1260 2825 1592 2909 octoginta
1638 2825 1993 2891 Eusebiani
2049 2827 2326 2910 episcopi
2372 2827 2583 2890 orien-

262 2920 430 2984 tales
493 2919 1029 3004 Philippopolim3
1110 2920 1450 2984 orthodoxi
1530 2925 1748 2986 autem
1821 2922 2182 3005 nonaginta
2255 2922 2583 3005 praesules

264 3016 581 3100 synodum
639 3015 1070 3083 celebrarunt.
1146 3015 1661 3098 praesidentibus
1718 3016 1919 3080 Hosio
1982 3016 2406 3094 Cordubensi,
2483 3014 2586 3079 cui

263 3113 386 3178 hoc
456 3112 917 3177 demandatum
992 3134 1030 3176 a
1102 3117 1329 3177 sancta
1388 3111 1549 3177 Sede
1619 3114 1910 3197 plerique
1986 3114 2229 3178 merito.
2290 3115 2585 3189 censent,

264 3214 336 3274 et
388 3209 637 3273 duobus
695 3207 1085 3292 presbyteris
1144 3206 1444 3272 ecclesiae
1494 3209 1826 3275 Romanae
1873 3207 2259 3273 Archidamo
2318 3212 2385 3272 et
2433 3207 2587 3272 Phi-

265 3308 519 3372 loxene.
612 3304 967 3369 Eusebiani
1018 3326 1148 3368 non
1206 3308 1589 3381 curaverant
1633 3303 1984 3370 Athanasii
2041 3306 2395 3370 aliorumve
2454 3304 2587 3388 epi-

263 3424 602 3486 scoporum
693 3401 1153 3485 appellationes
1177 3449 1192 3479 ,
1279 3405 1346 3465 et
1419 3403 1497 3466 iis
1587 3401 1920 3486 depositis,
2002 3403 2265 3487 negotio
2341 3401 2587 3467 Romae

263 3499 623 3583 pendente,
701 3498 859 3562 alios
929 3499 1253 3582 episcopos
1336 3498 1809 3563 ordinaverant.
1926 3497 2201 3582 Propter
2276 3498 2584 3583 ejusmodi

261 3595 708 3679 arrogantiam
790 3601 858 3660 et
929 3595 1414 3660 irreverentiam
1506 3596 1575 3659 in
1655 3595 1884 3661 Sedem
1961 3594 2438 3679 Apostolicam,
2524 3598 2591 3658 et

268 3693 527 3758 modum
594 3714 812 3757 eorum
877 3692 1112 3777 agendi
1182 3692 1478 3758 fallacem
1549 3696 1614 3757 et
1680 3694 1873 3777 plane
1941 3692 2391 3770 arbitrarium,
2452 3713 2591 3756 mo-

268 3790 407 3854 tiva
475 3789 696 3874 gravia
772 3793 986 3873 erant,
1064 3793 1140 3853 ut
1207 3789 1437 3854 Patres
1508 3789 1918 3855 Sardicenses
1990 3789 2068 3853 de
2141 3789 2590 3873 appellationi-

268 3887 390 3951 bus
455 3886 536 3950 ad
598 3887 963 3950 Romanum
1025 3885 1406 3951 Pontificem
1471 3890 1769 3970 agerent,
1832 3887 1993 3950 illud
2066 3884 2430 3969 appellandi
2482 3887 2590 3970 jus

159 4014 166 4021 ·
264 3983 627 4048 canonibus
688 3983 1121 4064 vindicarent,
1179 3983 1564 4067 modumque
1623 3983 2005 4066 procedendi
2066 3981 2421 4046 accuratius
2483 3980 2593 4044 de-

263 4079 726 4167 terminarent.
835 4078 1070 4147 Merito
1128 4101 1491 4164 supponere
1550 4101 1922 4163 possumuS,
1995 4078 2062 4142 id
2116 4077 2319 4143 Hosio
2379 4100 2417 4141 a
2472 4076 2599 4142 Ju·‘

271 4176 360 4242 lio
426 4176 501 4242 R.
576 4175 647 4242 P.
717 4177 1089 4240 mandatum
1154 4175 1392 4262 fuisse3
1472 4181 1670 4261 atque
1744 4177 1882 4260 ipse
1947 4174 2188 4241 Hosius
2258 4174 2593 4259 praecipue

380 4288 645 4340 Jungmann‚
679 4286 1036 4329 DissertationeS.
1088 4286 1212 4329 Tom.
1246 4287 1335 4330 111.
2206 4279 2272 4332 19

2605 1663 2610 1672 ’
2630 1661 2873 1704 Concilium

2621 1722 2888 1766 Sardicense.
2988 1727 2993 1736 “
