3270 5028
664 415 769 465 ‘258
1005 412 1155 466 XVI.
1194 412 1401 467 Causae
1442 413 1685 468 celebres
1724 418 1782 467 et
1814 413 2132 469 Decretales
2168 414 2626 471 Pseudo-Isidori.

662 552 959 617 Romana
1020 551 1235 617 Codex
1288 550 1756 636 Dionysianus‚
1816 556 2084 638 ejusque
2139 578 2292 620 usus
2351 557 2707 621 communis
2767 557 2991 621 factus

665 654 781 717 est.
873 648 1087 714 Facile
1153 652 1369 712 autem
1433 650 1640 729 vide8‚
1705 650 1820 714 tali
1890 652 2266 716 collectione
2335 643 2470 718 non
2536 655 2635 717 ita
2701 653 2990 718 constri-

662 751 834 810 ctam
897 745 1098 818 fuisse
1160 744 1601 811 Romanorum
1667 746 2058 812 Pontificum
2123 751 2609 828 auctoritatem,
2679 754 2755 813 ut
2817 749 2984 813 alio-

661 865 801 906 rum
868 841 1255 907 Pontificum
1324 847 1466 906 tum
1529 844 1955 922 anteriorum,
2029 843 2113 928 (e.
2177 867 2240 930 g.
2303 846 2465 910 Julii
2510 848 2562 912 1.
2628 847 2708 910 ad
2771 845 2982 909 Euse—

660 940 883 1004 bianos
937 939 1267 1022 epistola),
1327 943 1469 1002 tum
1533 962 1748 1005 eorum
1813 944 1920 1025 qui
1983 947 2131 1025 post
2177 944 2599 1008 Anastasium
2644 943 2730 1007 Π.
2793 941 2983 1005 sede-

656 1043 815 1101 runt
885 1035 1286 1114 DecretaleS‚
1354 1034 1527 1099 haud
1594 1037 1837 1120 pariter
1903 1038 2190 1103 adhiberi
2253 1042 2587 1123 potuerint
2652 1045 2985 1123 tanquam

650 1133 819 1219 juris
866 1133 1152 1216 regulae,
1202 1133 1582 1215 praesertim
1638 1155 1834 1215 quum
1882 1135 1951 1197 in
1992 1137 2176 1200 novis
2231 1136 2735 1201 circumstantiis
2779 1157 2983 1221 saepe

657 1252 862 1296 novae
909 1229 1326 1313 requirantur
1370 1229 1742 1294 decisiones,
1833 1229 1983 1295 Non
2032 1236 2172 1295 erat
2215 1231 2512 1296 videlicet
2557 1222 2792 1296 Codex
2819 1231 2979 1296 Dio·

655 1329 963 1411 nysianus
1039 1324 1268 1408 aliquis
1345 1324 1560 1390 Codex
1624 1326 1792 1410 juris
1869 1329 2278 1392 ecclesiastici
2344 1351 2419 1392 ea
2493 1328 2990 1412 significatione

653 1424 932 1500 recenti,
1031 1444 1161 1506 qua
1243 1422 1338 1485 ita
1422 1421 1861 1506 designaveris
1946 1422 2239 1490 Codicem
2322 1425 2540 1508 legum
2632 1424 2984 1488 definitiva

652 1522 907 1585 ratione
983 1518 1375 1597 confectum,
1451 1540 1529 1582 ex
1606 1541 1735 1603 quo
1809 1523 1995 1586 unice
2072 1525 2136 1585 et
2201 1522 2520 1585 exclusive
2583 1523 2690 1606 jus
2755 1521 2984 1585 dicen·

648 1618 821 1682 dum·
851 1622 968 1682 est.

331 1772 618 1877 Haffiffnffus·
829 1784 934 1846 45.
1020 1782 1388 1847 Hadrianus
1476 1780 1779 1844 Pontifex
1857 1780 2150 1846 Codicem
2226 1783 2772 1866 Dionysianum„
2821 1785 2979 1868 qui-

650 1880 919 1945 busdam
979 1876 1284 1962 additiS,¹)
1353 1878 1530 1941 misit
1595 1877 1824 1941 Carolo
1894 1876 2163 1960 Magno,
2238 1884 2434 1963 atque
2505 1903 2583 1945 ex
2658 1874 2732 1944 eo
2803 1884 2988 1944 tem-

650 1999 804 2061 pore
864 1976 1185 2060 insignem
1247 1974 1695 2040 auctoritatem
1753 1974 1863 2037 ille
1922 1972 2132 2039 Codex
2182 1975 2612 2040 Hadrianeus
2674 1977 2975 2040 obtinuit

650 2073 821 2156 apud
874 2072 1182 2154 Francos3
1264 2070 1529 2136 Carolus
1593 2069 1893 2136 videlicet
1954 2094 2099 2136 eum
2162 2074 2228 2137 in
2300 2075 2546 2157 synodo
2615 2077 2769 2137 anni
2834 2074 2982 2136 802

648 2169 1048 2254 Aquisgrani
1122 2166 1349 2231 habita
1401 2167 1483 2229 ab
1548 2166 1859 2250 episcopis
1918 2171 2112 2253 recipi
2180 2171 2512 2253 curavit.‘³)
2617 2169 2973 2234 Nominari

648 2267 899 2331 solebat
965 2262 1173 2327 Codex
1238 2282 1575 2327 canonum.
1639 2299 1726 2307 —
1789 2263 2131 2331 Praeterea
2191 2269 2261 2330 in
2323 2266 2537 2331 Gallia
2599 2275 2757 2330 nota
2819 2272 2974 2330 erat

349 2354 585 2471 ἕζξξζξζζ
654 2360 950 2427 Collectio
1025 2379 1345 2424 canonum
1419 2357 1820 2440 Hispanica,
1906 2383 2070 2445 quae
2149 2364 2210 2429 S.
2268 2364 2513 2428 Isidoro
2590 2363 2976 2447 Hispalensi

589 2452 598 2460 ”
649 2458 757 2544 (m.
820 2479 994 2524 anno
1059 2454 1215 2538 636)
1290 2456 1702 2536 adscribitur3
1778 2459 1847 2521 in
1918 2481 1992 2523 ea
2059 2459 2450 2526 Collectione
2519 2458 2735 2525 Codici
2803 2459 2970 2524 Dio-

646 2557 818 2640 nysii
874 2556 1062 2638 plura
1126 2554 1377 2639 adjecta
1435 2559 1624 2617 erant
1668 2576 1746 2618 ex
1794 2554 2126 2640 Patribus,
2187 2565 2254 2621 et
2310 2579 2388 2621 ex
2452 2556 2737 2620 conciliis
2793 2578 2980 2640 quae

642 2655 715 2717 in
783 2651 1102 2735 Hispania
1170 2650 1441 2733 aliisque
1515 2651 1886 2734 regionibus
1963 2653 2188 2718 habita
2261 2655 2544 2718 fuerant.
2658 2651 2972 2735 Hispani·

644 2771 754 2814 cae
815 2746 1228 2811 Collectionis
1295 2747 1623 2829 exemplar
1688 2770 1862 2814 anno
1929 2751 2051 2813 787
2123 2750 2394 2813 describi
2448 2749 2647 2831 jussit
2711 2748 2978 2813 Rachio

641 2845 1217 2929 Argentoratensis
1246 2838 1681 2928 (Strassburg)
1715 2845 2063 2927 episcopus,
2112 2846 2281 2908 unde
2327 2845 2610 2909 breviter
2654 2846 2725 2910 in
2755 2844 2970 2910 Fran-

642 2943 740 3006 cia
793 2940 1128 3023 divulgata
1182 2943 1298 3004 est.
1361 2975 1449 2984 —
1513 2935 1642 3002 Sed
1700 2921 2025 3003 mediante
2081 2942 2330 3006 saeculo
2383 2963 2558 3007 nono
2617 2942 2688 3006 in
2747 2941 2969 3008 Fran-

641 3059 859 3102 corum
932 3056 1164 3119 regno,
1240 3040 1307 3099 et
1374 3035 1523 3098 dein
1590 3036 1660 3098 in
1732 3035 1876 3099 aliis
1949 3038 2349 3122 regionibuS‚
2425 3044 2780 3123 propagata
2857 3046 2968 3104 est

646 3131 942 3198 Collectio
1012 3130 1261 3195 Isidori
1327 3129 1802 3214 Mercatom‘ai')
1914 3134 2158 3198 Auctor
2224 3135 2559 3200 consilium
2630 3158 2815 3200 suum
2891 3147 2963 3201 et
3027 3191 3044 3198 e

820 3359 862 3424 ¹)
898 3358 1025 3411 Jam
1063 3363 1193 3412 ante
1230 3357 1571 3410 Hadrianum
1606 3359 1744 3412 haec
1779 3358 1969 3412 addita
2006 3365 2179 3413 erant.
2242 3360 2380 3413 Post
2405 3360 2747 3416 Hadrianum
2785 3363 2964 3417 etiam

638 3439 902 3506 quaedam
955 3437 1281 3490 documenta
1334 3437 1548 3490 adnexa
1600 3443 1731 3491 sunt
1747 3479 1761 3502 ‚
1817 3437 2026 3492 scilicet
2078 3437 2379 3491 Concilium
2433 3442 2802 3508 apocryphum
2849 3441 2966 3495 Sil·

639 3516 813 3572 vestri
848 3516 933 3578 P„
971 3523 1031 3569 et
1067 3517 1204 3569 duae
1244 3515 1513 3582 epistolae
1549 3515 1602 3569 S.
1641 3515 1834 3583 cyrilli
1870 3516 1970 3569 sub
2005 3517 2171 3570 titulo
2208 3517 2438 3571 Concilii
2475 3519 2759 3586 Ephesini.

817 3594 863 3660 ²)
894 3593 1093 3647 Annal.
1120 3593 1476 3647 Lauresham.
1514 3594 1584 3647 ad
1622 3611 1672 3647 a.
1701 3597 1830 3648 802:
1873 3595 1988 3662 „Ibi
2022 3595 2158 3650 fecit
2185 3595 2461 3664 (Carolus)
2501 3599 2789 3665 episcopos
2827 3616 2955 3653 cum

514 3731 527 3744 ‚
636 3674 973 3742 presbyteris
1010 3689 1107 3727 seu
1143 3672 1459 3726 diaconibus
1493 3672 1670 3741 relegi
1693 3673 1980 3728 universos
2017 3690 2272 3740 canoneS‚
2310 3692 2440 3742 quos
2477 3683 2672 3730 sancta
2710 3680 2955 3744 synodus

637 3753 872 3820 recepit,
918 3758 976 3806 et
1012 3753 1230 3805 decreta
1264 3749 1614 3815 Pontificum,
1664 3757 1722 3805 et
1755 3753 1992 3819 pleniter
2025 3754 2198 3821 jussit
2242 3769 2338 3807 eos
2374 3755 2522 3807 tradi
2559 3772 2741 3809 coram
2779 3757 2955 3810 omni-

636 3832 737 3885 bus
775 3831 1061 3899 episcopis,
1097 3829 1435 3898 presbyteris
1474 3839 1532 3884 et
1567 3830 1934 3884 diaconibus.“
2008 3832 2173 3886 Pertz
2209 3833 2284 3885 M.
2321 3833 2387 3886 G.
2421 3834 2470 3886 I.
2507 3837 2594 3888 39.

812 3908 859 3976 ⁸)
895 3907 1222 3963 Mercator-is
1258 3924 1561 3976 cognomen
1596 3909 1839 3976 plerique
1866 3909 2081 3964 codices
2116 3911 2516 3977 praeseferunt,
2553 3928 2692 3965 unus
2729 3913 2954 3969 alterve

636 3995 852 4042 tantum
895 3987 1211 4041 Panum-is.
1284 3987 1404 4042 Hoc
1450 3988 1703 4041 ultimum
1756 4004 2059 4056 cognomen
2104 3989 2310 4056 passim
2360 4006 2428 4043 ex
2473 3992 2786 4046 humilitate
2832 3993 2956 4059 epi-

636 4067 786 4134 scopi
822 4067 916 4120 vel
951 4066 1203 4121 monachi
1241 4066 1344 4119 sibi
1380 4067 1716 4121 tribuebant.
1788 4066 1893 4120 Sed
1928 4067 2055 4121 fidei
2090 4068 2333 4121 codicum
2379 4071 2662 4136 standum,
2709 4076 2767 4125 et
2803 4071 2954 4126 Mer-

634 4146 837 4199 catoris
885 4160 1186 4214 cognomen
1236 4152 1295 4198 ut
1345 4146 1643 4214 genuinum
1690 4145 2013 4200 habendum.
2098 4146 2443 4214 Significatio
2502 4154 2687 4202 autem
2741 4165 2958 4218 cogno-
