3270 5028
344 1054 526 1107 Legatio
559 1053 614 1096 ad

344 1115 614 1158 Ludovicum

418 1176 553 1219 Pium.

654 443 723 495 76
1385 440 1468 496 De
1500 441 1715 496 haeresi
1751 441 2236 495 Iconoclastarum.

653 581 973 647 Ecclesiae
1019 587 1342 672 praeerat,
1400 583 1713 667 decipere.
1805 581 2068 646 Etenim
2114 603 2256 647 cum
2317 586 2572 665 optaret
2611 581 2732 646 sibi
2777 602 2958 664 prae·

651 678 883 742 sidium
953 678 1258 743 Ludovici
1324 679 1426 744 Pii
1494 684 1560 743 et
1623 679 1903 743 Romani
1967 678 2300 743 Pontificis
2364 678 2640 763 Eugenii
2707 699 2959 761 compa-

651 797 826 853 rare,
889 780 1324 858 opportunum
1391 776 1784 840 existimavit
1845 775 2238 860 legationem
2301 775 2380 840 ad
2446 797 2552 841 eos
2618 774 2960 852 destinare,

649 877 803 936 vota
848 893 963 936 sua
1006 872 1084 936 iis
1139 872 1543 956 significandi
1590 872 1830 955 gratia,
1887 878 1962 935 ut
2014 872 2186 936 inter
2230 877 2578 956 utrumque
2623 872 2960 955 imperium

652 968 990 1032 concordia
1055 973 1556 1048 restauraretur,
1635 972 1831 1052 atque
1901 969 2109 1032 omnis
2179 990 2437 1051 prorsus
2503 968 2583 1032 de
2651 969 2961 1052 religione

653 1066 1088 1131 controversia
1150 1066 1693 1156 exstingueretur.
1802 1065 2028 1148 Itaque
2101 1065 2353 1130 litteras
2421 1065 2501 1130 ad
2561 1064 2958 1129 Ludovicum

651 1162 1115 1246 Imperatorem
1175 1166 1371 1245 atque
1433 1162 1515 1226 ad
1578 1160 1943 1245 Eugenium
2007 1160 2249 1245 Papam
2317 1184 2430 1245 per
2491 1163 2743 1244 legatos
2812 1182 2959 1225 suos

650 1258 1038 1342 transmisit,
1096 1259 1328 1341 quibus
1386 1257 1592 1341 quoad
1648 1259 1897 1341 reliqua
1960 1257 2409 1322 orthodoxam·
2437 1259 2570 1324 edit
2616 1257 2956 1342 professio·

650 1377 819 1433 nem,
876 1376 1157 1419 errorem
1197 1376 1348 1419 vero
1395 1375 1580 1418 suum
1623 1354 2145 1420 iconoclasticum
2191 1359 2380 1419 caute
2426 1357 2621 1440 tegit,
2682 1360 2749 1418 et
2793 1377 2959 1419 non·

648 1452 774 1515 nisi
832 1453 1069 1516 abusus
1128 1450 1432 1535 quosdam
1489 1451 1570 1514 ab
1623 1451 1761 1534 ipso
1818 1452 2089 1535 rejectos
2142 1455 2618 1516 commemorat.
2719 1449 2846 1515 Sed
2899 1451 2960 1512 et

647 1545 781 1627 hoc,
826 1548 1049 1612 scribit
1094 1548 1175 1611 ad
1218 1545 1654 1628 Ludovicum‚
1706 1548 1956 1611 vestrae
2005 1545 2272 1611 Christo
2318 1545 2588 1612 amabili
2633 1544 2960 1612 dilectioni

645 1643 1168 1725 manifestamus,
1230 1641 1386 1725 quia
1432 1641 1627 1708 multi
1672 1641 1748 1706 de
1792 1641 2233 1708 ecclesiasticis
2278 1664 2392 1709 seu
2434 1647 2496 1708 et
2540 1642 2726 1709 laicis
2773 1641 2956 1721 viriS,

647 1739 850 1805 alieni
910 1739 986 1804 de
1053 1738 1422 1822 apostolicis
1481 1738 1950 1804 traditionibus
1992 1739 2198 1822 facti,
2269 1745 2330 1805 et
2384 1761 2589 1822 neque
2646 1744 2959 1826 paternos

647 1835 960 1901 terminos
1002 1835 1455 1916 custodientes,
1508 1835 1676 1918 facti
1719 1839 1877 1900 sunt
1929 1835 2299 1902 inventores
2342 1837 2671 1903 malarum
2715 1856 2955 1902 rerum.

647 1931 950 1998 Primum
997 1931 1253 2014 quidem
1301 1932 1693 2013 honorificas
1739 1935 1800 1997 et
1842 1931 2131 2014 vivificas
2173 1954 2389 1999 cruces
2434 1933 2510 1998 de
2554 1933 2761 1999 sacris
2806 1937 2958 1999 tem·

635 2029 773 2111 plis
819 2028 1246 2112 expellebant,
1297 2034 1358 2094 et
1403 2029 1490 2095 ad
1533 2029 1751 2094 eadem
1798 2029 1935 2094 loca
1978 2028 2299 2113 imayines
2334 2028 2725 2111 statuebant,
2761 2049 2956 2112 pone-

648 2125 928 2207 bantque
978 2126 1283 2191 lucernas
1344 2146 1560 2191 coram
1623 2125 1743 2203 eis,
1814 2125 2013 2191 simul
2072 2131 2134 2191 et
2194 2126 2532 2193 incensum
2593 2126 2952 2205 adolebant,

588 2244 591 2307 g
647 2225 841 2303 atque
885 2242 995 2288 eas
1037 2223 1113 2288 in
1160 2222 1281 2288 tali
1327 2223 1567 2288 honore
1609 2221 1947 2303 habebant,
2002 2223 2172 2288 sicut
2216 2223 2642 2304 honorificum
2688 2228 2748 2288 et
2791 2223 2956 2288 vivi-

588 2322 596 2383 ε

590 2386 598 2469 ἰ

643 2318 837 2399 ficum
894 2319 1173 2403 liynum,
1227 2319 1301 2386 in
1363 2340 1488 2401 quo
1548 2319 1857 2386 Christus
1913 2341 2103 2386 verus
2156 2320 2342 2386 Deus
2393 2326 2611 2386 noster
2665 2319 2957 2404 crucifiyi

647 2414 957 2499 diynatus
1003 2421 1098 2482 est
1131 2421 1405 2500 propter
1459 2420 1755 2482 nostram
1799 2417 2088 2483 salutem.
2181 2416 2559 2482 Psallebant
2612 2421 2670 2482 et
2725 2417 2953 2482 adora-

650 2511 834 2593 bant,
893 2519 1087 2596 atque
1131 2513 1210 2580 ab
1258 2513 1489 2580 iisdem
1532 2513 1937 2599 imayinibus
1982 2513 2313 2581 auxilium
2358 2513 2667 2597 petebant
2676 2533 2703 2595 ,·
2745 2511 2953 2597 pleri-

646 2630 769 2691 que
813 2615 1028 2676 autem
1085 2610 1576 2677 linteaminibus
1639 2611 1890 2676 easdem
1948 2610 2269 2695 imayines
2314 2610 2832 2691 circumdabant,
2894 2614 2955 2675 et

640 2706 931 2787 filiorum
988 2725 1258 2774 suorum
1310 2708 1384 2772 de
1441 2707 1852 2790 baptismatis
1904 2707 2086 2790 fonte
2140 2707 2557 2791 susceptrices
2608 2707 2952 2791 faciebant.

645 2802 788 2868 Alii
843 2824 992 2869 vero
1054 2804 1433 2887 reliqiosum
1493 2804 1791 2870 habitum
1854 2803 2285 2870 monasticum
2347 2825 2598 2870 sumere
2655 2804 2950 2883 volentes,

642 2899 1075 2983 reliyiosiores
1121 2921 1441 2983 personas
1476 2901 1977 2984 postponebant,
2036 2901 2151 2983 qui
2185 2901 2384 2983 prius
2428 2922 2675 2967 comam
2721 2899 2953 2983 capitis

644 3016 866 3080 eorum
911 2996 1233 3080 suscipere
1263 2997 1566 3078 solebant,
1616 2997 1928 3063 adhibitis
1956 2997 2359 3081 imayinibus
2394 2998 2585 3080 quasi
2630 2998 2705 3063 in
2732 2997 2951 3062 sinum

642 3113 869 3158 earum
914 3093 1198 3159 decidere
1244 3093 1510 3177 capillos
1553 3115 1777 3160 eorum
1822 3094 2135 3161 sinebant.
2223 3094 2502 3175 Quidam
2544 3115 2693 3160 vero
2739 3114 2951 3160 sacer-

642 3189 864 3254 dotum
927 3195 988 3255 et
1049 3191 1426 3257 clericorum
1487 3191 1725 3256 colores
1784 3191 1859 3256 de
1914 3191 2317 3275 imayinibus
2345 3191 2670 3257 ¹radentes
2731 3188 2948 3256 immi-

641 3290 953 3352 scuerunt
997 3286 1430 3353 oblationibus
1483 3291 1544 3352 et
1590 3288 1771 3368 vino,
1827 3292 1888 3353 et
1932 3309 2013 3354 ex
2062 3288 2183 3354 hac
2236 3287 2554 3354 oblatione
2604 3292 2750 3371 post
2792 3286 2949 3352 mis·

641 3400 868 3446 sarum
934 3382 1419 3449 celebrationem
1484 3384 1732 3449 dabant
1797 3385 2272 3451 communicare
2329 3383 2705 3450 volentibus.
2809 3381 2950 3447 Alii

641 3481 858 3543 autem
915 3499 1148 3562 corpus
1201 3479 1478 3545 Domini
1525 3480 1599 3545 in
1657 3501 1893 3548 manus
1946 3481 2313 3565 imayin'um
2361 3480 2718 3563 ponebant,
2779 3479 2949 3546 unde

642 3574 1116 3640 communicare
1154 3576 1432 3640 volentes
1478 3576 1765 3658 accipere
1806 3577 2119 3660 fecerunt.
2192 3577 2516 3643 Nonnulli
2545 3599 2693 3643 vero
2731 3581 2949 3659 spreta

641 3669 902 3736 ecclesia
947 3670 1020 3736 in
1067 3671 1513 3738 communibus
1558 3672 1852 3739 domibus
1909 3674 2153 3740 tabulis
2196 3674 2563 3758 imaqinum
2608 3695 2736 3757 pro
2782 3673 2945 3739 alta-

640 3766 826 3832 ribus
877 3768 1247 3849 utebantur,
1295 3773 1356 3833 et
1400 3788 1596 3851 super
1642 3790 1750 3835 eas
1794 3790 2055 3835 sacrum
2099 3770 2483 3853 mysterium
2530 3769 2945 3835 celebrabant.

640 3862 735 3927 Et
791 3863 928 3929 alia
985 3864 1194 3931 multa
1249 3864 1495 3930 similia
1554 3866 1659 3931 his
1715 3865 1950 3932 illicita
2011 3871 2072 3931 et
2128 3871 2391 3932 nostrae
2447 3865 2754 3950 reliyz'oni
2804 3888 2946 3932 con·

641 3959 858 4025 traria
902 3959 976 4026 in
1023 3960 1299 4026 ecclesiis
1340 3959 1607 4042 fiebant,
1668 3982 1832 4044 quae
1877 3962 2271 4027 doctioribus
2328 3967 2388 4027 et
2440 3962 2947 4046 sapientioribus

640 4055 804 4121 viris
873 4057 1037 4122 satis
1095 4057 1372 4141 indiqna
1441 4078 1572 4122 esse
1638 4057 2040 4125 videbantur.
2152 4058 2507 4141 Propterea
2574 4063 2946 4125 statuerunt

642 4153 982 4219 orthodoxi
1025 4153 1460 4237 Imperatores
1504 4159 1565 4218 et
1608 4154 1966 4220 doctissimi
2010 4155 2366 4222 sacerdotes
2412 4154 2607 4221 locale
2652 4156 2948 4222 adunare
