3270 5028
1047 476 1259 531 Bellum
1297 486 1489 531 contra
1525 477 1935 545 Longobardos.
2549 478 2648 529 131

347 621 577 684 merito
623 619 1003 702 reprehendi
1065 640 1197 682 non
1243 639 1455 701 posse,
1514 618 1608 683 ita
1666 619 1856 683 etiam
1920 619 2096 683 illam
2154 619 2495 701 epistolam
2540 640 2653 701 per

344 739 411 780 se
475 722 550 780 ut
617 715 899 779 medium
962 715 1155 798 plane
1223 714 1471 779 licitum
1546 713 1626 778 ad
1695 717 1889 779 finem
1959 715 2381 779 obtinendum
2452 715 2648 779 habe-

346 836 504 877 mus.
593 810 707 876 Sin
769 817 986 876 autem
1039 811 1160 875 hoc
1203 810 1483 874 medium
1543 815 1616 875 ut
1672 812 1999 896 singulare
2046 833 2118 876 ac
2179 812 2413 875 mirum
2459 812 2652 876 alicui

345 909 670 994 displicet,
734 931 869 974 non
917 914 1015 972 est
1074 929 1186 971 cur
1230 908 1503 971 multum
1555 930 1629 972 ea
1685 908 1762 971 de
1807 930 1876 971 re
1923 908 2369 990 disceptemus,
2462 908 2649 971 Tem-

345 1028 573 1089 porum
651 1010 715 1068 et
792 1026 1213 1088 personarum
1276 1003 1477 1068 indoli
1547 1005 1860 1089 ejusmodi
1931 1005 2203 1088 epistola
2274 1005 2430 1070 satis
2501 1026 2649 1069 con·

344 1102 678 1182 veniebat,
731 1105 924 1184 atque
962 1122 1174 1164 rerum
1220 1100 1485 1164 summis
1529 1101 1844 1185 angustiis
1898 1099 2140 1184 aliquid
2182 1101 2652 1164 concedendum

345 1204 459 1264 est.
561 1198 766 1277 „Quid
818 1197 1018 1273 enim,
1083 1197 1179 1260 ita
1239 1197 1468 1260 merito
1531 1198 1609 1261 ad
1675 1218 1809 1261 rem
1869 1195 2217 1274 Baronius,
2281 1198 2653 1280 importuna

346 1301 413 1358 et
458 1295 797 1378 imperiosa
844 1293 1189 1358 necessitas
1242 1292 1639 1357 intentatum
1699 1293 2037 1376 praeterit,
2091 1293 2192 1358 vel
2247 1295 2651 1376 inexpertum

346 1393 741 1476 relinquit‘?“
765 1388 812 1474 ¹)
908 1389 1175 1473 Pipinus
1233 1411 1417 1466 vero,
1479 1411 1678 1472 quum
1737 1411 1849 1472 per
1906 1387 2218 1471 Stephani
2280 1391 2526 1473 legatos
2589 1401 2654 1453 et

346 1490 598 1553 litteras
661 1489 739 1551 de
801 1487 1175 1551 tristissima
1242 1485 1356 1550 illa
1418 1507 1634 1549 rerum
1700 1485 2070 1551 conditione
2138 1487 2373 1551 certior
2440 1486 2653 1550 factus

347 1591 544 1661 aeset,
617 1585 715 1648 ira
783 1588 849 1648 et
916 1582 1132 1647 dolore
1199 1583 1469 1659 exarsit,
1544 1588 1610 1646 et
1673 1604 1841 1646 novo
1905 1581 2160 1646 decreto
2225 1583 2395 1647 bello
2458 1604 2653 1647 novos

348 1683 579 1792 populo
648 1681 929 1746 delectus
995 1678 1252 1744 indixit.
1367 1679 1531 1743 Tum
1596 1700 1816 1743 mense
1879 1678 2088 1761 Aprili
2159 1701 2300 1743 cum
2371 1680 2655 1769 exercitu

346 1780 415 1842 in
488 1777 954 1862 Longobardos
1041 1776 1275 1851 movit,
1361 1797 1687 1859 quumque
1764 1774 2152 1857 Aistulphus
2230 1777 2444 1841 soluta
2521 1775 2652 1840 Ro-

348 1897 487 1939 mae
548 1874 877 1940 obsidione
925 1874 1188 1956 Papiam
1249 1873 1656 1952 festinasset,
1713 1872 1880 1935 hanc
1926 1873 2150 1936 urbem
2196 1873 2408 1937 valida
2455 1894 2653 1936 manu

346 1973 569 2037 cinxit.

524 2103 627 2174 5'6.
688 2109 815 2174 Sed
868 2108 988 2173 hoc
1043 2109 1181 2172 loco
1229 2109 1365 2192 jam
1425 2108 1980 2172 commemoranda
2025 2109 2299 2172 veniunt
2354 2131 2516 2192 quae
2576 2131 2650 2174 eo

347 2216 634 2292 tempore
696 2227 774 2289 ex
834 2208 1018 2289 parte
1065 2202 1447 2268 Graecorum
1511 2204 1685 2269 facta
1743 2208 1925 2280 sunt3
1991 2206 2223 2269 clarius
2284 2206 2455 2269 enim
2519 2207 2655 2269 elu-

346 2305 549 2388 cebit,
622 2305 870 2386 quanto
931 2301 1078 2385 jure
1152 2301 1517 2384 principatu
1596 2301 1765 2364 civili
1836 2301 2245 2384 dominioque
2317 2303 2654 2385 temporali

355 2401 628 2465 Romani
683 2397 1035 2463 Pontifices
1109 2397 1298 2480 potiti
1376 2397 1528 2462 sint.
1667 2396 2299 2480 Constantinopolim
2361 2399 2657 2481 pervenit

349 2497 618 2564 nuntius
673 2497 747 2561 de
801 2494 992 2560 rebus
1055 2494 1356 2578 peractiS,
1422 2516 1745 2577 quumque
1805 2493 2273 2559 Constantinus
2332 2492 2656 2578 Coprony·

349 2617 486 2659 mus
549 2594 917 2658 adverteret
979 2613 1112 2655 rem
1180 2614 1253 2656 eo
1316 2612 1609 2675 vergere,
1669 2597 1743 2654 ut
1802 2590 2157 2655 dominatio
2216 2613 2333 2655 sua
2397 2591 2656 2674 penitus

348 2694 415 2756 in
482 2691 673 2755 Italia
737 2689 1253 2773 extingueretur,
1322 2686 1495 2750 haud
1559 2686 1814 2770 quidem
1880 2688 2074 2771 copiis
2142 2689 2488 2771 armisque,
2559 2688 2660 2752 uti

350 2786 803 2867 conveniebat,
866 2787 1020 2869 jura
1080 2806 1195 2848 sua
1258 2782 1580 2848 vindicare
1645 2785 1910 2867 sategit,
1981 2786 2090 2849 sed
2158 2786 2409 2869 legatos
2482 2784 2659 2848 misit

350 2887 460 2969 qui
507 2905 649 2947 cum
695 2882 924 2965 Pipino
971 2902 1070 2944 res
1127 2882 1193 2945 in
1242 2880 1639 2945 commodum
1694 2904 1880 2945 suum
1930 2887 2404 2964 componerent.
2496 2879 2654 2944 Rem

350 3003 500 3065 prae
563 2980 831 3044 caeteris
900 2979 1067 3041 clare
1139 2981 1399 3041 enarrat
1460 2977 1844 3041 Anastasius
1913 2976 2079 3041 Bibl.
2151 2978 2220 3041 in
2297 2974 2445 3040 Vita
2515 2974 2655 3039 Ste-

340 3075 555 3160 phani
610 3099 659 3141 c.
721 3077 840 3139 43:
908 3071 1071 3138 Cum
1126 3071 1211 3137 ad
1269 3071 1852 3155 Lonyobardorum
1914 3072 2153 3152 clusas,
2218 3073 2472 3149 scribit,
2539 3090 2659 3135 rex

349 3172 634 3255 Pipinus
678 3170 1279 3254 appropinquasset,
1330 3169 1816 3251 conjunxerant
1863 3168 1936 3232 in
1984 3168 2104 3233 hac
2148 3168 2454 3233 Romana
2501 3166 2658 3231 urbe

350 3259 719 3351 imperiales
786 3265 998 3345 missi,
1083 3264 1442 3349 Gregorius
1509 3263 1750 3329 scilicet
1814 3263 2258 3329 Protosecreta
2326 3269 2386 3328 et
2453 3264 2656 3328 Joan·

347 3387 460 3431 nes
529 3363 987 3440 SilentiariaS,
1054 3361 1284 3427 directi
1352 3361 1438 3426 ad
1501 3360 1907 3443 praedictum
1970 3360 2289 3443 Pipinam
2365 3359 2656 3426 Franco-

351 3484 500 3528 rum
567 3482 794 3545 reyem.
909 3460 1083 3539 Quos
1147 3458 1506 3541 suscipiens
1554 3458 1708 3540 jam
1763 3457 1951 3540 fatas
2013 3457 2421 3523 beatissimus
2470 3457 2656 3539 Papa

350 3559 583 3625 eisdem
630 3557 976 3624 motionem
1016 3555 1315 3640 praefati
1360 3554 1536 3638 reyis
1580 3553 1994 3620 Francorum
2039 3554 2391 3620 nuntiavit.
2475 3553 2660 3633 Quod

350 3655 606 3739 quidem
673 3655 777 3720 illi
836 3654 1107 3720 dubium
1177 3651 1549 3717 habuerunt
1614 3651 1928 3716 credendi.
2043 3651 2414 3736 Stephanus
2488 3652 2661 3716 vide·

348 3756 497 3819 licet
560 3755 637 3819 iis
698 3755 1078 3818 nullatenus
1141 3751 1511 3827 occultavit,
1585 3772 1622 3813 a
1686 3770 1837 3833 rege
1904 3750 2199 3814 civitates
2264 3754 2329 3814 et
2397 3750 2660 3833 provin-

347 3852 482 3916 cias
542 3855 941 3948 expugnatas
998 3871 1130 3914 non
1191 3847 1569 3931 Imperatori
1625 3845 1737 3910 sed
1793 3845 2120 3910 Romanae
2174 3847 2471 3911 ecclesiae
2523 3867 2658 3910 esse

348 3969 711 4026 concessaS,
770 3950 965 4030 atque
1019 3946 1091 4010 in
1149 3966 1290 4009 eum
1339 3944 1529 4007 finem
1578 3964 1817 4006 novum
1872 3943 2108 4006 bellum
2157 3965 2194 4006 a
2237 3941 2471 4026 Pipino
2516 3965 2657 4007 sus·

532 4206 571 4271 ¹)
611 4206 695 4258 Ad
735 4222 782 4260 a.
824 4208 941 4260 755.
980 4222 1030 4260 n.
1074 4206 1152 4258 17.

2695 2128 2955 2170 Graecorum

2725 2193 2918 2230 conatus.
