3270 5028
579 495 580 498 ¹
699 480 803 532 322
1374 477 1555 534 XVII.
1591 478 1675 534 De
1713 478 2007 534 schismate
2042 479 2332 535 Photiano.

377 614 665 666 Quaestiones

389 679 652 722 tractandae.

874 619 935 684 2.
1014 620 1153 686 Hac
1224 620 1675 686 dissertatione
1747 642 2006 706 agemus
2077 622 2410 705 praecipue
2493 623 2569 687 de
2643 622 3035 700 schismatis}

697 716 1027 783 orientalis
1094 717 1478 803 originibus,
1549 738 1716 801 quae
1782 716 1859 781 ad
1930 739 2065 782 eam
2137 716 2456 783 Ecclesiae
2522 724 2797 785 aetatem
2866 743 3030 805 spe-

696 816 909 891 ctant,
973 814 1038 877 in
1102 837 1228 899 qua
1296 813 1681 879 delineanda
1745 836 2093 880 versamur.
2195 814 2482 879 Primum
2551 838 3023 882 commemora-

693 910 900 975 bimus
979 911 1080 975 vel
1131 911 1596 997 ,recolligemus
1674 930 1936 991 causas,
2019 912 2250 996 quibus
2328 914 2797 992 praeparatum
2872 914 3021 978 fuit

692 1005 966 1072 schisma
1035 1008 1380 1092 orientale3
1458 1008 1603 1074 dein
1675 1008 2113 1074 enarrabimus
2181 1011 2367 1090 qesta
2435 1005 2684 1089 Plinii,
2765 1009 3019 1095 quibus

690 1104 1352 1190 pseudo-patriarcha
1424 1106 1534 1171 ille
1618 1106 2089 1190 separationem
2167 1105 2468 1170 ecclesiae
2552 1107 2883 1171 orientalis
2962 1129 3012 1170 a

692 1200 852 1266 Sede
916 1201 1293 1286 Apostolica
1355 1202 1663 1281 confecit,
1719 1223 1973 1267 necnon
2032 1223 2198 1284 quae
2254 1201 2591 1285 praecipue
2652 1221 2693 1266 a
2753 1201 3015 1267 Roma-

689 1296 795 1363 nis
855 1297 1282 1379 Pontificibus
1349 1302 1409 1363 et
1467 1318 1509 1363 a
1574 1296 1856 1363 Concilio
1912 1295 2307 1362 oecumenico
2361 1296 2552 1361 VIII.
2613 1301 2760 1363 acta
2819 1304 3009 1377 sunt,

687 1399 765 1460 ut
817 1395 975 1460 unio
1026 1395 1521 1476 restitueretur;
1577 1397 1833 1460 demum
1890 1397 2154 1460 eventus
2198 1397 2351 1477 post
2399 1391 2758 1460 Concilium
2815 1416 3009 1470 oecu-

688 1492 1007 1558 menicum
1053 1491 1241 1558 VIII.
1308 1494 1592 1559 breviter
1640 1512 2050 1577 exponemus.
2120 1526 2202 1536 -
2273 1491 2374 1556 De
2435 1491 2554 1556 hac
2617 1495 3003 1577 quaestione

686 1612 841 1674 prae
915 1591 1182 1656 caeteris
1255 1590 1680 1656 consulendus
1753 1593 1850 1653 est
1923 1588 1996 1654 cl.
2061 1587 2575 1673 Hergenrbther,
2652 1588 2761 1673 qui
2836 1612 2998 1673 opus

686 1687 1080 1770 praeclarum
1141 1688 1396 1770 scripsit
1448 1681 1656 1751 tribus
1711 1685 2142 1751 voluminibus
2201 1684 2753 1768 comprehensum:
2823 1683 3006 1750 Pho·

687 1782 840 1862 tius,
887 1781 1242 1848 Patriarch
1270 1804 1395 1848 von
1432 1781 1977 1864 Constantinopel.
2056 1779 2213 1846 Sein
2245 1780 2480 1860 Leben,
2527 1779 2703 1846 scine
2731 1779 2995 1864 Schrif-

687 1885 810 1945 ten·
837 1879 976 1946 und
1021 1879 1140 1946 das
1189 1877 1583 1962 yriechische
1629 1877 1942 1944 Schisma.
2036 1878 2497 1962 Regensburg,
2555 1877 2747 1942 Manz
2800 1879 2999 1943 1867.

684 2014 772 2023 -
826 1978 1172 2042 Praeterea
1239 1977 1354 2043 cfr.
1409 1976 1620 2055 Tosti,
1694 1974 1920 2040 Storia
1988 1973 2129 2039 dell'
2199 1972 2450 2057 oriqine
2519 1972 2680 2038 dello
2755 1973 2998 2039 scisma

678 2092 904 2157 qreco;
961 2072 1255 2152 Firenze,
1319 2071 1416 2137 Le
1462 2072 1762 2137 Monnier
1812 2073 2007 2156 18563
2066 2071 2295 2154 Jager,
2358 2069 2652 2135 Histoire
2697 2070 2774 2135 de
2819 2069 2999 2136 Pho·

686 2169 848 2250 tius,
913 2169 1093 2237 Paris
1151 2171 1346 2246 1845;
1417 2169 1750 2253 Pitzipios,
1814 2166 2122 2252 L'quise
2184 2164 2497 2231 orientale
2558 2170 2668 2232 etc.
2732 2169 2774 2231 4
2837 2169 2997 2233 voll.

659 2267 867 2332 ‘Paris
927 2268 1125 2350 18553
1193 2263 1457 2345 Hefele,
1530 2264 1593 2331 C.
1655 2264 1761 2346 0.,
1830 2264 1949 2330 IV.
2020 2262 2086 2328 S.
2143 2263 2277 2327 726
2328 2282 2492 2344 sqq.;
2558 2263 2997 2349 Maimbourg,

683 2362 977 2428 Histoire
1030 2363 1121 2427 du
1175 2362 1444 2427 schisme
1494 2361 1603 2426 des
1655 2360 1870 2441 Graes,
1922 2362 2101 2426 Paris
2165 2362 2362 2436 1677;
2425 2359 2756 2439 Wouters‚
2820 2357 2993 2424 Dis-

680 2464 902 2527 sertat.
963 2459 1031 2527 T.
1077 2457 1217 2525 III.
1274 2453 1553 2525 Dissert.
1610 2458 1753 2524 XX
1761 2456 2278 2524 VIII—XXXI
2277 2476 2301 2539 ;
2359 2458 2612 2533 Palma,
2656 2455 2991 2522 'Praelect

681 2558 785 2623 De
815 2557 1065 2624 saeculo
1094 2576 1283 2636 nono,
1332 2553 1400 2623 G.
1433 2554 1818 2637 X—XIII,·
1864 2557 2088 2640 Lamy,
2137 2555 2266 2620 Les
2294 2555 2611 2620 chretiens
2636 2553 2695 2619 d’
2719 2553 2993 2632 Orient,·

668 2659 875 2738 prem.
917 2654 1163 2735 Partie,
1212 2654 1249 2718 l'
1263 2651 1489 2736 Eylise
1530 2652 1988 2734 schismatique
2037 2651 2324 2734 Grecque
2374 2655 2434 2716 et
2479 2651 2712 2719 Russe.
2804 2651 2988 2716 Lou‘-

678 2751 836 2817 vain
882 2752 1091 2832 1881;
1147 2748 1667 2837 Hergenrother,
1715 2746 1799 2815 K.
1853 2748 1930 2815 G.
1970 2749 2053 2813 B.
2098 2749 2154 2814 I.
2199 2769 2267 2832 p.
2314 2749 2447 2814 663
2490 2768 2656 2831 sqq.;
2710 2748 2793 2812 B.
2838 2746 2995 2812 III.

673 2869 735 2931 p.
780 2846 911 2913 231
956 2868 1105 2930 sqq„
1154 2850 1263 2915 ubi
1311 2850 1505 2914 etiam
1553 2849 1662 2913 alii
1709 2851 2003 2913 auctores
2047 2849 2352 2912 citantur.

1794 3140 1852 3210 1.

596 3314 603 3325 .
673 3268 814 3332 De
896 3267 1230 3332 causis
1273 3265 1624 3348 quibus
1683 3266 2110 3331 schisma
2173 3264 2620 3331 Orientis
2681 3240 2988 3344 prae-⁸

407 3981 583 4025 CPtani.

1458 3362 1945 3442 paratum
2015 3370 2172 3429 est.

847 3516 905 3583 3.
954 3516 1163 3594 Quum
1209 3517 1486 3583 schisma
1529 3518 1749 3584 Photii
1793 3523 2061 3585 eventus
2117 3517 2315 3583 fuerit
2363 3516 2593 3582 summi
2648 3516 2983 3593 momenti,

669 3614 944 3699 indeque
1017 3614 1305 3678 dimanet
1375 3615 1592 3680 scissio
1666 3616 1780 3680 illa
1852 3617 2113 3681 funesta
2184 3615 2357 3679 inter
2421 3613 2829 3680 Occidentem
2908 3619 2973 3677 et

672 3708 1031 3789 Orientem,
1088 3732 1253 3794 quae
1307 3710 1514 3793 adhuc
1567 3713 1635 3777 in
1695 3713 1828 3778 dies
1875 3716 2270 3798 perseverat,
2336 3715 2411 3776 ut
2459 3715 2729 3776 eventus
2773 3730 2972 3795 quan·

668 3811 808 3871 tum
885 3806 1187 3873 convenit
1258 3808 1712 3894 intelligantur
1778 3813 1844 3874 et
1914 3809 2414 3893 perspiciantur,
2483 3806 2740 3891 juvabit
2811 3826 2973 3889 pau·
3076 3856 3101 3869 ..

463 3933 536 3963 esu
559 3934 605 3963 es
668 3902 757 3968 cis
806 3923 1153 3987 exponere,
1212 3905 1421 3989 qualis
1469 3905 1668 3971 fuerit
1713 3928 1787 3971 ea
1833 3910 2045 3970 aetate
2091 3901 2370 3969 conditio
2414 3902 2708 3968 ecclesiae
2756 3898 2966 3966 GPta-

666 4019 791 4064 nae
803 4018 842 4080 ‚·
883 4004 950 4064 et
1011 4020 1326 4084 quaenam
1388 4001 1718 4067 adfuerint
1761 3999 2065 4084 qermina
2126 4000 2389 4085 lugendi
2448 4000 2621 4066 illius
2666 3999 2971 4064 schisma·

664 4097 768 4161 tis·
838 4132 924 4142 —
985 4094 1147 4162 Inde
1203 4119 1240 4161 a
1300 4096 1723 4183 Metrophane
1779 4100 1862 4180 (a.
1921 4095 2103 4182 315),
2172 4119 2360 4182 quem
2429 4098 2705 4182 primum
2770 4094 2972 4160 fuisse

664 4191 962 4276 Byzantii
1007 4193 1363 4276 praesulem
1411 4195 1647 4259 eruditi
1695 4197 2099 4273 existimant,
2155 4215 2354 4279 usque
2399 4192 2479 4258 ad
2527 4191 2589 4258 S.
2636 4192 2971 4278 Ignatium
