3270 5028
703 466 808 517 344
1380 460 1559 515 XVII.
1597 461 1682 515 De
1719 461 2012 516 schismate
2048 461 2337 517 PhotianO.

701 609 841 668 tum
883 602 1125 668 Bardas
1168 606 1635 687 perspexerunt
1679 604 1913 666 summi
1958 604 2269 668 momenti
2317 625 2472 683 esse,
2519 602 2801 704 ut,Sedis
2838 603 3035 689 Apo-

700 700 963 765 stolicae
1031 700 1414 764 auctoritate
1474 698 1585 762 ille
1645 700 2030 765 firmaretur.
2144 699 2414 764 Photius
2475 700 2679 785 igitur
2735 700 3020 766 Romam

701 797 1051 862 destinavit
1097 797 1343 880 legatos
1389 817 1533 859 cum
1582 795 1850 873 litteris,
1911 797 2139 880 quibus
2186 796 2378 861 simul
2424 818 2568 861 cum
2612 797 3025 881 professione

701 893 1092 958 orthodoxae
1132 891 1285 964 fidei
1315 892 1656 974 referebat,
1701 914 1828 977 qua
1856 892 2106 958 ratione
2137 894 2273 977 ipse
2320 893 2397 959 ad
2432 894 2645 958 sedem
2677 893 3028 959 CPtanam

701 995 958 1054 evectus
1004 994 1188 1055 esset.
1276 988 1582 1054 Asserere
1628 1011 1824 1054 ausus
1871 993 1997 1069 est,
2054 988 2389 1074 Ignatium
2449 995 2714 1075 propter
2758 990 3021 1055 senium

703 1091 769 1151 et
813 1086 1257 1150 infirmitatem
1301 1086 1599 1151 ecclesiae
1647 1086 2060 1151 renuntiasse
2104 1086 2606 1170 praefecturam,
2662 1092 2728 1152 et
2771 1088 2858 1151 ab
2908 1087 3029 1151 illa

673 1174 1061 1261 necessisse,
1124 1186 1315 1267 atque
1370 1182 1439 1247 in
1494 1182 1833 1266 quamdam
1892 1183 2171 1248 insulam
2229 1183 2615 1267 profectum,
2675 1186 2748 1248 in
2793 1206 3020 1248 mona-

699 1279 895 1343 sterio
942 1301 1234 1356 manere,
1297 1301 1441 1344 cum
1495 1278 1673 1343 omni
1727 1278 1969 1344 honore
2024 1284 2089 1344 et
2147 1281 2322 1344 cultu
2380 1285 2447 1344 et
2505 1280 2809 1364 obsequio
2874 1286 3023 1343 tum

700 1376 782 1440 ab
839 1376 1234 1460 Imperatore
1291 1381 1431 1440 tum
1494 1376 1574 1439 ab
1631 1376 1934 1440 universa
1993 1376 2250 1441 civitate
2309 1377 2621 1441 habitum.
2716 1376 2799 1441 Se
2862 1398 3028 1441 vero

699 1475 979 1538 invitum
1027 1480 1093 1539 et
1136 1476 1565 1540 reluctantem
1621 1474 1941 1562 communi
1998 1474 2547 1557 metropolitarum
2603 1478 2669 1538 et
2725 1472 3020 1538 universi

627 1613 630 1616 -
701 1571 857 1636 cleri
903 1571 1213 1654 suffragio
1257 1571 1329 1635 in
1376 1572 1515 1655 ejus
1560 1592 1988 1636 successorem
2040 1591 2176 1634 esse
2234 1570 2537 1647 electum,
2594 1576 2660 1635 et
2708 1569 2840 1634 vim
2892 1568 3026 1633 sibi

700 1664 781 1731 ab
811 1666 1207 1750 Imperatore
1253 1667 1520 1745 illatam,
1565 1671 1642 1730 ut
1687 1666 2133 1750 patriarchalis
2160 1666 2379 1731 throni
2425 1667 2756 1752 fastigium
2790 1688 3019 1731 ascen·

700 1764 895 1829 deret.
940 1798 1029 1812 —--
1073 1763 1352 1828 Michael
1406 1762 1770 1847 Imperator
1821 1764 2068 1846 pariter
2124 1764 2202 1828 ad
2248 1762 2586 1828 Nicolaum
2626 1764 3019 1829 Pontificem>

703 1862 877 1926 misit
934 1860 1301 1944 epistolam,
1359 1861 1429 1924 in
1492 1883 1634 1945 qua.
1666 1860 1909 1945 Ignatii
1967 1859 2435 1925 abdicationem
2492 1865 2558 1925 et
2602 1860 2824 1925 Photii
2881 1881 3017 1924 suc·

701 1959 1055 2024 cessionem
1124 1957 1345 2021 eadem
1409 1958 1663 2022 ratione
1741 1959 2124 2041 exponebat.
2234 1956 2436 2021 Simul
2509 1961 2732 2022 tamen
2802 1956 3016 2021 varias

700 2055 953 2119 ferebat
1005 2054 1443 2119 accusationes
1496 2054 1563 2117 in
1590 2053 1977 2138 Ignatium,
2039 2053 2468 2139 addebatque,
2539 2054 2764 2119 turbas
2824 2074 3026 2138 quas-

701 2151 848 2216 dam
913 2152 1241 2217 occasione
1297 2149 1750 2235 resignationis
1819 2152 1958 2233 ejus
2027 2172 2164 2216 esse
2230 2155 2509 2215 exortas.
2619 2150 2787 2215 Dein
2861 2170 3014 2214 vero

702 2248 1100 2333 Pontificem,
1144 2252 1220 2312 ut
1261 2248 1511 2333 legatos
1558 2246 2188 2330 Constantinopolim
2233 2250 2542 2326 mitteret,
2595 2247 2890 2332 rogabat,
2942 2266 3018 2309 eo

701 2349 1065 2428 praetextU,
1110 2349 1185 2408 ut
1229 2345 1658 2427 pullulantem
1701 2366 1921 2408 rursus
1953 2343 2498 2410 Iconoclastarum
2543 2344 2863 2410 haeresim
2900 2362 3022 2406 suav

700 2442 1084 2506 auctoritate
1129 2441 1387 2525 penitus
1434 2441 1760 2524 evelleret,
1807 2443 1872 2503 et
1911 2440 2253 2525 collapsam
2281 2441 2769 2507 ecclesiasticam
2817 2439 3008 2505 disci-

700 2539 945 2622 plinam
992 2542 1404 2604 restauraret.
1495 2537 1574 2601 In
1630 2539 1873 2620 synodo
1931 2538 2012 2602 ob
2058 2538 2217 2603 haec
2270 2539 2536 2624 negotia
2579 2540 2880 2604 habenda
2927 2536 3008 2602 si-

701 2635 836 2698 mul
888 2639 1141 2699 exortas
1203 2635 1427 2698 turbas
1489 2634 1679 2699 facile
1741 2656 1924 2718 posse
1987 2635 2219 2702 sedari.
2307 2635 2576 2702 Photius
2635 2636 2713 2700 de
2775 2633 3019 2722 legatis

702 2731 1036 2796 mittendis
1084 2737 1151 2796 et
1195 2731 1271 2795 de
1318 2730 1563 2814 synodo
1608 2730 1906 2795 habenda
1949 2731 2114 2796 nihil
2160 2734 2530 2816 scripserat,
2576 2737 2653 2797 ut
2696 2732 2858 2798 haec
2902 2754 3007 2816 pe·

702 2829 848 2893 titio
908 2827 1327 2911 Imperatoris
1396 2850 1530 2892 esse
1597 2828 1940 2893 videretur.
2055 2827 2333 2913 Legatos
2395 2834 2611 2893 autem
2680 2828 3019 2894 Pontificis

702 2928 1039 3008 propterea
1098 2923 1728 3007 Constantinopolim
1784 2946 2103 2989 accersere
2161 2925 2667 3007 constituerant,
2728 2932 2804 2991 ut
2858 2927 3006 2989 dum

702 3021 825 3105 ipsi
869 3011 1011 3086 cum
1050 3020 1298 3086 Photio
1331 3022 1880 3085 communicarent
1936 3024 2004 3084 et
2040 3022 2302 3106 negotia
2355 3023 2780 3088 ecclesiastica
2833 3043 3012 3088 com·

702 3122 1049 3202 ponerent,
1108 3117 1407 3182 omnibus
1462 3117 1572 3181 ille
1629 3122 1967 3200 appareret
2020 3123 2094 3182 ut
2150 3118 2515 3201 patriarcha
2569 3119 2898 3203 legitimus
2945 3120 3014 3180 et

703 3238 741 3279 a
794 3213 957 3280 Sede
1020 3214 1392 3297 Apostolica
1447 3213 1730 3296 agnitus.
1821 3213 2061 3277 Eodem
2127 3219 2412 3297 tempore
2476 3213 3013 3298 autem-pseudo·

704 3310 1068 3395 patriarcha
1113 3309 1193 3374 ad
1237 3311 1519 3393 reliquas
1567 3308 1851 3375 Orientis
1897 3310 2356 3393 patriarchales
2404 3312 2696 3377 ecclesias
2756 3312 3016 3376 litteras·

704 3407 1187 3472 inthronisticas
1234 3406 1433 3485 dedit,
1483 3406 1718 3490 quibus
1753 3407 1967 3471 simili
2025 3407 2210 3472 modo
2255 3409 2482 3490 refert,
2536 3431 2603 3473 se
2661 3410 2852 3493 plane
2908 3409 3014 3471 in-

705 3504 908 3567 vitum
955 3504 1024 3567 in
1053 3501 1297 3588 Ignatii
1342 3524 1764 3567 successorem
1806 3524 1944 3567 esse
1990 3505 2344 3569 suffectum.
2428 3505 2626 3570 Plura
2671 3507 2742 3570 in
2784 3506 3012 3570 iisdem.

705 3600 903 3664 habet
946 3599 1024 3663 de
1069 3599 1279 3663 turbis
1334 3604 1399 3663 et
1438 3600 1722 3664 motibus
1778 3600 1846 3663 in
1902 3601 2164 3664 ecclesia
2209 3600 2474 3665 CPtana
2528 3603 2795 3680 exortiS,
2849 3602 3007 3666 haec

706 3718 855 3761 vero
900 3717 1015 3759 sua
1070 3696 1381 3761 electione
1438 3697 1704 3761 nuntiat
1759 3717 1897 3760 esse
1955 3698 2175 3762 sedata
2221 3721 2570 3783 omnesque
2629 3698 2709 3763 ad
2755 3719 3011 3764 concor-

708 3792 877 3856 diam
922 3791 1198 3856 rediisse.

885 3984 987 4048 33.
1036 3948 1309 4070 Legatio
1353 3983 1625 4051 Romam
1674 3941 1867 4051 missa
1909 3986 2094 4051 valde
2138 3987 2467 4070 splendida
2510 3991 2676 4063 erat;
2732 3982 3014 4071 delegati

708 4081 1003 4146 videlicet
1051 4086 1209 4146 sunt
1253 4082 1535 4146 Arsaber
1579 4083 1947 4166 spatharius
1993 4083 2306 4167 imperiali
2361 4083 2643 4148 familiae
2692 4083 3011 4148 affinitate

709 4199 933 4257 nexus,
980 4200 1124 4242 cum
1171 4182 1450 4262 quatuor
1493 4181 1921 4264 praesulibus3
1971 4201 2044 4244 ac
2088 4200 2440 4265 permagna
2484 4202 2753 4245 munera
2798 4179 3007 4263 Impe-
