3270 5028
1079 439 1312 492 Photius
1348 439 1886 505 pseudopatriarcha.
2535 442 2638 492 357

326 584 559 666 vilegia
603 581 785 647 Sedis
833 582 1242 664 Apostolicae
1296 602 1430 643 sese
1478 581 1964 662 manifestabat,
2025 581 2135 644 sed
2181 583 2249 645 in
2307 602 2495 645 causa
2541 582 2638 646 di·—

193 735 211 752 ,
325 682 518 745 vortii
589 678 880 742 Lotharii
944 679 1143 761 regiS‚
1207 676 1579 760 Teutgadus
1645 676 2044 741 Trevirensis
2108 682 2173 741 et-
2239 676 2638 741 Guntharius

324 776 726 841 Coloniensis
775 774 1229 857 archiepiscopi
1276 774 1346 836 in
1393 777 1682 856 apertam
1728 773 2139 838 rebellionem
2179 783 2633 858 proruperunt.

322 873 782 956 Imperatorem
830 870 1222 934 Ludovicum
1255 869 1338 933 Π.
1386 869 1454 933 in
1500 870 1836 933 Nicolaum
1887 872 2165 935 excitare
2201 872 2416 934 conati
2462 874 2634 949 sunt,

322 970 471 1034 dein
517 992 666 1033 vero
714 990 910 1052 quum
967 967 1238 1050 depositi
1286 971 1503 1031 essent
1550 976 1614 1030 et
1661 968 2227 1041 excommunicati,
2286 967 2633 1031 violentam

322 1066 855 1149 protestationem
921 1071 1147 1128 contra
1200 1062 1579 1127 Pontificem
1646 1064 1762 1126 sub
1827 1065 2021 1128 titulo
2082 1061 2386 1144 epistolae
2448 1062 2634 1143 syno-

321 1161 491 1226 dalis
557 1162 1052 1245 promulgarunt
1126 1164 1191 1224 et
1261 1159 1342 1223 ad
1407 1161 1647 1224 multos
1718 1162 2042 1244 praesules
2114 1161 2633 1224 transmiserunt.

324 1258 695 1323 Rebellibus
742 1259 938 1321 etiam
988 1279 1055 1320 se
1095 1258 1322 1341 junxit
1364 1257 1699 1321 Johannes
1735 1257 2254 1321 Ravennatensis
2303 1257 2632 1339 episcopus

320 1378 460 1419 cum
521 1355 722 1418 fratre
778 1377 894 1419 suo
943 1352 1282 1437 Gregori0‚
1341 1359 1406 1417 et
1454 1353 1729 1437 Hagano
1776 1353 2230 1435 Bergamensis
2285 1353 2633 1436 episcopm,

319 1454 411 1516 ita
456 1458 529 1515 ut
574 1451 769 1515 factio
825 1451 1127 1515 seditiosa
1183 1452 1251 1513 in
1301 1448 1648 1514 Occidente
1707 1453 1898 1514 annis
1947 1452 2074 1514 863
2123 1454 2189 1514 et
2235 1450 2364 1513 864
2411 1454 2632 1512 contra

319 1546 652 1611 Nicolaum
684 1569 822 1611 sese
854 1546 1181 1610 formaret.
1249 1546 1557 1610 Ponti-fex
1590 1553 1810 1610 tamen
1852 1545 2194 1630 prudentia
2233 1552 2298 1611 et
2328 1549 2629 1610 constan·

316 1644 410 1708 tia
451 1667 600 1709 mox
647 1647 916 1708 conatus
960 1644 1215 1707 illorum
1262 1643 1539 1707 reddidit
1583 1644 1823 1709 irritos
1913 1642 2035 1707 Sed
2090 1644 2470 1727 protestatio
2518 1643 2628 1705 illa

317 1763 354 1804 a
399 1741 680 1805 factiosis
728 1741 918 1803 etiam
966 1741 1344 1804 transmissa
1392 1748 1492 1804 est
1537 1742 1618 1804 ad
1664 1739 1991 1817 Photium,
2039 1762 2076 1802 a
2122 1762 2249 1823 quo
2293 1744 2359 1804 et
2390 1739 2630 1802 auxilia

318 1837 661 1919 petierunt.
764 1836 859 1900 Ita
903 1837 1028 1899 iste
1074 1838 1143 1899 in
1191 1836 1451 1900 ausibus
1500 1838 1632 1899 suis
1673 1837 1949 1900 funestis
1997 1838 2409 1900 confirmatus
2456 1832 2628 1918 est.¹)

494 1934 597 1996 47.
646 1937 841 1997 Anno
873 1932 1019 2006 865,
1068 1938 1328 1997 auctore
1366 1933 1616 2010 Photio,
1669 1933 1947 1997 Michael
1972 1931 2333 2016 Imperator
2379 1932 2655 1996 litteras
2688 1947 2942 2016 mperatoris

314 2030 490 2094 dedit
534 2030 615 2092 ad
647 2028 977 2094 Nicolaum
1010 2028 1393 2094 Pontificem
1439 2030 1520 2093 ab
1564 2031 1702 2113 ipso
1733 2029 1970 2093 Photio
2005 2030 2415 2113 conscriptaS,
2463 2052 2625 2112 quas
2655 1939 2900 2102 Remmia.

318 2125 588 2189 Michael
655 2126 1204 2208 protospatharius
1262 2148 1480 2189 mense
1536 2127 1836 2211 Augusto
1896 2127 2070 2189 illius
2133 2128 2289 2190 anni
2353 2125 2624 2189 Romam

314 2223 564 2286 detulit.
641 2212 994 2306 Deperdita
1040 2236 1137 2286 est
1169 2224 1293 2287 ista
1326 2225 1621 2305 epistola;
1663 2245 1912 2286 summa
1948 2224 2122 2286 illius
2154 2223 2366 2306 capita
2405 2226 2621 2285 tamen

315 2320 709 2403 colliguntur
739 2342 816 2382 ex
856 2320 1141 2403 epistolis
1177 2319 1423 2383 Nicolai
1473 2330 1695 2384 octava
1742 2325 1808 2383 et
1836 2342 2009 2383 nona
2050 2321 2127 2383 ad
2159 2318 2621 2402 Imperatorem

314 2414 689 2479 Michaelem
722 2416 995 2498 directiS,
1041 2416 1274 2499 quibus
1304 2417 1608 2481 Pontifex
1657 2417 1805 2479 huic
1849 2416 2212 2499 respondet.
2291 2416 2623 2480 Michaelis

313 2512 588 2595 epistola
645 2514 885 2577 referta
948 2525 1086 2577 erat
1147 2514 1404 2597 injuriis
1461 2525 1526 2578 et
1583 2514 2019 2590 contumeliiS‚
2085 2519 2150 2576 et
2212 2514 2430 2578 eadem
2483 2514 2619 2596 jam

309 2611 443 2692 ipse
488 2609 763 2673 Romani
812 2611 1143 2674 Pontificis
1187 2613 1500 2694 primatus
1546 2611 1996 2694 impetebatur.
2077 2611 2414 2694 Arguebat
2451 2610 2620 2674 Pon-

309 2707 540 2770 tificem
595 2706 895 2784 Michae‘L
950 2729 1023 2770 ac
1080 2708 1135 2771 si
1179 2710 1317 2791 ipse
1375 2710 1432 2771 ei
1486 2710 1774 2790 superior
1831 2715 2003 2771 esset
2063 2710 2244 2792 cujus
2299 2706 2622 2770 mandatis

310 2802 908 2886 obtemperandum,
968 2815 1031 2867 et
1078 2805 1472 2887 postulabat,
1538 2809 1612 2867 ut
1658 2805 2060 2868 voluntatem
2110 2825 2182 2868 ac
2227 2803 2617 2867 sententiam

311 2898 613 2962 Pontifex
663 2907 972 2977 mutaret,
1034 2902 1224 2964 simul
1273 2902 1642 2977 advertenS‚
1699 2902 1959 2967 inanem
2011 2903 2273 2965 omnino
2321 2922 2457 2963 esse
2505 2899 2619 2962 Ni-

310 2994 470 3057 colai
515 2996 998 3077 oppositionem.
1093 2995 1218 3059 Sed
1271 2995 1458 3073 diciS,
1518 2999 1739 3061 scribit
1786 2997 2090 3061 Pontifex
2139 3021 2232 3079 ep.
2283 2999 2367 3074 9²,
2423 2995 2620 3059 etiam

309 3088 449 3153 sine
514 3109 827 3155 consensu
887 3094 1108 3154 nostro
1172 3092 1481 3156 Plzotiam
1548 3097 1607 3156 et
1671 3093 1995 3157 eeclesiam
2059 3096 2494 3171 retentarum,
2559 3095 2619 3155 et

310 3185 816 3258 communionem
865 3187 1191 3252 Ecclesiae
1238 3188 1648 3268 habitarum,
1706 3189 2050 3272 Iynatiam
2094 3210 2243 3253 vero
2288 3188 2459 3253 nihil
2494 3210 2619 3271 per

309 3303 425 3345 nos
483 3281 955 3348 meliorationis
1011 3284 1283 3365 penitus
1346 3287 1753 3368 adepturum.
1863 3289 2184 3372 Exigebat
2252 3290 2474 3362 etiam,
2543 3294 2619 3350 ut

309 3379 757 3462 Theognostus
802 3381 1300 3447 archimandrita
1350 3388 1414 3446 et
1462 3386 1687 3468 reliqui
1731 3386 1968 3470 Ignatii
2015 3385 2202 3449 amici
2248 3385 2370 3467 ipsi
2415 3384 2616 3467 impe-

305 3478 505 3539 ratori
556 3468 981 3541 traderentur.
1074 3478 1409 3544 Postremo
1469 3482 1590 3544 nisi
1650 3483 1976 3564 postulata
2028 3482 2406 3564 adimpleret
2451 3481 2613 3544 Pon-

306 3573 495 3651 tifex,
554 3573 726 3637 urbis
786 3577 1240 3639 exterminium
1296 3578 1680 3642 minabatur.
1776 3575 2438 3642 Interminationibus
2484 3597 2612 3640 ere-

308 3667 440 3731 bris
485 3669 803 3739 deterrere
840 3690 959 3733 nos
1000 3675 1060 3734 et
1106 3669 1410 3735 minitari
1439 3672 1769 3752 videmini,
1818 3678 2131 3755 tanquam
2162 3673 2310 3737 sitis
2347 3672 2615 3755 patriae

304 3768 363 3827 et
408 3764 560 3828 arbi
603 3769 867 3829 nostrae
912 3765 1218 3832 altimum
1266 3769 1724 3835 exterminium
1773 3769 2125 3853 illaturi„-

480 3863 583 3926 48.
652 3861 956 3928 Nicolaus
1024 3865 1435 3949 Imperatoris
1500 3868 1753 3932 litteras
1815 3870 2083 3951 accepit,
2145 3891 2344 3952 quum
2405 3871 2468 3931 in
2539 3890 2610 3932 eo

306 3965 500 4036 esset,
554 3968 625 4023 ut
673 3959 1299 4045 Constantinopolim
1355 3965 1644 4028 mitteret
1697 3967 1942 4049 legatos
1982 3988 2124 4029 cum
2183 3966 2450 4048 epistola
2499 3965 2608 4028 ad-

483 4164 525 4230 1)
566 4167 671 4218 Cfr.
712 4168 1126 4235 Hergcnrother
1164 4171 1198 4223 l.
1242 4187 1283 4225 c.
1327 4189 1375 4238 p.
1416 4175 1534 4225 547.
