3270 5028
1088 457 1170 511 De
1206 456 1552 510 institutione
1588 456 1828 524 Imperii.
2512 463 2610 513 191

300 594 594 660 Domino
663 594 890 660 attulit
936 595 1241 677 fructuS,
1320 618 1450 662 non
1518 596 1725 662 solum
1788 597 1911 662 cito
1976 599 2313 678 credendO,
2389 620 2615 665 verum

298 691 504 757 etiam
569 691 917 757 nonnullos
981 691 1144 757 alios
1207 693 1548 775 salutifere
1613 695 2048 760 convertendo.
2155 695 2384 760 Verum
2440 695 2616 760 vobis

304 809 349 853 a
397 789 685 854 Domino
721 788 881 872 jure
929 789 1342 872 praedictum
1388 795 1515 854 est:
1573 791 1938 873 Auferetur
1996 813 2037 856 a
2089 791 2269 856 vobis
2322 813 2613 875 regnum,

296 891 369 951 et
427 886 695 952 dabitur
757 886 940 969 yenti
1002 886 1278 968 facienti
1343 887 1607 969 fructus
1676 888 1854 970 ejus„
1942 887 2128 954 Sicut
2187 909 2336 972 erqo
2395 888 2618 971 potuit

309 983 495 1049 Deus
557 984 632 1048 de
699 983 1026 1065 lapidibus
1089 984 1405 1049 suscitare
1469 983 1641 1065 filios
1698 985 2032 1064 Abrahae,
2103 986 2202 1049 ita
2257 985 2478 1068 potuit
2542 985 2617 1050 de

309 1079 722 1146 Francorum
768 1079 1023 1145 duritia
1065 1081 1357 1146 Romani
1401 1081 1718 1146 suscitare
1758 1103 2145 1148 successores
2181 1082 2473 1165 Imperii.
2512 1135 2524 1146 .
2556 1134 2568 1146 .
2601 1134 2614 1149 .

321 1175 402 1240 Ut
445 1176 614 1241 sicut
659 1197 777 1241 nos
811 1198 936 1260 per
977 1177 1166 1257 fidem
1216 1176 1472 1243 Christi
1518 1176 1825 1244 Abrahae
1869 1200 2081 1244 semen
2127 1179 2506 1258 existimus,
2558 1183 2618 1243 et

306 1273 551 1338 Judaei
593 1294 717 1356 per
759 1273 1109 1355 perfidiam
1167 1274 1475 1339 Abrahae
1527 1274 1655 1354 filii
1710 1295 1840 1339 esse
1891 1275 2257 1340 desierunt:
2309 1276 2407 1339 ita
2465 1296 2615 1356 quo-

305 1389 429 1451 que
472 1391 590 1434 nos
626 1374 900 1452 propter
947 1371 1177 1435 bonam
1226 1370 1624 1452 opinionem,
1674 1371 1746 1435 id
1791 1375 1884 1434 est
1933 1370 2402 1452 orthodooeiam,
2449 1367 2616 1454 reoi-

296 1487 452 1531 men
498 1466 774 1548 Imperii
815 1466 1106 1531 Romani
1152 1467 1576 1548 suscepimuS,
1645 1467 1881 1532 Graeci
1926 1488 2073 1533 vero
2119 1473 2391 1551 propter
2444 1489 2617 1533 caco-

308 1561 602 1640 doxiam,
656 1561 725 1626 id
782 1567 874 1627 est
928 1564 1168 1628 malam
1227 1564 1622 1646 opinionem,
1685 1565 2137 1629 Romanorum
2183 1566 2620 1648 Imperatores

301 1658 581 1724 existere
638 1664 1074 1740 cessaverunt,
1131 1661 1487 1726 deserentes
1545 1661 1785 1726 scilicet
1838 1683 1968 1726 non
2025 1662 2232 1729 solum
2291 1661 2513 1727 urbem
2559 1666 2620 1726 et

300 1756 516 1821 sedem
580 1755 884 1838 Imperii,
955 1756 1064 1820 sed
1121 1761 1181 1820 et
1234 1762 1487 1845 gentem
1551 1758 1922 1823 Romanam
1983 1763 2046 1822 et
2101 1759 2312 1840 ipsam
2371 1779 2618 1841 quoque

301 1852 606 1936 linquam
655 1853 926 1935 penitus
974 1853 1368 1931 amittentes,
1431 1859 1624 1936 atque
1686 1856 1771 1918 ad
1824 1855 2027 1919 aliam
2083 1855 2333 1936 urbem,
2390 1855 2616 1934 sedem,

291 1953 555 2032 yentem
623 1954 684 2014 et
756 1949 1050 2033 linquam
1111 1971 1236 2032 per
1296 1950 1515 2015 omnia
1588 1952 2205 2035 transmiqrantes.¹)
2314 1952 2618 2018 Ostendit

306 2047 481 2111 hisce
551 2047 942 2124 Ludovicu8‚
1000 2048 1356 2131 justissime
1426 2071 1464 2111 a
1533 2048 1846 2114 Pontifice
1910 2048 2259 2132 Imperium
2332 2048 2616 2114 occiden-

306 2143 439 2208 tale
505 2144 770 2210 Francis
835 2144 1090 2208 concedi
1165 2146 1475 2226 potuisse,
1550 2168 1747 2228 quum
1811 2146 2043 2210 Franci
2110 2146 2174 2209 id
2210 2134 2617 2225 'meruerinss

299 2239 534 2304 Grraeci
584 2244 809 2329 autem¹
847 2240 1244 2326 perdiderint
1287 2240 1449 2304 illud
1494 2246 1634 2325 tum
1681 2241 2003 2306 demeritis
2049 2235 2213 2316 suis,
2260 2249 2398 2306 tum
2447 2242 2619 2326 quod

302 2326 769 2420 deralifsffe'r‘int
812 2336 1073 2400 Italiam
1124 2342 1189 2401 et
1237 2330 1525 2401 Romam.
1617 2338 1835 2423 Atque
1892 2339 2065 2402 hisce
2111 2338 2321 2403 denuo
2378 2339 2615 2416 innuit,

298 2418 1089 2498 sffio'connexum
1132 2455 1268 2497 esse
1314 2434 1663 2518 Imperium
1721 2457 1864 2499 cum
1911 2436 2069 2500 urbe
2116 2435 2321 2499 Roma
2369 2435 2616 2517 (mundi

297 2532 595 2610 domina)
654 2531 937 2614 adeoque
993 2530 1335 2613 Imperium
1392 2532 1788 2595 occidentale
1843 2532 2231 2614 reipublicae
2288 2532 2617 2596 Romanae

303 2629 600 2693 innitens
647 2628 1075 2711 undequaque
1120 2627 1482 2711 legitimum
1531 2651 1665 2693 esse
1714 2633 1910 2712 atque
1954 2628 2330 2713 perfectum.
2408 2631 2616 2705 Quum

302 2747 459 2788 vero
515 2726 794 2789 severius
842 2724 1153 2787 Basilium
1201 2725 1520 2807 exagitat,
1577 2733 1799 2790 tamen
1846 2726 1925 2789 iis
1983 2747 2146 2808 quae
2202 2726 2271 2789 in
2319 2725 2437 2788 hac
2485 2726 2617 2808 epi-

297 2822 475 2885 stola
530 2822 1016 2905 subsequuntur
1071 2843 1213 2885 eum
1271 2820 1616 2885 demulcire
1665 2829 1953 2886 conatur.
2044 2821 2168 2884 Sed
2216 2843 2292 2885 ea
2344 2822 2423 2886 ad
2481 2845 2615 2885 rem

300 2922 600 2982 nostram
645 2920 860 2982 minus
908 2919 1258 3000 pertinent.

485 3069 587 3132 27.
648 3068 989 3132 Caeterum
1038 3066 1265 3132 Graeci
1319 3070 1742 3152 perstiterunt
1796 3070 1863 3132 in
1921 3092 2037 3133 sua
2085 3070 2415 3134 aversione
2463 3093 2612 3135 con·
2661 3087 2922 3130 Graecorum

300 3176 411 3229 tra
477 3165 823 3247 Imperium
890 3162 1282 3244 Occidentis,
1353 3170 1419 3229 et
1485 3166 1553 3231 in
1625 3188 1700 3228 ea
1758 3166 2083 3230 sententia
2152 3188 2280 3249 qua
2344 3167 2614 3249 superbe
2634 3149 2947 3253 avessircgnger-

296 3264 712 3338 asserebant,
767 3262 889 3325 sibi
941 3261 1090 3325 solis
1142 3258 1557 3343 Imperatoris
1605 3262 2039 3327 Romanorum
2100 3284 2334 3326 nomen
2390 3285 2461 3327 ac
2519 3263 2650 3357 ‹ii-s
2759 3273 2764 3276 “

304 3361 621 3443 gnitatem
669 3361 1046 3440 competere.
1138 3356 1352 3421 Etiam
1400 3359 1653 3423 saeculo
1699 3359 1963 3435 decimo,
2022 3382 2221 3442 quum
2266 3359 2615 3442 Luitpran—

298 3457 426 3519 >dus
483 3456 734 3539 legatus
800 3452 1062 3518 Ottonis
1112 3454 1160 3518 Ι.
1232 3454 1642 3537 Imperatoris
1714 3456 2342 3539 Constantinopolim
2415 3456 2618 3520 venis-

309 3557 407 3615 set
461 3550 545 3634 (a.
590 3552 770 3628 968),
835 3555 910 3613 ut
971 3551 1454 3615 matrimonium
1511 3554 1885 3617 conciliaret
1943 3555 2115 3618 inter
2174 3552 2480 3618 Ottonem
2527 3553 2612 3617 II.

296 3652 375 3711 »et
419 3648 620 3711 filiam
656 3647 952 3724 Romani,
1001 3647 1288 3711 defuncti
1329 3647 1759 3731 ImperatoriS‚
1807 3649 2208 3734 Nicephorus
2258 3651 2617 3733 Imperator

298 3749 377 3809 ·et
423 3745 610 3808 aulici
669 3743 1023 3827 aegerrime
1076 3745 1400 3822 tulerunt,
1464 3746 1637 3829 quod
1699 3747 1768 3810 in
1825 3747 2243 3830 inscriptione
2310 3748 2617 3831 epistolae
2678 3753 2682 3758 ’

295 3841 581 3905 joannis
661 3839 839 3904 XIII.
915 3840 1195 3905 Romani
1280 3841 1609 3905 Pontificis
1690 3840 1848 3907 Otto
1932 3843 2249 3912 diceretur
2334 3843 2616 3927 Impera-

306 3942 410 4002 tor
479 3937 953 4013 Romanorum‚
1031 3936 1430 4020 Nicephorus
1506 3960 1657 4002 vero
1721 3938 2127 4005 Graecorum.
2261 3939 2617 4022 Inscriptio

489 4189 525 4251 1)
562 4188 703 4242 Vide
743 4188 1031 4256 epistolam
1069 4205 1154 4257 ap.
1193 4189 1487 4243 Batonium
1525 4189 1594 4243 ad
1631 4206 1679 4244 a.
1718 4193 1839 4244 871.
1878 4210 1929 4246 n.
1970 4195 2035 4246 51
2074 4209 2186 4261 sqq.
