3270 5028
1007 437 1365 491 Pontificatus
1407 439 1584 518 Sergii
1623 440 1697 492 ΙΙ.
1736 439 1801 492 R.
1838 440 1902 493 P.
2509 442 2614 492 207

301 583 556 678 praeter
617 577 875 641 Italiam
938 580 1154 642 omnia
1216 581 1410 663 juxta
1482 581 1899 659 Rhodanum,
1972 581 2273 644 Rhenum
2347 585 2413 644 et
2480 580 2615 645 Mo·

299 698 464 750 sam,
533 673 895 739 Ludovicus
957 672 1403 754 Germaniam,
1469 676 1735 741 Carolus
1796 631 2027 741 Calvus
2088 677 2411 740 occiduam
2472 699 2616 760 par-

302 776 434 834 tem
511 769 757 835 Galliae
846 769 1132 836 haberet.
1251 772 1353 836 Ita
1429 771 1777 856 Imperium
1856 773 2067 837 Caroli
2137 772 2367 856 Magni
2456 773 2613 836 divi-

301 890 442 932 sum
491 871 616 945 est,
673 889 884 951 neque
941 869 1064 932 nisi
1122 867 1496 933 brevissimo
1551 869 1895 935 intervallo
1953 870 2103 934 dein
2156 871 2371 934 unitas
2429 871 2615 935 resti-

302 968 450 1028 tuta
495 964 636 1027 fuit.

479 1061 581 1124 46.
639 1059 986 1144 Gregorius
1037 1060 1144 1126 IV.
1208 1031 1368 1127 obiit
1430 1063 1530 1127 die
1587 1062 1689 1128 26.
1743 1064 2041 1131 Januarii
2104 1064 2261 1127 anni
2321 1062 2925 1168 844,a080r1{i¹13‚11·

303 1157 480 1220 brevi
542 1161 686 1240 post
747 1157 815 1220 in
879 1158 1256 1224 Pontificem
1316 1160 1562 1229 electus
1627 1166 1727 1224 est
1789 1157 2061 1253 Sergius
2105 1158 2204 1222 ΙΙ.
2267 1160 2615 1242 RomanuS‚

305 1251 370 1317 S.
447 1251 746 1317 Silvestri
824 1240 1350 1338 archipresbyter.
1484 1256 1882 1321 Electionem
1961 1258 2250 1320 turbavit
2333 1257 2638 1341 Joannes

300 1351 641 1426 diaconuS,
708 1350 818 1434 qui
881 1350 1273 1415 Lateranum
1340 1353 1697 1436 occupavit3
1776 1352 1885 1417 sed
1951 1375 2098 1416 mox
2163 1352 2314 1416 inde
2379 1334 2638 1436 ejectus

304 1453 419 1511 est.
522 1445 722 1510 Sicuti
781 1447 1145 1513 inconsulto
1206 1448 1604 1532 Imperatore
1651 1428 1929 1533 Sergius
1991 1444 2231 1519 electus
2293 1454 2460 1525 erat,
2529 1450 2618 1512 ita

305 1550 370 1607 et
417 1547 826 1607 consecratus
868 1548 994 1626 est3
1057 1545 1227 1610 forte
1282 1567 1364 1612 ne
1423 1546 1732 1610 dilatione
1797 1546 2327 1619 admissassnovae
2388 1546 2619 1609 turbae

305 1643 758 1704 excitarentur.
850 1640 973 1704 Sed
1024 1641 1399 1719 Lotharius,
1459 1665 1525 1706 re
1573 1648 1928 1726 comperta,
1976 1664 2383 1728 arguensque
2429 1643 2621 1706 simul

305 1737 660 1817 Romanos,
726 1737 895 1820 quod
951 1737 1019 1801 in
1089 1739 1400 1803 electione
1460 1741 1624 1803 tales
1695 1744 1911 1822 partes
1981 1738 2328 1803 habuerint
2384 1739 2620 1823 quibus

295 1836 406 1918 jus
453 1834 703 1897 nullum
753 1837 951 1909 esset,
1008 1834 1183 1897 misit
1229 1835 1619 1900 Ludovicum
1666 1837 1869 1901 filium
1915 1859 2102 1900 suum
2148 1858 2291 1899 cum
2340 1836 2619 1899 exercitu

306 1946 540 2015 magno
591 1929 983 1994 Francorum
1015 1930 1308 2008 Romam,
1355 1933 1585 1996 comite
1631 1933 1933 2017 Drogone
1982 1933 2275 2016 episcopo
2321 1931 2620 2009 Metensi‚

305 2032 380 2092 ut
440 2027 596 2091 facti
656 2027 972 2091 rationem
1032 2049 1069 2091 a
1126 2028 1433 2093 Romanis
1490 2033 1923 2113 exposcerent.
2027 2028 2309 2113 Sergius
2346 2028 2621 2093 Ludovi·

307 2147 450 2186 cum
511 2145 749 2207 magno
807 2145 947 2188 cum
989 2123 1232 2189 honore
1290 2127 1577 2208 quidem,
1642 2127 1750 2193 sed
1809 2150 2058 2191 summa
2114 2135 2370 2191 servata
2417 2126 2622 2209 digni-

304 2226 441 2286 tate
487 2223 756 2304 recepit,
822 2224 886 2284 et
941 2222 1034 2286 ita
1088 2221 1430 2304 prudentia
1486 2245 1602 2286 sua
1660 2245 1762 2288 res
1817 2223 2079 2301 direxit,
2142 2227 2218 2286 ut
2272 2222 2622 2313 auctoritas

303 2318 640 2383 Pontificis
702 2317 962 2382 omnino
1018 2319 1194 2381 sal-va
1222 2325 1561 2397 ,maneret
1671 2319 2031 2384 Secundum
2090 2319 2420 2384 Anastasii
2482 2342 2625 2382 nar·

306 2415 656 2494 rationem,
716 2437 911 2498 quum
971 2436 1086 2478 rex
1142 2417 1517 2480 solemniter
1573 2417 1653 2480 ad
1702 2415 1763 2481 S.
1808 2415 1994 2480 Petri
2047 2415 2376 2480 basilicam
2433 2415 2622 2479 dedu-

309 2517 450 2577 ctus
511 2517 576 2576 et
632 2512 783 2576 ante
843 2534 980 2575 eam
1040 2535 1078 2576 a
1124 2508 1350 2599 Sergio
1408 2513 1731 2578 salutatus
1788 2518 1986 2592 esset,
2046 2518 2269 2597 postea
2317 2511 2623 2578 Pontifex

309 2631 534 2675 omnes
583 2611 818 2693 januas
883 2608 1179 2674 basilicae
1242 2611 1451 2674 claudi
1511 2612 1837 2695 praecepit
1902 2616 1967 2675 et
2023 2612 2162 2695 regi
2224 2610 2313 2674 sic
2376 2612 2623 2677 locutus

309 2712 433 2771 est:
497 2704 573 2770 Si
626 2725 807 2787 pura
861 2709 1069 2770 mente
1125 2709 1184 2769 et
1241 2705 1497 2771 sincera
1551 2707 1882 2772 voluntate
1940 2712 2000 2771 et
2046 2716 2173 2789 pro
2228 2707 2438 2772 salute
2498 2707 2622 2773 rei-

299 2801 601 2885 publicae
667 2822 742 2866 ac
807 2800 1004 2866 totius
1072 2802 1258 2867 urbis
1328 2807 1389 2867 et
1461 2803 1663 2886 hujus
1726 2804 2019 2869 ecclesiae
2091 2803 2216 2869 huc
2282 2804 2622 2884 advenisti,

308 2899 430 2965 has
474 2918 616 2963 mea
678 2897 1014 2979 inyredere
1057 2900 1313 2983 januas
1343 2900 1682 2982 jussione:
1749 2900 1855 2965 sin
1900 2900 2123 2979 aliter,
2189 2921 2303 2965 nec
2338 2922 2462 2983 per
2506 2922 2621 2981 nze,

310 3016 424 3062 nec
458 3016 583 3078 per
628 3015 836 3059 meam
868 2993 1234 3076 jussionem
1278 2995 1444 3060 istae
1473 2995 1594 3061 tibi
1629 3001 1864 3079 portae
1893 2996 2354 3082 aperimini-st)
2432 2998 2623 3063 Cum-

311 3116 434 3178 que
487 3115 600 3156 rex
656 3090 1115 3174 respondisset,
1174 3114 1240 3155 se
1302 3094 1481 3157 nullo
1536 3096 1822 3178 maligno
1880 3096 2092 3157 animo
2140 3095 2240 3158 vel
2295 3096 2465 3160 malo
2522 3097 2624 3160 in-

308 3190 501 3276 genio
559 3188 922 3263 advenisse,
984 3186 1299 3253 Pontifice
1355 3191 1789 3274 praecipiente
1848 3198 2073 3273 portae
2132 3195 2392 3273 apertae
2449 3198 2623 3276 sunt,

311 3292 375 3352 et
431 3287 827 3351 acclamante
887 3284 1055 3348 clero
1114 3289 1179 3347 et
1234 3287 1470 3368 populo
1528 3309 1640 3350 rex
1694 3289 1762 3350 in
1811 3288 2143 3353 ecclesiam
2190 3286 2255 3351 S.
2303 3287 2479 3352 Petri
2528 3291 2624 3354 in-

310 3404 566 3469 gressus
630 3385 747 3445 est.
856 3379 1194 3444 Dominica
1254 3404 1404 3447 vero
1465 3388 1805 3467 sequente,
1874 3384 1975 3449 die
2043 3385 2148 3447 15a
2191 3385 2403 3463 Jnnii,
2473 3386 2622 3452 Ser-

309 3480 453 3563 gius
520 3478 913 3542 Ludovicum
977 3478 1047 3541 in
1121 3499 1336 3562 regem
1404 3477 1634 3544 Italiae
1702 3502 1811 3545 seu
1876 3479 2370 3564 Longobardiae
2433 3486 2626 3548 unxit

310 3580 376 3641 et
423 3576 773 3641 coronavit.
868 3573 1095 3638 Refert
1145 3597 1333 3657 porro
1380 3575 1792 3653 Anastasius,
1851 3576 2133 3642 Francos
2181 3600 2219 3641 a
2265 3577 2493 3662 Sergio
2538 3581 2622 3646 ΙΙ.

311 3673 694 3757 postulasse,
771 3678 843 3734 ut
905 3693 1124 3736 omnes
1183 3672 1488 3755 primates
1552 3673 1827 3744 Romani
1885 3674 2260 3738 fidelitatem
2318 3675 2438 3758 ipsi
2502 3677 2625 3741 Lu-

313 3769 533 3834 dovico
593 3768 735 3850 regi
798 3789 910 3850 per
971 3775 1374 3833 sacramenta
1437 3770 1908 3853 promitterent.
2017 3768 2202 3848 Quod
2245 3770 2624 3861 prudentiss

312 3864 521 3935 simus
590 3862 906 3945 Pontifex
978 3862 1125 3943 fieri
1197 3884 1607 3946 nequaquam
1682 3864 2014 3948 concessit,
2090 3866 2199 3930 sed
2273 3866 2367 3931 sic
2437 3890 2626 3935 orsus

313 3966 407 4030 est
451 3960 622 4026 illis:
686 3959 856 4039 Quia
914 3958 973 4024 si
1030 3959 1228 4025 vultis
1286 3960 1518 4027 domno
1566 3961 1888 4027 Lothario
1945 3982 2181 4045 maqno
2228 3963 2625 4047 Imperatori

494 4166 537 4233 1)
572 4167 706 4221 Vita
743 4168 922 4237 Sergii
958 4168 1035 4223 ΙΙ.
1077 4185 1118 4221 c.
1161 4171 1242 4222 11.
