3270 5028
912 429 1171 484 Elevatio
1207 429 1392 496 Pipini
1427 429 1485 482 in
1522 444 1710 497 regem
1746 428 2092 506 Francorum.
2191 398 2214 418 ⁶
2558 434 2690 505 123·

350 594 600 636 marum
664 572 880 655 paucis
946 576 1092 655 post
1154 568 1437 650 annis31)
1509 572 1647 655 ejus
1713 576 1927 635 autem
1999 572 2163 635 filius
2233 572 2661 637 Theodericus

351 667 892 740 oblivionidatus
948 668 1192 750 pariter
1238 688 1444 732 annos
1501 668 1672 731 vitae
1726 689 1879 732 suae
1926 668 1994 731 in
2052 670 2442 733 monasterio
2489 669 2658 734 Fon·

351 765 692 829 tenellensi
741 761 1135 849 transegit.2)

525 879 630 943 48.
678 877 869 943 Modo
916 880 1133 962 paucis
1167 900 1241 941 ea
1273 899 1857 954 commemoremus,
1908 900 2073 962 quae
2123 902 2161 942 a
2208 877 2541 962 Stephano
2575 856 2669 943 11!
2730 854 2942 987 &gaggis

350 974 428 1038 ad
475 974 775 1057 Pipinum
830 977 900 1039 in
944 974 1221 1038 Galliam
1279 975 1562 1057 profecto
1617 979 1877 1058 peracta
1932 982 2103 1039 sunt.
2152 1011 2239 1019 —
2267 974 2485 1061 *Papia
2530 997 2659 1039 mo·
2895 967 2905 978 ’

350 1092 505 1134 vens
569 1074 634 1135 et
696 1071 1024 1135 celerrime
1088 1072 1169 1136 ob
1233 1075 1471 1134 metum
1535 1070 1865 1152 Aistulphi
1931 1093 2115 1135 suum
2183 1072 2251 1134 in
2320 1070 2657 1134 Franciam

350 1188 740 1251 prosequens
814 1169 970 1252 iter,
1047 1168 1339 1251 pervenit
1414 1167 1492 1230 ad
1573 1166 1967 1251 Agaunense
2045 1189 2158 1231 seu
2234 1166 2298 1232 S.
2368 1166 2660 1231 Mauritii

350 1265 812 1329 monasterium
857 1264 928 1328 in
974 1263 1354 1348 Burgundia
1399 1265 1627 1342 situm,
1691 1263 1910 1347 ibique
1956 1264 2204 1347 aliquot
2248 1264 2471 1327 diebus
2518 1285 2659 1326 ver-

348 1364 523 1425 satus
570 1367 683 1424 est.
767 1361 870 1426 Ad
915 1361 1075 1425 illud
1121 1362 1581 1425 monasterium
1629 1361 2021 1443 appulerunt
2070 1382 2107 1423 a
2153 1360 2387 1443 Pipino
2434 1359 2660 1424 directi

350 1455 664 1522 Fulradus
705 1457 1058 1541 presbyter,
1103 1457 1647 1540 archicapellanus
1689 1456 1940 1531 Palatii,
1990 1460 2055 1520 et
2086 1456 2455 1520 Rothardus
2488 1456 2660 1532 Dux,

347 1557 641 1637 petentes
689 1552 977 1618 eumdem
1009 1550 1389 1632 Pontificem
1437 1551 1523 1616 ad
1566 1572 1760 1617 suum
1799 1551 2113 1635 proyredi
2152 1572 2378 1635 reyem.
2456 1550 2658 1631 Quem

347 1647 419 1713 in
466 1668 701 1731 maqno
756 1648 996 1715 honore
1049 1669 1193 1713 cum
1249 1647 1546 1715 omnibus
1602 1647 1717 1730 qui
1773 1668 1918 1712 cum
1973 1669 2043 1712 eo
2088 1652 2305 1727 erant,
2370 1647 2457 1712 ad
2512 1668 2658 1713 eum

345 1744 770 1811 deduxerunt.
827 1746 1084 1829 (Anast.
1135 1745 1332 1817 Bibl.)
1425 1747 1630 1830 Prope
1675 1745 1954 1811 Parisios
2010 1746 2092 1809 ad
2149 1747 2392 1828 regiam
2439 1747 2658 1810 villam

348 1842 778 1926 Pontigonem
835 1838 1219 1923 (Ponthion)
1277 1863 1386 1905 rex
1443 1842 1822 1906 Pontificem
1884 1843 2148 1906 summis
2204 1864 2346 1904 cum
2400 1841 2658 1905 honori·

345 1940 465 2003 bus
521 1940 766 2023 recepit
820 1940 985 2004 festo
1033 1937 1434 2022 Epiphaniae
1488 1940 1646 2002 anni
1698 1939 1840 2002 754.
1931 1937 2092 2001 Mox
2153 1936 2322 2001 idem
2371 1935 2660 2001 beatissi-

345 2054 492 2099 mus
553 2033 770 2116 Papa,
826 2036 1046 2100 scribit
1109 2040 1333 2100 auctor
1392 2034 1573 2098 Vitae
1632 2031 1950 2115 Stephani
2004 2035 2173 2116 apud
2243 2036 2656 2099 Anastasium

344 2132 542 2209 Bibl„
591 2131 1005 2214 praedictum
1052 2129 1676 2195 christianissimum
1729 2150 1942 2212 reyem
2000 2129 2511 2211 lacrymabiliter
2555 2130 2658 2194 de-

333 2232 644 2311 precatus
690 2233 808 2307 est,
868 2232 944 2292 ut
996 2248 1121 2310 per
1169 2227 1358 2309 pacis
1416 2227 1681 2310 foedera
1735 2246 2002 2292 causam
2051 2225 2135 2292 B.
2179 2226 2365 2291 Petri
2418 2231 2478 2290 et
2530 2227 2656 2290 rei-

334 2323 638 2407 publicae
664 2325 1118 2389 Romanorum
1149 2323 1530 2406 disponeret.
1581 2323 1711 2404 Qui
1741 2323 1817 2388 de
1844 2323 2180 2406 praesenti
2210 2324 2661 2407 jurejurando

344 2420 546 2485 eidem
593 2419 957 2486 beatissimo
1005 2422 1228 2504 Papae
1273 2420 1615 2503 satisfecit,
1674 2420 1972 2486 omnibus
2024 2421 2355 2485 mandatis
2410 2421 2549 2503 ejus
2597 2425 2662 2485 et

345 2518 900 2585 admonitionibus
942 2539 1074 2583 sese
1130 2518 1283 2583 totis
1325 2518 1580 2584 nisibus
1635 2517 1914 2596 obedire,
1976 2523 2035 2583 et
2080 2523 2157 2583 ut
2193 2518 2296 2583 illi
2338 2518 2657 2601 placitum

341 2617 580 2700 fuerit,
644 2616 1068 2681 exarchatum
1124 2616 1511 2693 Ravennae,
1567 2619 1628 2679 et
1688 2614 2079 2696 reipublicae
2120 2616 2289 2698 y‘ura
2345 2636 2459 2681 seu
2516 2615 2652 2680 loca

345 2713 606 2778 reddere
659 2714 866 2778 modis
920 2712 1233 2778 omnibus.
1246 2710 1296 2791 3)
1398 2711 1524 2777 Sed
1573 2712 1731 2794 quia
1790 2716 2040 2794 tempus
2098 2711 2477 2777 imminebat
2522 2711 2656 2776 hie-

345 2809 528 2889 male,
573 2809 862 2875 eumdem
907 2808 1392 2873 sanctissimum
1439 2808 1695 2892 Papam
1742 2828 1883 2873 cum
1926 2808 2067 2873 suis
2113 2808 2410 2874 omnibus
2455 2807 2652 2873 Pari-

346 2905 474 2969 sios
531 2906 709 2989 apud
766 2904 1128 2971 venerabile
1182 2905 1651 2971 monasterium
1708 2905 1791 2969 B.
1843 2904 2157 2987 Dionysii
2215 2905 2300 2969 ad
2353 2903 2657 2969 habitan·

345 3002 496 3068 dum
532 3023 802 3086 peryere
848 3002 1106 3068 curavit
1153 3000 1261 3087 (al.
1307 3001 1608 3085 royavit).

519 3211 559 3275 ¹)
613 3212 923 3281 „Secundae
973 3211 1342 3266 coronationis
1391 3211 1573 3279 Pipini
1637 3217 1878 3279 tempore
1938 3226 2036 3265 rex
2094 3209 2407 3264 Hildericus
2470 3225 2657 3264 mona·

347 3291 479 3345 chus
515 3290 678 3359 hujus
717 3291 981 3345 ecclesiae
1023 3289 1210 3344 obiit.“
1278 3290 1473 3344 chron,
1500 3290 1722 3359 Imperii
1766 3291 1962 3358 fragm.
1992 3289 2245 3345 Labbeus
2276 3289 2662 3358 „Miscellanea

343 3368 612 3435 curiosa“‚
649 3386 734 3437 ap.
770 3370 1024 3437 Bouquet
1059 3368 1125 3421 V.
1156 3371 1276 3422 187.
1313 3399 1381 3405 -
1419 3370 1484 3423 V.
1524 3369 1868 3437 Alberdingk
1897 3370 2091 3437 Thym,
2128 3368 2299 3423 Karel
2338 3369 2403 3423 de
2432 3369 2656 3434 Groote,

343 3464 396 3516 p.
436 3451 539 3501 144
572 3466 624 3502 n.
668 3452 714 3502 1.

522 3525 563 3593 ²)
619 3528 725 3593 „Et
761 3525 1077 3581 Hildericus
1116 3542 1239 3593 rex,
1289 3527 1734 3595 Merovingorum
1783 3544 1848 3583 ex
1898 3543 2099 3595 genere
2137 3532 2318 3590 ortus,
2372 3527 2660 3595 depositus

343 3611 642 3673 tonsusque
682 3622 745 3659 ac
783 3607 842 3659 in
877 3607 1210 3661 monasterio
1257 3607 1437 3660 sancti
1473 3606 1775 3661 Andomari
1824 3607 1966 3673 quod
2011 3605 2213 3660 dicitur
2250 3606 2431 3660 Sithin
2469 3613 2660 3660 trusus

345 3691 445 3739 est.
521 3684 688 3753 Cujus
725 3684 887 3751 filius,
926 3686 1140 3740 nomine
1179 3685 1574 3751 Theodericus,
1612 3686 1671 3739 in
1707 3687 1810 3739 hoc
1848 3685 2184 3748 monasterio
2223 3700 2364 3738 anno
2403 3685 2653 3753 sequenti

345 3762 574 3817 clericus
610 3763 788 3818 factus
826 3764 1124 3818 collocatus
1165 3763 1298 3819 est.“
1377 3764 1546 3819 Gesta
1586 3764 1784 3818 Abbat.
1823 3763 2110 3818 Fontanel.
2151 3780 2237 3832 ap.
2275 3764 2469 3830 Pertz,
2506 3765 2657 3819 Mon.

346 3840 526 3895 Germ.
564 3842 639 3895 ΙΙ.
676 3845 797 3896 289.

523 3918 567 3986 ⁸)
616 3921 829 3975 Passim
879 3921 1261 3988 expressiones
1306 3920 1463 3975 illae:
1521 3919 1847 3988 respublica,
1907 3920 2208 3989 respublica
2258 3921 2653 3986 Romanorum,

342 3996 668 4067 reipublicae
693 4002 832 4069 Jura
867 4001 948 4054 vel
983 4000 1118 4065 loca,
1167 4004 1456 4053 occurrunt
1500 3999 1558 4052 in
1596 3999 1934 4053 documentis
1982 4016 2118 4067 quae
2166 4005 2421 4068 spectant
2464 4016 2549 4055 res
2598 4007 2654 4054 et

342 4081 588 4145 tempora
617 4080 684 4134 de
713 4080 904 4146 quibus
932 4079 1162 4147 agimus,
1199 4079 1500 4147 Designari
1526 4093 1807 4132 censemus
1832 4077 2155 4147 reipublicae
2181 4093 2316 4133 voce
2340 4082 2508 4133 totam
2524 4096 2659 4149 pro—
2690 4073 2712 4144 K

341 4154 579 4211 vinciam
622 4158 852 4225 Italiae,
904 4173 1038 4225 quae
1089 4158 1188 4211 sub
1226 4157 1460 4226 Imperio
1508 4157 1762 4212 orientali
1810 4156 2007 4212 fuerat.
2081 4157 2255 4223 Quum
2302 4159 2367 4211 ab
2413 4158 2654 4225 Impera·
