3270 5028
1085 428 1337 498 Gregorii
1375 429 1448 482 II.
1486 430 1550 482 R.
1589 430 1651 483 P.
1692 436 1870 498 gesta.
2219 388 2225 394 ·
2571 433 2640 484 29

330 568 490 634 liam
535 589 783 634 necnon
815 573 877 633 et
907 568 1127 633 omnia
1174 573 1309 634 tam
1338 568 1732 652 reipublicae
1769 590 1964 652 quam
2011 570 2438 635 ecclesiastica
2471 570 2643 652 jura
2727 570 2737 586 ‘

328 665 405 731 in
451 664 793 747 Hesperiis
849 665 929 729 ab
988 664 1349 729 obedientia
1394 665 1638 731 Leonis
1696 672 1756 731 et
1808 666 2084 750 Imperii
2142 665 2258 731 sub
2313 666 2453 749 ipso
2499 688 2641 732 con-

330 761 570 827 stituti.
617 812 634 827 .
684 812 697 826 .
747 812 760 825 .
818 761 993 827 Sane
1043 761 1405 843 Greyorias
1458 763 1911 829 sanctissimus
1955 763 2237 829 Praesul
2280 763 2643 843 Romanas,

332 857 868 940 quemadmodum
907 857 1234 941 praedixi,
1284 859 1718 924 Anastasium
1751 880 1890 925 una
1938 880 2082 925 cam
2121 859 2352 925 libellis
2394 859 2643 942 abjecit,

334 955 615 1020 Leonem
653 975 778 1038 per
818 954 1122 1038 epistolas
1165 958 1482 1035 tanquam
1525 956 1724 1039 impie
1770 961 2062 1039 aqentem
2109 956 2527 1040 redarquens,
2585 960 2644 1020 et

334 1051 668 1116 Romanos
713 1071 858 1115 cam
905 1055 1040 1116 tota
1086 1050 1296 1116 Italia
1357 1051 1436 1116 ab
1482 1052 1668 1117 illius
1712 1052 1986 1136 imperio
2031 1053 2318 1118 recedere
2356 1052 2639 1135 faciens.

333 1147 690 1213 Insaniens
747 1168 896 1232 erqo
956 1152 1284 1230 tyrannus
1339 1154 1567 1214 contra
1625 1149 2022 1215 venerabiles
2064 1149 2386 1233 imaqines
2433 1169 2645 1232 perse-

333 1244 656 1310 cutionem
705 1244 989 1309 tetendit.
1065 1244 1276 1310 Porro
1321 1245 1514 1310 multi
1545 1246 1761 1311 clerici
1807 1251 1866 1311 et
1911 1245 2212 1311 monachi
2256 1250 2318 1310 et
2359 1245 2650 1329 reliqiosi

333 1340 466 1405 viri
489 1362 628 1424 .pro
674 1344 846 1405 recto
881 1339 1246 1423 periclitati
1284 1346 1440 1406 sunt
1478 1341 1685 1407 verbe.
1736 1380 1818 1389 —
1867 1341 1993 1408 Sed
2039 1344 2232 1407 sicuti
2275 1344 2460 1427 plura
2501 1345 2646 1417 alia,

335 1440 533 1503 etiam
579 1439 737 1504 haec
782 1461 860 1502 ex
907 1438 1302 1521 Theophane
1354 1440 1693 1523 desumpta
1750 1461 1889 1504 esse
1940 1440 2168 1503 merito
2225 1437 2648 1520 censentur.¹)

334 1535 514 1600 Idem
576 1558 766 1619 porro
823 1535 1159 1599 dicendum
1224 1542 1322 1599 est
1384 1536 1461 1600 de
1507 1537 1651 1600 aliis
1695 1535 2117 1619 scriptoribus
2166 1536 2410 1611 latinis,
2474 1537 2647 1600 vide-

332 1634 483 1697 licet
537 1632 615 1695 de
673 1630 1007 1716 Sigeberto
1066 1630 1545 1715 Gemblacensi‚
1603 1632 1882 1717 Hugon‘e
1939 1639 2005 1696 et
2062 1631 2476 1711 Ekkehardo,
2537 1634 2650 1717 qui

335 1729 592 1794 saeculo
641 1727 754 1794 XI.
811 1728 1168 1792 floruerunt
1226 1736 1292 1793 et
1349 1730 1417 1793 in
1474 1731 1606 1794 suis
1664 1729 1995 1794 Chronicis
2050 1729 2284 1793 similia
2333 1730 2646 1795 referunt.

336 1824 525 1889 Unde
573 1822 637 1889 S.
685 1823 1099 1907 Theophanis
1144 1826 1517 1891 testimonio
1562 1826 1818 1890 demum
1880 1847 1956 1889 ea
2009 1827 2339 1890 sententia
2394 1826 2650 1903 nititur,

337 1943 534 2005 quam
581 1920 899 1984 Batonius
948 1919 1185 2005 aliique
1232 1927 1525 1987 auctores
1572 1924 1755 1988 citati
1801 1927 2048 1988 tenent.

515 2070 619 2132 32.
677 2067 799 2143 Qui
852 2069 1177 2152 oppositae
1240 2070 1606 2134 sententiae·
1659 2069 2136 2154 adstipulantur
2179 2070 2370 2135 variis
2425 2072 2652 2136 nitun-
2687 2101 2844 2144 Aue„
2870 2114 2963 2143 m-

338 2171 448 2230 tur
493 2165 885 2242 rationibus,
948 2186 1216 2248 quarum
1263 2166 1428 2229 aliae
1485 2167 1874 2230 infirmiores
1931 2166 2186 2249 quidem
2241 2172 2426 2248 sunt,
2489 2169 2652 2232 aliae
2751 2164 2900 2205 tenti&

338 2266 553 2326 autem
603 2261 761 2325 satis
816 2262 1055 2326 solidae
1109 2283 1243 2326 esse
1287 2262 1607 2327 videntur.
1698 2262 1950 2326 Natalis
1999 2261 2392 2340 Alexander,
2455 2286 2654 2347 quum

338 2380 458 2422 nec
526 2357 830 2421 directam
898 2379 1018 2422 nec
1082 2358 1460 2422 indirectam
1529 2362 1916 2442 potestatem
1987 2359 2425 2424 Romanorum
2489 2361 2653 2425 Pon-

338 2454 586 2519 tificum
661 2454 733 2519 in
795 2476 897 2519 res
961 2455 1346 2538 temporales
1413 2455 1747 2537 admittat,
1814 2456 2082 2540 probare
2146 2457 2389 2535 studet,
2458 2459 2654 2523 talem

340 2551 572 2637 agendi
641 2552 960 2616 rationem
1025 2573 1190 2636 quae
1256 2551 1564 2636 Gregorio
1628 2575 1667 2616 a
1729 2555 1975 2637 graecis
2039 2554 2404 2619 auctoribus
2473 2556 2655 2619 attri-

341 2650 592 2726 buitur,
655 2648 986 2713 doctrinae
1048 2647 1405 2713 catholicae
1462 2646 1944 2733 Scripturarum
2002 2655 2067 2713 et
2111 2649 2505 2716 Traditionis
2559 2674 2657 2717 re-

341 2766 663 2829 pugnare,
742 2745 1024 2829 adeoque
1086 2745 1155 2808 in
1222 2744 1536 2810 Pontifice
1601 2745 1860 2829 egregio
1923 2746 2197 2829 supponi
2260 2769 2394 2811 non
2458 2770 2657 2832 posse.

342 2842 553 2916 Quum
597 2841 792 2926 hujus
838 2843 960 2906 loci
1002 2863 1136 2906 non
1182 2842 1267 2906 sit
1311 2846 1593 2906 tractare
1642 2842 1719 2906 de
1766 2844 2150 2908 auctoritate
2181 2842 2458 2908 Romani
2486 2845 2655 2908 Pon·
2689 2859 2971 2912 Expenditur-

341 2938 553 3015 tificis,
597 2938 758 3002 haec
803 2939 1001 3002 fusius
1045 2938 1332 3002 refutare
1377 2961 1509 3003 non
1557 2943 1764 3003 vacat.
1846 2937 2140 3003 Sufficiat
2186 2945 2407 3003 tamen
2455 2942 2658 3004 anim-

343 3033 706 3112 advertere,
782 3036 921 3118 jam
997 3057 1034 3097 a
1110 3031 1175 3098 S.
1239 3032 1555 3118 Gregorio
1620 3034 1708 3099 M.
1781 3036 1850 3099 in
1918 3035 2112 3098 variis
2184 3035 2658 3119 diplomatibus,

343 3151 509 3213 quae
542 3127 978 3196 'xenodochiis
1024 3135 1104 3194 *et
1157 3132 1441 3196 ecclesiis
1490 3130 1741 3195 Galliae
1798 3131 2141 3208 concessit,
2200 3153 2439 3216 poenas
2493 3138 2657 3198 tem-

524 3363 565 3429 1)
603 3363 691 3416 Ad
730 3360 1034 3418 Historiam
1069 3365 1370 3420 Miscellam
1418 3367 1561 3432 quod
1605 3366 1810 3421 attinet
1856 3365 2049 3420 scribit
2092 3367 2150 3421 C.
2188 3367 2271 3421 De
2309 3367 2521 3434 Smedt‚
2573 3369 2661 3422 In-

344 3442 608 3496 troductio
652 3459 771 3511 qen.
824 3443 895 3497 ad
931 3444 1146 3499 Histor.
1198 3445 1363 3498 eccles.
1407 3462 1466 3514 p.
1505 3447 1603 3498 86.·
1657 3444 1772 3512 „De
1819 3445 1993 3513 gestis
2039 3445 2522 3515 Longobardorum
2571 3463 2659 3502 ex·

343 3526 522 3575 tremo
562 3522 782 3576 saeculo
822 3522 977 3575 VIII.
1018 3523 1242 3591 scripsit
1277 3523 1479 3577 Paulus
1515 3522 1885 3590 warnefridi,
1937 3523 2028 3591 qui
2065 3529 2123 3579 et
2158 3525 2435 3579 Diaconus
2472 3527 2661 3580 vocari

346 3600 512 3663 solet,
558 3605 727 3669 gente
777 3601 1202 3670 Longobardus‚
1261 3601 1351 3670 qui
1402 3608 1457 3657 et
1507 3602 1626 3669 ipse
1680 3606 1965 3668 praeterea
2011 3603 2312 3657 Historiam
2361 3605 2661 3660 Romanam

346 3679 631 3734 contexuit
667 3678 820 3733 libris
860 3680 1149 3748 sexdecim,
1187 3697 1415 3749 quorum
1440 3687 1625 3735 tamen
1665 3681 1849 3736 decem
1875 3682 2084 3749 priores
2111 3699 2179 3737 ex
2203 3683 2460 3751 Eutropii
2497 3700 2660 3752 opere

346 3757 657 3825 excerpsit,
708 3773 806 3813 sex
843 3766 1130 3826 sequentes
1168 3775 1299 3814 vero
1349 3777 1382 3814 a
1429 3765 1677 3827 tempore
1714 3758 2093 3815 Valentiniani
2144 3761 2397 3816 exaravit
2443 3763 2660 3829 proprio

346 3841 550 3889 marte:
597 3851 663 3889 ex
713 3835 800 3890 his
846 3837 1069 3891 videtur
1115 3838 1365 3892 confecta
1412 3837 1635 3893 ineunte
1688 3839 1903 3893 saeculo
1951 3839 2047 3892 IX.
2108 3855 2245 3907 quae
2296 3840 2394 3894 sub
2445 3840 2661 3894 nomine

347 3913 509 3968 Pauli
545 3913 725 3968 fertur
762 3915 1020 3970 Historia
1055 3915 1325 3982 Miscella‚
1375 3933 1408 3970 a
1444 3918 1675 3985 quodam
1712 3916 1805 3983 qui
1839 3916 1897 3970 in
1934 3933 2033 3971 ms.
2073 3917 2275 3976 Codice,
2305 3918 2661 3987 Landulphus

348 3992 534 4061 Sagax
575 3992 777 4047 dicitur
815 4001 872 4048 et
911 4000 1034 4048 octo
1080 3994 1249 4049 libros
1298 3994 1384 4049 illi
1422 3995 1651 4064 adjecit,
1700 3994 2068 4050 narrationem
2109 4011 2288 4050 rerum
2337 4004 2661 4065 prosecutus

347 4085 520 4139 usque
561 4071 628 4124 ad
667 4087 868 4125 annum
905 4072 1057 4126 813.“
1115 4103 1182 4111 —
1221 4073 1326 4128 Sed
1364 4074 1460 4127 alii
1497 4074 1662 4127 etiam
1701 4074 1874 4129 serius
1914 4075 2348 4143 compilationem
2385 4075 2661 4131 Historiae

348 4149 627 4205 Miscellae
664 4150 868 4206 factam
910 4167 1027 4206 esse
1066 4151 1401 4206 existimant.
