3270 5028
867 440 1124 495 Elevatio
1161 439 1346 507 Pipini
1380 440 1438 493 in
1474 455 1663 509 regem
1698 440 2041 495 Francorum.
2511 440 2613 492 109

309 581 522 666 Hujus
568 581 821 647 itineris
861 582 1215 646 felicissimi
1244 582 1514 646 fuerunt
1556 581 1823 647 fructus.
1901 579 2067 645 Nam
2111 580 2370 644 auxiliis
2409 580 2615 664 pipini

310 700 381 743 ac
425 678 572 742 dein
620 677 831 744 Caroli
879 678 965 765 Μ.
1014 677 1584 763 Longobardorum
1632 681 1919 762 potestas
1963 698 2279 762 repressa,
2327 677 2616 741 demum-

310 795 435 858 que
495 775 777 840 contrita
837 781 965 850 661;
1028 775 1421 858 principatus
1475 796 1664 841 vero
1681 775 1894 841 civilis
1933 773 2230 841 Romani
2282 772 2666 849 Pontifici&-

311 871 577 936 firmiter
620 871 1034 953 constitutus.
1108 871 1226 935 Isti
1275 892 1425 935 vero
1471 871 1792 954 principes
1822 876 2011 954 grato
2055 870 2273 935 animo
2306 869 2616 935 Romanis

312 948 728 1033 Pontificibus
773 968 1058 1033 devincti
1090 972 1295 1042 erant.
1344 989 1419 1032 eo
1464 968 1680 1052 quod
1661 991 1732 1032 111
1780 967 2167 1052 acquirenda
2203 971 2269 1031 et
2300 967 2614 1031 firmanda
2695 987 2780 1072 ᾔ

307 1065 485 1148 regia
539 1061 857 1149 dignitate
912 1065 1085 1130 hisce
1139 1065 1417 1128 multum
1469 1064 1800 1129 deberent.
1902 1064 2118 1147 Atque
2179 1068 2612 1147 opportunum

308 1161 431 1225 erit
474 1161 760 1226 hocloco
805 1162 1026 1245 paucis
1056 1182 1247 1246 agere
1292 1160 1371 1225 de
1412 1161 1539 1226 isto
1583 1161 1655 1225 in
1687 1182 1887 1245 regno
1919 1159 2311 1224 Francorum
2358 1165 2614 1236 eventu,

306 1257 417 1341 qui
465 1279 605 1322 cum
663 1259 1134 1323 constitutione
1190 1258 1586 1341 principatus
1644 1258 1847 1322 civilis
1895 1256 2334 1321 Romanorum
2382 1256 2613 1320 Ponti-

306 1353 493 1417 ficum
537 1355 931 1419 intimiorem
976 1354 1209 1419 habuit
1255 1354 1742 1419 connexionem.

1402 1646 1501 1715 11.

441 1772 581 1835 De
639 1770 1204 1836 elevatione
1260 1769 1625 1848 Pipini
1679 1770 1790 1833 in
1851 1770 2475 1835 Francorum

1285 1881 1640 1948 reyem.

479 2021 584 2084 32.
628 2020 959 2085 Mediante
1006 2021 1259 2086 saeculo
1305 2026 1531 2086 octavo
1576 2021 1687 2085 ille
1743 2021 1973 2086 accidit
2027 2024 2254 2086 summi
2302 2025 2611 2088 momenti

300 2119 368 2182 in
423 2138 625 2202 regno
672 2117 1067 2183 Francorum
1125 2122 1422 2195 eventus,
1486 2121 1561 2181 ut
1615 2118 1912 2182 abdicata
1968 2120 2239 2204 antiqua
2286 2120 2608 2185 Merovin—

301 2236 530 2300 gorum
575 2215 774 2296 stirpe
815 2215 1103 2301 inm-regni
1152 2215 1384 2279 solium
1432 2216 1796 2279 elevaretur
1823 2212 2134 2301 Pipinug„
2175 2218 2286 2300 qui
2334 2239 2611 2301 eousque
2665 2282 2668 2285 .

306 2310 768 2394 Majordomu8‚
831 2331 946 2374 seu
1002 2310 1130 2374 dux
1190 2315 1256 2374 et
1314 2312 1609 2393 princeps
1670 2310 2059 2376 Francorum
2118 2313 2378 2377 nomine
2440 2315 2606 2398 regis

300 2406 640 2472 Childerici
675 2406 793 2470 III.
843 2407 1074 2471 fuerat.
1155 2406 1436 2471 Romani
1467 2406 1819 2471 Pontifices
1850 2430 1969 2472 sua
1999 2410 2383 2474 auctoritate
2414 2415 2609 2495 atque

297 2504 779 2569 interventione
824 2502 1041 2588 Pipini
1088 2525 1360 2589 regnum
1406 2504 1679 2568 firmiter
1723 2503 2166 2584 stabilierunt,
2223 2511 2420 2592 atque
2459 2505 2609 2572 inde

298 2602 470 2685 grati
516 2601 713 2665 animi
746 2600 1032 2664 debitum
1063 2600 1299 2685 Pipino
1346 2601 1611 2685 ejusque
1647 2603 2114 2667 successoribus
2145 2605 2608 2687 imposuerunt,

298 2698 392 2762 ita
436 2702 510 2762 111
543 2699 695 2782 jure
745 2697 1093 2762 subsidium
1148 2697 1217 2761 in
1275 2702 1638 2780 temporum
1695 2698 1965 2763 istorum
2022 2701 2338 2784 angustiis
2395 2701 2475 2765 ab
2531 2700 2607 2764 iis

299 2793 518 2877 petere
578 2801 861 2878 possent.
962 2793 1295 2878 Ejusmodi
1356 2815 1506 2858 vero
1566 2794 1806 2858 auxilia
1860 2795 1928 2858 hi
1989 2818 2211 2880 reapse
2269 2798 2607 2880 praestite-

296 2894 474 2968 runt,
522 2912 830 2975 suamque
876 2912 1133 2974 operam
1180 2891 1613 2967 contulerunt,
1662 2895 1735 2955 ut
1781 2890 2167 2956 Pontificum
2212 2894 2608 2977 principatus

212 3062 217 3066 q
298 2986 500 3050 civilis
563 2987 944 3053 firmaretur.
1049 2988 1277 3052 Paucis
1341 3009 1416 3052 ea
1478 3009 1642 3071 quae
1702 2987 1828 3051 ista
1880 2989 1949 3052 in
2014 3010 2082 3052 re
2142 2987 2479 3054 Zacharias
2540 2996 2606 3054 et

299 3080 666 3166 Stephanus
736 3084 1031 3149 fecerunt
1091 3084 1625 3168 perstringemus,
1697 3083 2015 3166 simulque
2088 3107 2195 3149 eas
2258 3091 2603 3172 tangemus

299 3306 564 3345 annorum
599 3291 879 3358 periodum
916 3293 1388 3360 retrogrediamur
1436 3294 1505 3347 ad
1544 3293 1776 3360 primum
1816 3306 1974 3346 aerae
2018 3291 2352 3348 christianae
2391 3310 2604 3364 annum,

263 3413 277 3414 ἶ
300 3370 554 3439 congruit
590 3370 685 3424 ille
725 3388 843 3425 cum
880 3374 1073 3439 quarto
1109 3389 1252 3426 anno
1291 3371 1614 3426 Indictionis
1649 3369 1983 3444 Pontificiae.
2056 3371 2213 3425 Unde
2258 3373 2398 3426 hanc
2444 3374 2606 3430 habe·
2655 3441 2660 3448 ἱ

297 3465 416 3502 mus
452 3450 720 3504 rationem
755 3451 1081 3505 Indictionis
1118 3450 1501 3506 inveniendae:
1549 3449 1791 3519 cujusvis
1831 3465 2095 3503 annorum
2133 3450 2338 3506 Christi
2385 3470 2604 3509 numero

297 3528 572 3583 adduntur
608 3531 659 3594 3,
696 3528 1078 3597 dividaturque
1114 3546 1322 3584 summa
1358 3545 1457 3598 per
1496 3531 1585 3596 153
1633 3528 1678 3581 si
1717 3532 1939 3595 praeter
1975 3529 2310 3596 quotientem
2347 3531 2486 3584 nihil
2522 3538 2606 3586 est
2685 3545 2694 3550 ·

295 3606 509 3673 reliqui,
548 3622 720 3661 annus
759 3606 1085 3663 Indictionis
1125 3615 1212 3662 est
1252 3611 1342 3677 153
1397 3608 1444 3662 si
1481 3607 1723 3674 reliquus
1760 3607 1834 3660 sit
1869 3623 2147 3674 numerus,
2193 3608 2241 3662 is
2280 3625 2479 3663 annum
2515 3611 2604 3664 In-

296 3686 555 3740 dictionis
599 3686 878 3740 indicabit.
925 3717 994 3724 —
1043 3686 1133 3741 Sic
1178 3688 1424 3754 superius
1473 3687 1746 3756 agebatur
1792 3687 1858 3740 de
1905 3702 2046 3741 anno
2092 3691 2219 3755 7533
2272 3689 2320 3742 si
2366 3690 2535 3743 addas
2572 3693 2605 3743 3

295 3765 523 3820 habebis
564 3767 691 3830 756,
738 3781 945 3818 summa
982 3766 1215 3820 collecta
1251 3765 1529 3820 dividatur
1571 3781 1674 3834 per
1712 3768 1803 3834 15,
1850 3766 2147 3834 prodibunt
2185 3767 2329 3821 ultra
2365 3769 2608 3836 quotien-

295 3846 515 3915 tem.50
552 3845 728 3898 adhuc
766 3846 816 3909 6,
854 3859 991 3910 quae
1029 3846 1254 3912 proinde
1293 3845 1590 3915 designant
1627 3844 1784 3898 illum
1819 3862 2018 3899 annum
2056 3862 2177 3901 6666
2215 3853 2429 3901 sextum
2467 3848 2601 3916 cycli

294 3923 624 3978 Indictionis
663 3923 955 3977 Romanae.
1020 3924 1124 3978 Sed
1165 3924 1495 3978 Anastasius
1532 3924 1709 3978 utitur
1744 3924 2051 3979 Indictione
2087 3925 2322 3993 CPtana‚
2361 3943 2425 3980 ac
2460 3943 2606 3981 nova

293 4002 535 4057 Indictio
568 4002 805 4069 septima
836 4001 1118 4070 inceperat
1153 4002 1263 4056 kal.
1302 4002 1450 4071 Sept.
1488 4004 1617 4057 anni
1656 4005 1774 4057 753.
1848 4002 1993 4057 Hinc
2037 4021 2199 4071 quum
2247 4005 2502 4073 loquatur
2538 4008 2603 4061 de

296 4097 476 4137 11161166
514 4080 844 4144 Novembre‚
889 4085 1038 4135 recte
1083 4082 1244 4145 dicit,
1293 4082 1626 4148 Stephanum
1662 4082 1970 4136 Indictione
2018 4083 2254 4150 septima
2297 4085 2604 4152 profectum

296 4176 420 4215 esse
457 4161 513 4215 in
553 4159 804 4216 Galliam.
843 4189 912 4197 —
950 4158 1058 4214 Ofr.
1097 4160 1286 4228 Niues,
1324 4161 1406 4215 De
1445 4160 1708 4229 Computo
1747 4160 2076 4228 ecclesiast.;
2114 4162 2198 4217 De
2234 4163 2556 4219 Indictione.
