3270 5028
635 464 740 514 314
977 461 1126 515 XVI.
1164 462 1371 516 Causae
1409 462 1650 516 celebres
1688 466 1746 515 et
1784 461 2103 515 Decretales
2142 460 2599 514 Pseudo-Isidori.

303 600 616 703 lfflffingzg
816 605 958 667 111.
1009 602 1086 666 In
1130 606 1350 667 monte
1383 601 1669 685 Cassino,
1714 625 1911 687 quum
1961 602 2333 668 Hadrianus
2369 601 2449 664 Π.
2496 606 2561 666 et
2598 600 2956 667 Lotharius

403 722 512 764 sino.
635 702 1081 777 convenirent,
1156 699 1589 782 episcoporum
1657 700 1971 782 synodum
2030 700 2409 763 celebratam
2472 700 2697 777 fuisse,
2763 698 2955 762 nullo

633 795 869 859 indicio
932 817 1008 859 ex
1068 794 1383 860 historicis
1445 796 1804 879 colligitur3
1860 797 1991 860 imo
2048 798 2351 880 adjuncta
2412 796 2719 873 suadent,
2774 794 2955 860 Pon-

631 892 871 956 tificem
918 893 1057 955 sine
1117 892 1550 975 episcoporum
1610 889 1891 975 plurium
1938 892 2240 958 comitatu
2299 892 2378 956 ad
2433 893 2619 980 illum·
2670 914 2953 957 conven-

630 992 770 1052 tum
819 989 1129 1053 adscitum
1175 989 1401 1066 fuisse,
1457 1008 1582 1071 quo
1629 989 1881 1054 facilius
1930 988 2274 1053 Lotharius
2320 990 2495 1073 quod,
2537 989 2952 1053 desiderabat

632 1085 973 1150 obtineret.
1079 1084 1191 1149 Ab
1235 1084 1599 1150 -Hincmaro
1660 1085 1732 1150 in
1793 1086 2160 1149 Annalibus
2233 1108 2331 1151 res
2398 1085 2570 1150 hisee
2630 1086 2947 1150 refertur:

632 1180 1019 1257 „Lotharius
1068 1186 1286 1245 autem
1335 1180 1606 1246 Romam
1657 1182 1940 1260 redienS,
1989 1206 2025 1246 a
2066 1183 2269 1246 latere
2317 1183 2395 1246 ad
2442 1204 2630 1247 suum
2675 1183 2950 1246 fratrem

631 1278 694 1341 in
729 1276 1171 1342 Beneventum
1222 1299 1425 1360 usque
1471 1278 1784 1360 pervenit,
1831 1284 1898 1342 et
1932 1278 2096 1361 apud
2132 1300 2271 1342 eum
2320 1301 2432 1362 per
2464 1279 2950 1370 Engelbergam

631 1374 851 1438 multis
896 1374 1319 1458 petitionibus
1352 1374 1655 1457 obtinuit,
1698 1378 1773 1438 ut
1804 1376 1940 1457 ipsa
1972 1374 2381 1459 Engelberga
2428 1397 2568 1439 cum
2619 1396 2692 1438 eo
2739 1396 2951 1458 usque

632 1471 710 1535 ad
776 1473 1237 1535 monasterium
1303 1473 1510 1535 sancti
1574 1470 1936 1549 Benedicti,
2012 1472 2178 1555 quod
2243 1472 2313 1535 in
2376 1477 2599 1536 monte
2674 1470 2950 1536 Cassino

629 1570 822 1632 situm
871 1571 985 1644 est,
1033 1568 1289 1632 rediret.
1361 1568 1499 1644 Quo
1545 1570 1733 1632 etiam
1789 1568 2137 1632 Adrianum
2186 1591 2413 1652 papam
2463 1569 2664 1632 eidem
2700 1567 2948 1650 Engel-

631 1665 865 1748 bergae
913 1669 976 1727 et
1023 1664 1140 1728 sibi
1192 1686 1269 1727 ex
1322 1666 1613 1748 jussione
1673 1664 2076 1747 imperatoris
2123 1666 2342 1729 venire
2403 1665 2582 1743 fecit,
2644 1671 2710 1729 et
2769 1663 2948 1746 apud

631 1784 808 1838 eum,
872 1762 1039 1825 datis
1084 1762 1179 1824 illi
1226 1762 1443 1825 multis
1491 1762 1867 1826 muneribus
1922 1762 2233 1838 obtinuit,
2298 1767 2372 1825 ut
2416 1761 2580 1827 idem
2636 1784 2796 1844 papa
2843 1762 2945 1824 illi

632 1859 895 1922 missam
940 1859 1327 1940 cantaverit,
1393 1865 1460 1921 et
1504 1880 1750 1922 sacram
1806 1860 2320 1923 communionem
2373 1858 2513 1940 hae,
2549 1858 2942 1923 convenien-

629 1956 722 2018 tia
768 1955 826 2018 ei
868 1954 1231 2031 donaverit,
1278 1955 1360 2031 si,
1416 1960 1754 2039 postquam
1796 1953 2102 2019 Nicolaus
2149 1977 2316 2039 papa
2363 1954 2773 2019 Waldradam
2826 1976 2944 2017 ex-

630 2051 1155 2128 communicavit,
1233 2054 1487 2116 nullum
1562 2072 1708 2116 cum
1785 2073 1859 2114 ea
1928 2053 2426 2116 contubernium
2491 2054 2590 2117 vel
2663 2053 2943 2117 carnalis

628 2148 892 2230 copulae
961 2148 1470 2225 mercimonium,
1550 2150 1707 2231 quin
1775 2170 1892 2212 nec
1967 2150 2351 2233 colloquium
2433 2149 2748 2233 quoddam
2820 2148 2940 2211 ha-

630 2244 860 2308 buerit.
953 2243 1097 2328 Ipse
1145 2249 1357 2309 autem
1404 2245 1664 2320 infelix,
1712 2267 1887 2309 more
1934 2244 1976 2310 J
1982 2245 2168 2320 udae,
2225 2247 2524 2311 simulata
2569 2248 2738 2311 bona
2783 2267 2938 2309 con-

629 2340 899 2404 scientia
953 2349 1018 2405 et
1070 2342 1424 2424 impudenti
1478 2342 1692 2406 fronte
1761 2342 2044 2406 eamdem
2101 2364 2347 2406 sacram
2421 2344 2936 2408 communionem

628 2438 745 2501 sub
806 2436 925 2501 hac
983 2439 1410 2503 conventione
1470 2440 1753 2522 accipere
1814 2461 1947 2503 non
2009 2440 2343 2521 pertimuit
2407 2461 2526 2504 nec
2588 2440 2936 2510 recusavitz

626 2533 735 2596 sed
785 2538 848 2597 et
893 2537 993 2598 sui
1046 2536 1329 2599 fautores
1386 2558 1526 2599 cum
1586 2558 1662 2600 eo
1716 2537 1795 2599 ab
1852 2538 1988 2620 ipso
2045 2559 2209 2621 papa
2260 2558 2598 2620 percepere
2654 2559 2938 2602 commu-

627 2624 913 2709 nionem,
973 2632 1143 2696 inter
1189 2654 1349 2712 quos
1405 2639 1469 2697 et
1516 2632 1945 2719 GunthariUS,
2005 2639 2229 2698 auctor
2284 2638 2348 2699 et
2403 2635 2699 2698 incentor
2743 2632 2938 2718 hujus

625 2728 865 2810 publici
895 2728 1212 2801 adulterii,
1263 2731 1775 2794 communionem
1806 2732 1982 2794 inter
2027 2731 2221 2796 laicos
2269 2731 2350 2794 ab
2397 2730 2618 2794 eodem
2647 2729 2937 2795 Adriano

625 2846 793 2906 papa
861 2826 1167 2906 accepit.“
1190 2822 1236 2905 ¹)
1329 2825 1559 2902 Vides,
1638 2826 1884 2890 nullum
1957 2827 2225 2912 alicujus
2295 2824 2522 2910 synodi
2588 2826 2691 2891 hic
2757 2828 2935 2890 inve-

625 2920 751 2983 niri
820 2922 1194 3006 vestigium3
1266 2923 1395 2987 imo
1466 2945 1538 2986 ex
1606 2924 1980 2986 narratione
2038 2923 2369 2988 Hincmari
2438 2928 2502 2988 et
2567 2946 2644 2987 ex
2712 2923 2938 3008 adjun-

625 3017 745 3080 ctis
794 3018 1006 3100 potius
1055 3021 1416 3103 conjicitur,
1460 3017 1844 3083 Lotharium
1882 3020 1951 3083 in
1997 3021 2212 3084 animo
2245 3021 2564 3098 habuisse,
2614 3028 2687 3084 ut
2735 3043 2934 3102 quum

624 3114 796 3177 solus
858 3113 1164 3179 Pontifex
1227 3138 1423 3179 senex
1488 3116 1567 3178 ad
1632 3117 2092 3181 monasterium
2149 3115 2212 3180 S.
2269 3117 2597 3182 Benedicti
2661 3118 2935 3194 veniret,

624 3211 756 3292 ipse
829 3211 1000 3275 molli
1076 3234 1369 3277 sermone
1436 3217 1503 3277 et
1566 3234 1683 3295 ope
1756 3212 2196 3297 Engelbergae
2266 3214 2725 3297 ImperatriciS,
2794 3236 2933 3278 mu-

625 3307 798 3370 lieris
843 3308 909 3370 in
958 3308 1233 3391 negotiis
1282 3308 1693 3391 disponendis
1754 3308 1913 3372 bene
1972 3315 2294 3386 versatae,
2353 3309 2751 3374 Hadrianum
2810 3309 2933 3373 sibi

626 3402 1009 3467 conciliaret.
2612 3402 2618 3406 ’

347 3579 553 3630 Synodus
804 3568 946 3631 112.
1007 3566 1246 3631 Narrat
1300 3590 1485 3651 porro
1540 3567 1953 3647 Hincmarus,
2038 3573 2408 3636 Pontificem
2453 3572 2725 3645 Romam
2788 3572 2929 3636 red—

343 3642 548 3683 R⁰¹¹¹²¹¹¹³'
619 3671 879 3728 euntem
948 3664 1123 3728 brevi
1190 3663 1568 3732 Lotharium
1637 3688 1773 3731 esse
1840 3673 2163 3747 secutum,
2246 3668 2356 3733 sed
2433 3692 2657 3753 parum
2731 3669 2929 3734 hono-

622 3761 795 3825 rifice
847 3761 1087 3826 Romae
1142 3766 1500 3845 receptum,
1559 3763 1813 3828 demum
1868 3768 2090 3828 tamen
2145 3765 2453 3849 quaedam
2512 3766 2773 3831 honoris
2830 3768 2927 3830 vel

623 3856 1111 3923 benevolentiae
1190 3860 1377 3943 signa
1454 3881 1669 3944 regem
1750 3860 2137 3937 obtinuisse3
2214 3863 2363 3926 inde
2445 3885 2585 3927 eum
2664 3865 2928 3948 ejusque

620 3974 918 4038 sequaces
978 3957 1113 4039 jam
1176 3956 1534 4039 jactatione
1602 3957 1875 4040 quadam
1948 3979 2290 4043 augurasse
2358 3960 2614 4042 plenam
2680 3961 2750 4024 in
2815 3982 2930 4024 sua

800 4191 839 4255 1)
879 4190 1041 4244 pertz
1079 4192 1149 4244 M.
1191 4191 1252 4244 e.
1294 4193 1335 4245 I.
1375 4194 1493 4244 481.
