3270 5028
1119 399 1508 456 Controversia
1544 400 1601 453 in
1640 400 1836 456 Gallia.
2566 401 2632 452 77

324 541 669 608 concilium
716 541 803 607 ad
854 539 1347 622 inquisitionem
1402 560 1598 623 super
1654 540 1759 605 his
1814 539 2174 606 habendam
2185 558 2210 619 ,·
2271 539 2386 621 qui
2439 539 2514 605 in
2564 539 2634 604 id

321 638 539 722 ipsum
586 641 1038 715 convenerunt,
1087 636 1326 703 Sancto
1370 636 1632 719 Spiritu
1675 636 2063 719 inspirante.
2163 635 2354 702 Talia
2399 636 2636 718 ubique

321 735 651 801 communi
705 733 971 800 consilio
1028 733 1178 816 fieri
1226 733 1742 816 prohibuerunt,
1805 737 1866 798 et
1917 734 2240 816 imayines
2294 732 2370 797 de
2424 732 2635 799 humi-

321 831 601 907 lioribus
659 830 813 896 locis
870 829 1092 914 efferri
1144 830 1469 913 fecerunt,
1531 835 1592 895 et
1647 849 1756 895 eas
1809 849 1975 911 quae
2018 829 2093 896 in
2149 829 2637 895 sublimioribus

324 927 478 993 locis
512 926 769 1010 positae
813 929 1032 1002 erant,
1090 930 1167 992 ut
1210 926 1357 1009 ipsa
1393 926 1666 1009 pictura
1714 947 1843 1008 pro
1889 926 2222 1010 scriptura
2269 925 2636 1006 haberetur,

322 1025 398 1091 in
454 1024 596 1089 suis
651 1023 805 1089 locis
860 1021 1202 1089 consistere
1245 1023 1729 1104 permiserunt,·
1785 1044 1868 1087 ne
1923 1022 2001 1088 ab
2055 1022 2525 1090 indoctioribus
2577 1028 2639 1088 et

318 1119 801 1202 infirmioribus
867 1120 1335 1199 adorarentur,
1404 1140 1608 1201 neque
1675 1119 1768 1184 eis
1839 1119 2140 1186 lucernas
2202 1119 2635 1199 accenderent,

318 1239 528 1300 neque
580 1217 917 1283 incensum
977 1215 1335 1296 adolerent,
1389 1215 1888 1299 prohibuerunt.
1983 1215 2533 1295 Quemadmodum
2578 1220 2639 1281 et

326 1336 444 1381 nos
489 1335 669 1380 nunc
690 1394 691 1397 Ἴ
712 1312 1027 1378 sentimus
1072 1316 1133 1377 et
1178 1316 1466 1379 tenemus
1511 1311 1887 1395 abjicientes
1931 1312 2007 1376 de
2052 1311 2344 1377 Ecclesia
2381 1310 2639 1378 Christi

320 1432 446 1490 eos,
494 1411 609 1493 qui
652 1408 1028 1493 hujusmodi
1073 1408 1384 1492 maliqnis
1424 1408 1911 1475 inventionibus
1955 1408 2291 1491 student.1)
2390 1409 2639 1476 Emissa

321 1509 472 1574 dein
522 1508 920 1592 professione
974 1505 1365 1572 orthodoxae
1411 1507 1587 1585 fidei,
1652 1506 1925 1572 Michael
1974 1507 2370 1571 Ludovicum
2415 1508 2636 1591 depre-

319 1606 626 1681 cabatur,
683 1609 756 1668 ut
810 1603 1058 1687 legatos
1104 1625 1250 1668 suos
1303 1625 1559 1669 securos
1608 1604 1881 1668 Romam
1926 1603 2297 1680 deduceret,
2356 1610 2424 1668 et
2471 1603 2638 1688 apud

327 1701 693 1772 Romanum
753 1698 1135 1764 Pontificem
1197 1700 1269 1764 in
1341 1700 1726 1765 demandato
1795 1701 1885 1764 eis
1953 1701 2217 1785 negotio
2285 1701 2636 1785 adjuvaret,

322 1820 454 1883 quo
502 1797 850 1863 discordiae
897 1796 1043 1861 finis
1088 1797 1611 1861 constitueretur.

505 1895 608 1958 90.
699 1892 1053 1958 Ludovicus
1129 1893 1278 1957 Pius
1354 1893 1587 1957 fucatis
1661 1891 2074 1976 Imperatoris
2159 1895 2371 1977 graeci
2446 1915 2640 1978 expo-

320 1991 785 2056 stulationibus
846 1994 912 2053 et
972 1989 1215 2054 callidis
1278 1990 1680 2074 argumentis
1745 2012 1930 2054 aures
1992 1990 2242 2055 facilius
2305 1991 2639 2074 praebens,

320 2110 472 2154 cum
535 2086 923 2152 Graecorum
996 2086 1222 2170 legatis
1281 2084 1516 2150 direxit
1578 2085 1946 2151 Freculfum
2009 2087 2369 2170 episcopum
2432 2086 2639 2151 Lexo-
2658 2097 2882 2150 Eugeniue
2911 2097 2972 2139 11·

327 2183 613 2248 viensem
667 2186 731 2248 et
790 2181 1183 2266 Adagarium
1239 2182 1484 2265 pariter
1545 2182 1937 2266 episcopum,
2001 2183 2320 2267 petiitque
2375 2185 2456 2248 ab
2515 2184 2641 2248 Eu-

320 2280 553 2365 geni0,
612 2284 688 2343 ut
742 2278 1118 2343 concederet
1173 2282 1567 2351 conventum
1620 2278 1846 2342 haberi
1903 2279 2341 2362 episcoporum
2398 2280 2637 2346 doctio-

329 2400 501 2455 rum,
561 2376 673 2459 qui
718 2382 1006 2440 veterum
1061 2375 1331 2439 Patrum
1379 2375 1750 2439 testimonia
1796 2375 1873 2439 de
1930 2376 2320 2460 imaginibus
2367 2376 2638 2442 Sancto-

325 2497 468 2539 rum
498 2473 894 2558 colligerent,
945 2493 1018 2537 ac
1052 2471 1199 2535 dein
1240 2493 1357 2555 pro
1403 2471 1845 2555 componenda
1876 2473 2283 2537 ecclesiarum
2329 2474 2642 2540 discordia

331 2571 601 2636 Romam
645 2570 1187 2634 transmitterent.
1270 2568 1438 2634 Huic
1486 2568 1793 2633 Ludovici
1838 2569 2139 2652 petitioni
2185 2593 2385 2654 quum
2430 2571 2639 2656 Euge-

328 2668 472 2731 nius
518 2666 600 2731 H.
659 2687 991 2731 assensum
1045 2666 1503 2749 praestitisset,
1565 2665 1929 2749 Imperator
1983 2689 2156 2731 anno
2208 2667 2333 2731 825
2391 2669 2641 2753 aliquot

322 2763 653 2847 episcopos
700 2768 766 2828 et
809 2763 979 2827 viros
1041 2762 1259 2827 doctos
1312 2761 1571 2826 Parisiis
1620 2764 2053 2847 congregavit.
2146 2763 2235 2828 Hi
2279 2764 2640 2842 Praesules,

315 2860 502 2924 ducti
547 2861 749 2924 veteri
795 2880 1006 2924 errore
1052 2858 1129 2923 de
1176 2845 1797 2924 Concilimeicaeno
1840 2859 1946 2935 II.,
1990 2882 2064 2925 ac
2108 2862 2162 2924 si
2208 2860 2276 2923 in
2324 2883 2396 2926 eo
2442 2863 2640 2928 sacris
2693 2843 2704 2958 l

322 2956 720 3041 imaginibus
771 2957 935 3021 idem
998 2977 1072 3019 ac
1120 2955 1381 3020 deificae
1428 2954 1772 3020 Trinitatis
1818 2957 2029 3022 cultus
2076 2956 2254 3040 isque
2307 2957 2640 3023 absolutus
2703 2965 2710 3044 ᾗ

327 3053 558 3118 fuisset
622 3052 941 3130 decretus,
1006 3052 1323 3136 fidemque
1385 3053 1698 3116 habentes
1757 3052 1991 3116 litteris
2059 3052 2392 3118 Michaelis
2453 3053 2642 3119 Balbi
2708 3065 2716 3102 l

329 3150 408 3213 de
455 3149 758 3214 abusibus
805 3150 869 3212 in
918 3149 1274 3232 imaginum
1329 3149 1572 3214 cultum
1618 3148 1918 3226 invectiS,
1977 3170 2112 3213 non
2167 3153 2425 3212 tantum
2472 3172 2643 3214 erro—

324 3268 465 3310 rem
524 3243 1096 3310 Iconomachorum
1167 3245 1281 3327 qui
1343 3246 1656 3329 imagines
1724 3244 2163 3328 despiciebant
2228 3251 2292 3309 et
2360 3247 2643 3311 confrin-

320 3343 604 3427 gebant,
664 3341 775 3407 sed
836 3341 1031 3406 etiam
1094 3340 1449 3406 Concilium
1512 3340 1573 3404 N
1576 3343 1872 3405 icaenum
1931 3346 1999 3406 et
2059 3340 2377 3407 Hadriani
2432 3343 2644 3427 Papae

330 3440 607 3517 littera8‚
657 3460 730 3502 ac
775 3440 829 3502 si
874 3439 944 3502 in
992 3439 1069 3502 iis
1108 3437 1437 3502 indebitus
1480 3459 1800 3501 sacrarum
1833 3438 2189 3523 imaginum
2235 3440 2444 3504 cultus
2493 3442 2644 3505 fuis-

325 3539 434 3599 -set
479 3536 892 3618 approbatus,
938 3534 1510 3618 reprehenderunt3
1557 3538 2077 3620 statueruntque,
2127 3535 2297 3617 quod
2325 3535 2643 3619 imayines

325 3629 725 3695 Sanctorum
769 3628 972 3695 stulta
1007 3628 1541 3712 praesumptione
1585 3650 1718 3695 non
1766 3636 1921 3716 sunt
1957 3631 2480 3715 confrinqendae,
2528 3653 2643 3698 nec

333 3725 688 3791 assertione
743 3726 1195 3808 superstitiosa
1255 3726 1578 3806 colendae,
1632 3730 1752 3793 aut
1808 3728 2206 3808 adorandae,
2265 3729 2374 3793 sed
2416 3729 2644 3811 potius

332 3822 710 3905 hujusmodi
763 3823 1220 3905 superstitione
1273 3826 1519 3888 remota
1560 3824 1769 3906 juaeta
1811 3845 2027 3890 veram
2083 3824 2458 3908 reliqionem
2514 3846 2642 3891 me-

333 3918 581 3984 moriae
644 3923 705 3983 et
766 3918 1012 3983 amoris
1070 3938 1301 3999 causa,
1372 3917 1446 3983 ob
1510 3919 2015 3986 recordationem
2078 3942 2301 3987 eorum
2366 3943 2642 4003 quorum

514 4128 558 4195 ¹)
596 4129 735 4184 Vide
773 4146 858 4198 ap.
897 4130 1192 4185 Baronium
1230 4129 1300 4182 ad
1337 4145 1384 4182 a.
1423 4132 1528 4183 824
1565 4147 1657 4184 nu.
1696 4133 1781 4186 26.
1819 4134 1907 4186 27.
