3270 5028
848 476 931 531 De
967 476 1350 532 Decretalibus
1388 476 1972 533 Pseudo-Isidorianis.
2465 481 2569 532 273

255 619 464 685 canda
478 615 619 699 ‘?“¹)
696 616 962 682 Maneat
1022 618 1223 702 igitur
1283 617 1453 703 quod
1513 618 1819 697 diximus,
1878 642 2014 684 non
2073 621 2444 686 ordinatum
2505 625 2571 685 et

253 719 555 781 accurate
602 715 979 798 dispositum
1012 714 1302 780 Codicem
1336 714 1728 781 Collectione
1767 714 1998 782 Isidori
2043 717 2385 794 constitui3
2433 717 2574 782 uni-

258 811 491 876 versim
536 816 754 876 tamen
798 815 1023 876 auctor
1066 803 1224 876 illud
1268 811 1677 897 prosequitur
1722 812 2081 891 consilium,
2128 814 2296 899 quod
2341 814 2572 879 descri-

260 908 502 992 psimus
519 958 534 987 ,
599 911 675 973 ut
728 908 1025 973 ecclesias
1082 912 1148 972 et
1206 908 1531 993 episcopos
1584 912 1849 973 tueatur
1903 914 2134 975 contra
2185 915 2571 995 potestatem

255 1006 541 1085 civilem,
609 1008 677 1070 et
735 1005 1102 1089 praesulum
1167 1005 1471 1090 dignitati
1534 1008 1600 1069 et
1666 1006 2000 1072 securitati
2066 1007 2431 1091 provideat,
2500 1029 2573 1071 99

255 1102 664 1186 disciplinam
728 1102 1219 1167 ecclesiasticam
1283 1102 1403 1167 sub
1465 1101 1587 1167 hoc
1648 1108 1948 1186 respectu
2008 1107 2348 1170 restauret.
2449 1103 2573 1168 At-

256 1220 388 1283 que
445 1204 788 1283 propterea
846 1217 1057 1263 uuum
1120 1218 1200 1262 ex
1257 1196 1463 1263 variis
1518 1196 1844 1281 capitibus
1901 1222 2067 1284 quae
2110 1201 2194 1265 ab
2250 1223 2323 1266 eo
2368 1201 2572 1265 incul-

258 1299 496 1360 cantur
549 1296 711 1360 illud
768 1300 898 1377 est,
960 1318 1042 1360 ne
1097 1296 1373 1380 episcopi
1426 1297 1564 1361 sine
1619 1317 1937 1362 consensu
1982 1296 2263 1363 Romani
2306 1296 2576 1362 Pontifi-

257 1392 352 1457 cis
397 1391 828 1476 deponantur.

371 1521 376 1524 ’
440 1506 545 1569 62.
594 1503 947 1588 Contendit
1004 1506 1082 1571 de
1131 1506 1410 1591 Regnon
1463 1508 1533 1571 in
1595 1506 2047 1572 dissertatione
2097 1507 2174 1571 de
2221 1507 2574 1573 Decretali-
2643 1508 2868 1583 Sentepfiss

261 1602 381 1674 bus
433 1600 944 1667 Pseudo-Isidori
1012 1602 1148 1683 (La
1220 1602 1513 1684 question
1583 1601 1692 1667 des
1756 1602 2015 1685 fausses
2060 1604 2432 1669 Decretales
2495 1624 2576 1669 eu
2641 1574 2854 1625 opposta.

261 1697 470 1777 1866,
527 1698 774 1764 Etudes
822 1699 1197 1784 religieuses
1254 1702 1420 1765 1866
1464 1699 1548 1766 H.
1604 1723 1667 1783 p.
1715 1700 1907 1785 382),
1953 1702 2035 1765 ab
2079 1702 2395 1768 Hinschio
2453 1701 2574 1767 hac

259 1797 331 1859 in
374 1817 444 1859 re
489 1794 844 1873 discedens,
900 1794 1129 1859 Isidori
1175 1794 1551 1861 Mercatoris
1596 1794 1867 1861 unicum
1913 1820 2172 1881 scopum
2217 1799 2442 1875 fuisse,
2498 1802 2575 1862 ut

255 1913 488 1957 causas
537 1891 979 1975 episcoporum
1026 1891 1107 1956 ad
1148 1892 1511 1957 Romanum
1549 1893 1928 1958 Pontificem
1975 1893 2359 1959 devolveret.
2438 1894 2575 1972 „La

258 1988 534 2053 reforme
581 1989 950 2071 poursuivie
1002 2011 1121 2073 par
1163 1990 1224 2053 19
1270 1988 1802 2055 Pseudo-Isidore
1848 1991 2124 2057 consiste
2171 1991 2576 2056 essentielle-

260 2088 446 2149 ment
490 2086 529 2148 a.
573 2087 860 2149 reserver
905 2107 987 2149 au
1032 2084 1297 2151 Pontife
1341 2086 1596 2151 romain
1642 2088 1702 2151 le
1749 2088 2094 2173 jugement
2147 2088 2225 2153 de
2280 2092 2428 2154 tous
2483 2090 2578 2153 les

166 2195 172 2201 '
258 2184 554 2266 eveques.
602 2230 616 2244 .
666 2229 683 2245 .
733 2232 749 2247 .
805 2180 959 2247 Puis
1014 2182 1179 2248 donc
1239 2205 1365 2268 que
1424 2185 1486 2247 le
1540 2184 1888 2269 jugement
1948 2184 2058 2249 des
2123 2187 2397 2270 eveques
2457 2186 2578 2250 mis

160 2288 162 2290 ’
196 2363 200 2370 ⁴
256 2302 346 2343 au
391 2300 557 2363 rang
602 2278 710 2343 des
758 2301 978 2346 causes
1035 2280 1351 2364 majeures
1395 2302 1434 2343 a
1480 2281 1583 2345 ete'
1639 2280 1702 2344 19
1746 2280 1956 2364 pierre
2014 2281 2091 2346 de
2137 2280 2371 2346 touche
2417 2303 2580 2365 pour

261 2377 704 2452 reconnaitre‚
764 2375 984 2459 quand
1041 2380 1106 2440 et
1156 2379 1477 2441 comment
1530 2377 1590 2441 le
1637 2398 1798 2461 pape
1842 2375 2102 2442 Nicolas
2150 2376 2232 2442 1⁰r
2279 2400 2316 2442 9
2362 2400 2576 2443 connu

258 2477 332 2535 et
393 2472 517 2536 cite
568 2472 661 2537 les
718 2472 969 2538 fausses
1030 2473 1409 2549 decretalem
1480 2472 1753 2558 puisque
1814 2474 2274 2541 soixante-dix
2333 2475 2577 2541 fausses

259 2569 614 2634 decretales
659 2592 770 2635 sur
816 2573 1046 2654 quatre
1102 2571 1321 2655 vingts
1375 2593 1456 2635 ne
1502 2572 1774 2637 traitent
1830 2594 1945 2655 pas
2003 2595 2093 2636 un
2138 2577 2322 2638 autre
2379 2574 2578 2659 sujet3

262 2667 529 2751 puisque
575 2666 653 2730 de
697 2666 905 2731 l’aveu
952 2666 1030 2731 de
1078 2670 1226 2732 tous
1270 2689 1340 2732 ce
1386 2667 1572 2752 point
1628 2671 1729 2732 est
1777 2670 1837 2733 le
1883 2669 2020 2734 seul
2077 2669 2186 2754 qui
2234 2669 2327 2734 ait
2373 2669 2580 2735 excite

260 2762 375 2828 des
421 2764 873 2829 reclamations
920 2785 1003 2828 au
1050 2761 1170 2829 IX·
1214 2764 1435 2842 siecle,
1491 2763 1762 2829 n’est·il
1820 2788 1932 2851 pas
1988 2767 2249 2830 naturel
2304 2765 2381 2831 de
2428 2788 2581 2832 con-

264 2860 441 2924 clure
502 2882 623 2944 que
688 2863 845 2924 c’est
906 2862 969 2925 la
1027 2862 1452 2945 precisement
1511 2883 1581 2925 ce
1641 2861 1753 2946 qui
1808 2863 2058 2927 resume
2114 2865 2298 2928 toute
2358 2865 2423 2927 19
2482 2866 2582 2928 re·

263 2956 472 3021 forme
517 2955 1333 3040 pseudo-isidorienne?“²)
1425 2958 1587 3034 Quid
1641 2957 1718 3023 de
1763 2957 2032 3024 Nicolao
2089 2958 2426 3025 dicendum
2474 2960 2581 3037 sit,
2648 2954 2661 3031 Ϊ

263 3053 541 3125 inferius
586 3054 960 3118 videbimus.
1055 3052 1182 3119 Sed
1227 3058 1679 3139 argumentum
1723 3054 1886 3120 illud
1937 3077 2052 3140 per
2095 3077 2164 3121 se
2210 3057 2580 3122 nullatenus

259 3151 610 3215 concludit.
705 3148 1002 3215 Sufficiat
1058 3151 1258 3215 citare
1326 3172 1401 3215 ea
1464 3173 1628 3236 quae
1690 3153 1885 3216 simili
1931 3153 2270 3218 assertioni
2331 3155 2585 3233 (contra

264 3246 810 3313 Waschersleben
885 3250 953 3311 et
1018 3244 1296 3331 Goecke)
1368 3249 1717 3332 respondet
1777 3247 2145 3316 Hinschius.
2253 3249 2585 3335 „Respon-
2628 3238 2679 3287 ·“·

259 3343 547 3409 dendum
624 3349 754 3424 est,
830 3365 977 3408 cum
1044 3345 1228 3428 plura
1300 3345 1589 3430 genuina
1660 3344 1786 3427 (vel
1854 3347 2097 3430 spuria)
2174 3347 2444 3412 concilia
2520 3348 2586 3410 et

215 3504 220 3508 .
262 3440 621 3507 decretales
672 3441 743 3506 in
805 3442 1183 3507 collectione
1240 3441 1755 3507 Pseudo-Isidori
1807 3443 2129 3508 contineri
2187 3466 2378 3528 quam
2437 3443 2583 3508 illas

262 3540 682 3624 septuaginta
745 3538 1129 3616 decretales,
1202 3541 1341 3603 tum
1404 3536 1479 3602 de
1540 3536 1768 3603 multis
1832 3537 1988 3604 aliis
2049 3538 2242 3604 rebus
2303 3537 2587 3604 Pseudo-

260 3635 604 3701 Isidorum
666 3653 857 3718 affere
922 3639 988 3699 et
1050 3636 1262 3700 locum
1327 3636 1595 3700 citatum
1663 3636 1773 3715 (ab
1832 3635 2238 3720 adversariis)
2305 3638 2418 3721 qui
2481 3658 2586 3701 99-

266 3734 618 3799 cusationis
688 3734 1121 3816 episcoporum
1192 3732 1589 3798 mentionem
1656 3732 1815 3797 facit
1882 3735 1964 3798 ab
2033 3756 2108 3799 eo
2177 3733 2423 3810 afferri,
2511 3736 2589 3797 ut

260 3830 596 3910 ostendat,
664 3828 894 3914 quibus
954 3828 1143 3893 rebus
1196 3827 1550 3912 praecipue
1613 3829 2043 3895 ecclesiastica
2104 3830 2440 3914 disciplina
2505 3828 2586 3894 ad

261 3926 606 3991 interitum
665 3929 893 3990 vocata
948 3928 1016 3989 et
1069 3926 1139 3989 in
1195 3927 1449 3990 ruinam
1501 3925 1927 4011 praecipitata
1981 3924 2200 4009 sit.“³)
2292 3926 2433 4009 Hoc
2485 3947 2587 3990 re-

452 4133 492 4200 ¹)
531 4132 941 4205 Hinschiushp.
981 4131 1215 4187 CCXIV.
1533 4131 1577 4199 ²)
1616 4132 1679 4187 L.
1720 4149 1763 4188 c.
1802 4150 1854 4201 p.
1894 4135 2013 4188 392.
2086 4184 2091 4191 .

449 4211 492 4280 ⁸)
535 4206 854 4275 Hinschius,
892 4229 943 4280 p.
982 4211 1247 4265 CCXVII.

367 4309 644 4361 Jungmann,
672 4309 1027 4351 Dissertationes.
1081 4309 1203 4351 Tom.
1235 4308 1323 4350 III.
2206 4303 2271 4354 18
