3270 5028
1189 469 1360 523 Initia
1398 469 1691 525 scissionis,
1744 521 1745 524 ,
2196 496 2213 528 ι
2499 471 2600 524 341

290 613 502 694 sabat,
560 612 731 696 quod
778 615 998 677 sancto
1046 610 1375 676 Methodio
1421 611 1832 677 detractaret.
1924 610 2332 675 Videbantur
2387 616 2601 675 autem

292 710 438 773 huic
515 709 649 773 viro
723 709 937 773 inesse
1012 731 1086 773 ea
1152 708 1394 786 omnia,
1483 710 1717 794 quibus
1792 707 2035 792 Ignatii
2110 728 2430 792 successor
2498 729 2601 771 ex·

292 806 482 870 imius
550 813 916 888 appareret3
993 805 1368 891 faciliusque
1443 806 1784 870 videbatur
1851 826 2037 888 posse
2100 804 2349 888 palliari
2420 825 2606 868 usur-

293 902 497 985 pati0,
559 901 710 966 dum
771 901 878 964 vir·
931 905 1119 967 tanta
1175 904 1348 970 fama
1408 903 1686 987 insignis
1743 902 2049 966 thronum
2110 900 2601 984 patriarchalem

292 998 681 1063 ascenderet.
794 996 1212 1081 Imperatoris
1288 1001 1591 1067 mandato
1662 998 1927 1063 accessit
1986 998 2225 1081 species
2297 998 2600 1081 quaedam

293 1095 652 1172 electionis,
736 1095 963 1159 saltem
1036 1119 1073 1161 a
1147 1098 1429 1164 factione
1500 1096 1794 1180 Gregorii
1880 1099 2195 1178 peractae.
2328 1093 2602 1158 Photius

291 1193 483 1257 finxit
545 1192 832 1275 quidem,
907 1213 975 1255 se
1039 1196 1307 1260 nonnisi
1369 1194 1648 1259 invitum
1710 1192 1992 1257 oblatam
2055 1189 2438 1274 dignitatem
2502 1212 2606 1254 ac-

291 1294 579 1373 ceptare,
669 1310 743 1353 ac
816 1288 894 1352 de
977 1289 1103 1354 ista
1182 1314 1300 1355 sua
1372 1289 1758 1356 reluctantia
1842 1292 2067 1371 postea
2152 1277 2340 1370 saepe
2411 1286 2610 1349 verba

291 1385 462 1449 fecit.
569 1382 694 1449 Sed
768 1405 917 1448 mox
985 1388 1339 1470 acquievit,
1415 1392 1481 1451 et
1545 1407 1623 1450 ex
1656 1411 1661 1416 ¹
1696 1385 1858 1449 laico
1927 1384 2102 1447 intra
2146 1406 2256 1447 sex
2326 1383 2486 1447 dies·
2527 1382 2606 1447 ad

292 1481 582 1547 ordinem
660 1480 1079 1564 episcopalem
1155 1489 1408 1548 evectus
1481 1482 1640 1557 fuit,
1729 1486 2264 1564 consecratusque
2337 1502 2375 1542 a
2452 1478 2604 1544 Gre-

290 1578 470 1663 gorio
539 1576 938 1661 Syracusano
1003 1601 1059 1644 a.
1124 1580 1249 1644 857
1322 1579 1426 1644 die
1486 1577 1868 1643 Nativitatis
1937 1576 2228 1656 Domini,
2309 1600 2436 1661 quo
2503 1576 2606 1640 (lie

291 1674 634 1759 aliquando
705 1677 900 1740 etiam
966 1673 1264 1740 Tarasius
1337 1675 1674 1740 ordinatus
1751 1678 1913 1738 erat.
1988 1709 2077 1717 —
2150 1673 2416 1739 Nullum
2492 1673 2605 1736 du·

291 1772 465 1835 bium
536 1777 663 1850 est,
739 1771 907 1837 hanc
973 1772 1398 1837 elevationem
1465 1772 1683 1838 Photii
1757 1772 2020 1836 omnino
2090 1771 2337 1860 legibus
2409 1772 2606 1835 eccle-

292 1869 563 1933 siasticis
632 1870 991 1953 oppositam
1062 1868 1278 1932 fuisse.
1398 1868 1662 1933 Etenim
1739 1869 1915 1932 sedes
1983 1867 2249 1932 CPtana
2307 1864 2387 1931 de
2456 1865 2605 1951 jure

292 1955 1141 2050 nmkffinisi
1202 1967 1509 2030 canonica
1582 1964 1981 2048 depositione
2049 1965 2149 2029 vel
2218 1964 2431 2029 valida
2499 1964 2608 2027 ab·

287 2061 609 2132 dicatione
669 2062 947 2145 episcopi
1000 2060 1209 2126 adhuc
1271 2061 1547 2126 viventis
1604 2060 1880 2146 Ignatii,
1941 2060 2107 2146 sedis
2163 2061 2409 2125 vacatio
2472 2081 2608 2124 eve·

293 2156 435 2221 nire
483 2158 817 2240 potuisset.
931 2158 1277 2222 Praeterea
1337 2157 1608 2223 Photius
1676 2180 1755 2221 ex
1816 2158 1976 2222 laico
2041 2157 2261 2222 statim
2324 2158 2405 2221 ad
2457 2159 2607 2221 sub·

294 2254 507 2317 limem
587 2254 872 2319 ordinem
958 2254 1374 2338 episcopalem
1445 2256 1733 2319 elevatus
1804 2259 1940 2335 est,
2012 2253 2182 2338 quod
2257 2254 2608 2318 canonibus

265 2349 767 2433 *antiquioribus
855 2351 1267 2416 interdictum
1345 2356 1518 2426 erat3
1598 2372 1722 2415 nec
1802 2350 2158 2415 interstitia
2233 2355 2422 2414 erant
2504 2351 2608 2415 ob·

295 2452 577 2530 servata,
649 2470 687 2510 a
752 2447 1046 2533 patribus
1118 2468 1368 2532 semper
1446 2452 1701 2526 exacta,
1779 2448 1831 2512 si
1897 2447 2094 2511 laicus
2171 2447 2607 2526 ordinabatur,

296 2536 459 2627 quae
504 2545 859 2610 interstitia
906 2567 982 2608 ex
1042 2545 1446 2628 legislatione
1487 2544 1850 2609 Justiniani
1907 2545 2135 2609 saltem
2193 2545 2390 2608 trium
2435 2566 2609 2608 men·

295 2640 458 2704 sium
539 2662 673 2704 esse
748 2642 1093 2706 debebant.
1115 2640 1165 2724 1)
1299 2639 1637 2705 Ordinatio
1726 2644 2053 2724 postremo
2141 2645 2398 2723 peracta
2471 2646 2609 2703 erat

293 2758 407 2819 per
472 2738 829 2821 episcopum
903 2737 1373 2803 schismaticum
1445 2738 1526 2801 ab
1596 2737 1859 2822 Ignatio
1929 2737 2324 2820 depositum,
2397 2741 2462 2800 et
2531 2758 2608 2800 ex

293 2834 620 2898 sententia
689 2832 871 2901 Sedis
937 2834 1350 2918 Apostolicae
1421 2833 1787 2898 habendum
1850 2839 1923 2897 ut
1986 2854 2383 2916 suspensum.
2491 2832 2610 2897 Jus

294 2930 720 2995 ordinationis
789 2931 1119 2995 habuisset
1196 2930 1529 3013 episcopus
1593 2930 2075 3003 Heracleensis;
2170 2950 2609 3013 quaecumque

295 3031 510 3090 autem
575 3027 774 3090 fuerit
837 3048 1057 3103 causa,
1123 3024 1292 3109 quod
1358 3025 1711 3110 Gregorius
1760 3025 2195 3110 Syracusanus
2259 3047 2398 3089 eam
2463 3046 2608 3108 per-

294 3122 528 3207 egerit,
589 3122 643 3185 is
708 3127 878 3186 certe
943 3144 1142 3205 quum
1199 3122 1450 3205 publice
1513 3121 1758 3206 Ignatii
1819 3127 1885 3186 et
1940 3120 2215 3186 Romani
2275 3121 2609 3187 Pontificis

295 3222 738 3282 contemneret
802 3239 1135 3300 censuraS,
1207 3223 1274 3282 et
1342 3219 1694 3283 solemnem
1764 3216 2162 3302 patriarchae
2240 3218 2610 3283 Constanti·

294 3315 656 3399 nopolitani
716 3315 1269 3380 consecrationem
1338 3315 1730 3399 susciperet,
1801 3316 2067 3398 impium
2139 3315 2328 3395 simul
2396 3337 2610 3398 repor-

294 3412 479 3507 tabat
538 3411 966 3495 triumphum,
1027 3417 1093 3476 et
1155 3412 1343 3477 foeda
1403 3413 1653 3477 macula
1715 3411 1933 3476 Photii
1993 3412 2414 3475 elevationem
2473 3412 2610 3475 affi-

292 3506 523 3574 ciebat.

475 3735 513 3800 ¹)
550 3733 690 3788 Nov.
731 3735 852 3786 123.
892 3750 937 3787 c.
983 3737 1029 3787 1.
1068 3733 1117 3801 ἓ.
1157 3736 1204 3785 2.
1285 3731 1372 3800 „Si
1416 3732 1589 3786 laicus
1641 3732 1742 3786 hoc
1778 3734 1933 3787 modo
1979 3733 2048 3786 ad
2096 3733 2469 3801 episcopatum
2515 3734 2615 3789 eli-

291 3819 474 3882 gatur,
523 3829 633 3868 non
679 3817 904 3880 repente
951 3812 1237 3879 episcopus
1283 3812 1592 3877 ordinetur,
1648 3813 1743 3865 sed
1790 3811 1964 3879 primo
2015 3811 2227 3866 clericis
2277 3827 2384 3866 non
2428 3813 2606 3867 minus

293 3893 467 3946 tribus
509 3891 784 3948 mensibus
835 3895 1283 3956 connumeretur,
1350 3896 1406 3944 et
1456 3890 1537 3944 ita
1587 3896 1810 3944 sanctas
1854 3886 2079 3958 regulas
2130 3896 2187 3944 et
2235 3890 2608 3956 quotidianum

296 3971 557 4026 ecclesiae
594 3969 956 4024 ministerium
996 3971 1222 4024 edoctus
1262 3969 1548 4035 episcopus
1587 3967 1914 4022 ordinetur.“
1987 3969 2167 4037 Leges
2208 3969 2611 4025 ecclesiasticae

296 4050 459 4115 etiam
498 4050 802 4105 severiores
856 4054 1043 4111 erant,
1092 4056 1148 4102 et
1197 4048 1496 4116 exigebant
1546 4049 1839 4101 secundum
1879 4048 2007 4101 Can.
2047 4051 2238 4114 Apost.
2275 4051 2345 4101 80
2392 4056 2449 4103 et
2485 4049 2609 4102 Sar-

295 4129 394 4183 dic.
438 4131 505 4182 10
553 4145 716 4182 unum
763 4144 961 4181 annum
1013 4126 1301 4180 interstitii
1350 4126 1497 4181 inter
1543 4125 1793 4194 singulos
1840 4125 2071 4180 ordines.
2167 4127 2380 4179 Passim
2426 4134 2610 4181 tamen

300 4209 433 4262 haec
473 4208 614 4275 apud
654 4206 961 4261 Orientales
996 4205 1360 4260 violabantur.
1818 4222 1837 4225 -

2676 1666 2880 1709 Elevatio

2657 1727 2899 1780 illegitima.
