3270 5028
1085 463 1169 518 De
1207 463 1496 519 authentia
1533 463 1859 518 donationis.
2531 468 2632 519 149

317 606 528 689 telligi
589 603 878 688 quidem,
939 603 1110 687 quod
1163 604 1430 687 Pipinus
1489 607 1826 671 consilium
1888 607 2153 688 ceperit,
2217 606 2632 672 exarchatum

320 701 886 766 Ravennatensem
961 722 1035 763 ac
1103 700 1509 783 Pentapolim
1581 701 1883 766 Pontifici
1949 702 2348 779 vindicandi,
2428 703 2624 785 quod-

317 821 442 881 que
505 786 770 862 devictis
834 796 1281 880 Longobardis
1336 796 1454 860 has
1523 798 1888 880 provincias
1954 820 2068 861 rex
2131 795 2283 862 Sedi
2360 798 2633 881 Aposto-

318 897 478 959 licae
539 893 896 958 donaverit.
1002 890 1131 959 Sed
1176 914 1437 975 prorsus
1483 893 1971 977 improbabilem
2036 916 2171 958 esse
2215 894 2634 960 donationem

317 993 420 1055 vel
488 991 972 1074 promissionem
1037 989 1350 1073 ejusmodi
1421 992 1843 1068 extensionis,
1919 991 2015 1055 uti
2084 992 2152 1054 in
2221 992 2437 1055 citatis
2503 992 2634 1055 illis

317 1088 713 1153 documentis
769 1085 1109 1150 indicatur.
1199 1084 1549 1150 Pontifices
1604 1107 1822 1169 porro,
1882 1087 2031 1150 dum
2093 1087 2632 1171 subsequentibus

316 1175 505 1248 annis
544 1184 694 1267 jura
740 1205 857 1246 sua
901 1182 1262 1259 vindicent,
1317 1204 1452 1245 non
1496 1204 1843 1265 provocare
1899 1182 1978 1246 ad
2035 1183 2449 1247 donationem
2509 1184 2635 1247 ali-

316 1302 510 1365 quam
576 1279 878 1344 Carisiaci
937 1278 1203 1356 factam,
1274 1277 1387 1342 sed
1448 1279 1529 1342 ad
1604 1283 1865 1361 pactum
1932 1279 2103 1362 pacis
2167 1302 2313 1343 cum
2379 1280 2631 1346 Aistul-

314 1377 442 1460 pho
503 1381 852 1440 auctumno
914 1376 1068 1439 anni
1129 1376 1289 1454 754,
1353 1376 1480 1454 (vel
1538 1398 1593 1439 a.
1646 1376 1832 1454 756),
1903 1399 2100 1460 quum
2155 1377 2443 1441 devictus
2491 1380 2629 1462 jam

316 1477 516 1550 esset,
581 1472 838 1537 initum.
945 1471 1008 1535 A
1069 1471 1295 1535 Carolo
1362 1472 1554 1535 etiam
1620 1494 1678 1534 a.
1742 1472 1869 1534 774
1929 1474 2378 1537 tantummodo
2432 1496 2630 1559 gene-

314 1571 448 1634 rale
495 1568 849 1657 agn-icit-:iji‘eu
862 1569 1087 1655 foedus
1134 1589 1277 1631 cum
1315 1566 1652 1631 Hadriano
1701 1567 2014 1633 Pontifice
2044 1574 2427 1634 renovatum
2473 1593 2630 1648 esse,

315 1665 690 1729 nullatenus
761 1687 912 1729 vero
981 1665 1101 1728 snb
1168 1664 1591 1748 jurejurando
1660 1665 1972 1748 ejusmodi
2043 1666 2458 1731 donationem
2529 1669 2630 1731 uti

314 1763 382 1827 in
445 1759 592 1824 Vita
643 1758 989 1825 Hadriani
1045 1760 1323 1825 refertur
1376 1760 1631 1824 factam.
1724 1760 1798 1824 Id
1841 1762 1942 1826 vel
2001 1784 2080 1826 ex
2140 1785 2214 1828 eo
2272 1765 2630 1828 luculenter

316 1858 562 1942 colligi,
629 1857 802 1942 quod
860 1858 1129 1921 Carolus
1189 1860 1413 1939 postea
1475 1857 1640 1920 nihil
1702 1858 1958 1937 fecerit,
2018 1863 2094 1922 ut
2153 1861 2349 1924 talem
2404 1882 2631 1943 suppo·

291 1957 506 2018 sitam
556 1954 968 2019 donationem
1015 1955 1365 2036 perficeret.
1459 1952 1599 2019 Imo
1646 1955 1946 2019 ducatum
1999 1954 2451 2038 Spoletanum,
2507 1958 2630 2020 etsi

307 2054 444 2137 jam
494 2075 608 2135 per
652 2050 914 2134 aliquod
963 2055 1216 2133 tempus
1263 2072 1339 2114 ex
1395 2050 1598 2114 libera
1645 2051 1889 2115 ditione
1944 2052 2063 2115 sub
2114 2074 2409 2136 suprema
2453 2058 2627 2136 pote·

313 2152 481 2213 state
525 2147 847 2211 Hadriani
891 2147 1146 2228 fuisset,
1208 2145 1506 2211 Carolum
1564 2169 1683 2211 suo
1731 2147 2013 2212 dominio
2060 2148 2458 2230 submisisse3
2518 2171 2627 2232 pa-

312 2246 599 2328 riterque
655 2244 851 2309 etiam
912 2243 1214 2307 ducatum
1275 2242 1808 2308 Beneventanum
1868 2245 2049 2309 illum
2102 2266 2237 2309 non
2297 2244 2629 2311 Pontificis

311 2341 620 2425 potestati
680 2340 1082 2417 submisisse,
1149 2339 1259 2403 sed
1305 2344 1381 2403 ut
1441 2340 1692 2423 imperii
1749 2341 2011 2404 feudum
2070 2340 2387 2408 habuisse.
2479 2341 2629 2406 Per·

306 2438 466 2524 jurii
526 2438 728 2522 igitur
785 2437 1137 2520 turpissimi
1196 2436 1498 2501 Carolum
1557 2436 1645 2502 M.
1722 2459 1903 2501 reum
1958 2437 2188 2516 videri,
2251 2439 2304 2501 si
2362 2439 2628 2504 donatio

313 2535 427 2600 illa
474 2535 852 2599 authentica
896 2539 1255 2623 censeatur.

489 2683 592 2745 74.
658 2681 752 2746 Ut
812 2682 972 2747 haec
1036 2682 1115 2746 ad
1174 2703 1443 2746 examen
1503 2683 1794 2746 criticum
1853 2704 2249 2763 revocemuS,
2313 2685 2624 2768 imprimis
2645 2703 2839 2773 Exapen
2877 2698 2956 2741 ori-

313 2780 647 2843 observare
715 2779 1048 2856 convenit,
1116 2778 1407 2863 quamvis
1481 2780 1548 2842 in
1618 2779 1698 2843 iis
1768 2801 1934 2864 quae
2000 2779 2215 2863 Pipini
2282 2785 2347 2844 et
2413 2780 2626 2845 Caroli
2723 2767 2875 2807 noum.

312 2875 729 2940 donationem
775 2897 1119 2958 eorumque
1177 2875 1408 2960 agendi
1458 2875 1717 2939 modum
1777 2880 2102 2958 spectant,
2172 2878 2412 2962 aliquid
2476 2879 2621 2962 obs-

312 2994 537 3037 curum
617 2977 685 3037 et
763 2973 1022 3037 difficile
1093 2973 1412 3055 explicatu
1483 2972 1919 3058 inveniretur,
2000 2978 2220 3036 tamen
2281 2961 2623 3057 propterea

311 3063 445 3133 non
474 3067 730 3152 ”posse
785 3070 1171 3135 documenta
1241 3091 1405 3153 quae
1482 3070 1552 3132 in
1628 3070 2073 3152 quaestionem
2151 3075 2466 3134 vocantur
2552 3076 2621 3134 ut

309 3166 526 3249 spuria
570 3165 823 3244 haberi,
884 3166 1006 3231 nisi
1063 3166 1283 3229 adsint
1330 3165 1573 3229 motiva
1625 3167 1865 3250 gravia.
1955 3166 2104 3231 Jam
2152 3188 2301 3230 vero
2348 3167 2622 3231 maxime

311 3261 521 3346 quoad
580 3262 695 3325 illa
760 3263 970 3346 capita
1028 3261 1209 3325 Vitae
1267 3259 1609 3325 Hadriani
1669 3262 1919 3325 nullum
1984 3261 2256 3348 solidum
2315 3263 2621 3330 indicium

310 3358 520 3450 adest,
577 3364 653 3421 ut
706 3359 1041 3450 supposita
1095 3359 1341 3422 censeri
1394 3360 1672 3442 possint,
1723 3349 1804 3421 asc
1860 3349 2052 3422 nimis
2112 3361 2308 3423 etiam
2357 3361 2622 3426 arbitra-

309 3456 475 3518 rium
526 3460 641 3532 est,
689 3460 997 3533 statuere,
1046 3456 1129 3518 ab
1173 3455 1310 3538 ipso
1357 3459 1621 3519 auctore
1669 3450 1861 3522 Vitae
1906 3456 2180 3520 conficta
2209 3456 2413 3521 fuisse
2459 3480 2623 3542 quae

312 3558 592 3617 enarrat.
699 3550 888 3616 Unde
950 3554 1182 3617 merito
1239 3552 1399 3615 varii
1460 3556 1750 3616 auctores
1815 3573 2080 3637 graveS,
2143 3553 2242 3616 uti
2300 3553 2623 3620 Reumont

312 3670 386 3712 ac
442 3647 759 3726 Niehues‚
820 3648 994 3712 haud
1048 3649 1348 3713 obstante
1403 3649 1517 3713 illa
1573 3671 1739 3733 quae
1790 3650 1947 3733 ipsis
2008 3650 2224 3714 adesse
2282 3651 2623 3715 videbatur

309 3744 711 3824 difficultate,
761 3747 1202 3809 narrationem
1249 3767 1389 3809 eam
1437 3746 1619 3830 rejici
1666 3767 1800 3809 non
1845 3768 2030 3829 posse
2076 3751 2488 3810 censuerunt.
2543 3783 2618 3792 —

309 3840 650 3906 Caeterum
706 3841 1123 3907 difficultates
1179 3843 1344 3906 istae
1401 3844 1560 3906 satis
1614 3843 1778 3907 solvi
1831 3865 2016 3925 posse
2070 3843 2256 3907 nobis
2303 3844 2620 3920 videntur,

307 3938 363 4002 si
410 3938 566 4002 haec
613 3938 1057 4003 advertantur.

486 4075 588 4141 75.
667 4077 877 4152 Quum
944 4098 1160 4140 rerum
1236 4077 1634 4160 experientia
1702 4079 1840 4161 jam
1910 4081 2264 4157 constaret,
2341 4102 2379 4143 a
2445 4078 2619 4143 Lon·
2669 4086 2930 4158 Vindioqtur

307 4173 733 4257 gobardorum
806 4173 1064 4257 regibus
1140 4172 1565 4238 dominationi
1642 4175 1844 4239 totius
1916 4173 2146 4238 Italiae
2221 4175 2618 4240 inhiantibus
2703 4146 2892 4191 dmm·
