3270 5028
984 386 1195 442 Causae
1233 387 1597 456 principatum
1633 392 2038 455 praeparantes.
2565 389 2667 441 105

356 532 583 594 tueret.
682 528 840 593 Post
906 527 1061 592 haec
1129 530 1345 592 autem
1391 526 1452 590 is
1518 526 1656 608 ipse
1723 547 1844 591 reoe
1907 546 2200 610 eqressus
2260 526 2337 590 de
2400 527 2531 591 loco
2590 526 2663 593 in

355 625 580 704 locum,
627 645 832 706 usque
878 624 963 688 ad
996 623 1253 689 Padum
1297 622 1499 688 eidem
1545 628 1767 689 sancto
1812 622 1954 688 viro
1995 622 2332 688 conviatus
2378 623 2665 689 eumdem

351 720 641 787 deduxit.
731 721 818 786 In
865 741 990 803 quo
1048 720 1179 786 loco
1236 719 1295 784 ei
1348 719 1742 802 valefaciens
1799 740 1945 785 cum
1998 719 2199 802 (liqna
2257 719 2666 785 ordinatione

352 838 503 883 eum
547 817 988 901 repedandum
1033 816 1336 896 absolvit,
1394 816 1561 882 dans
1614 817 1690 881 in
1737 815 2111 898 obsequium
2165 817 2310 899 ejus
2371 816 2561 881 duces
2605 820 2667 881 et

344 914 668 998 primates
711 934 890 992 suos,
948 913 1059 978 sed
1103 917 1164 977 et
1209 912 1374 978 alios
1425 913 1627 993 viros,
1692 913 1807 996 qui
1852 934 2038 995 saepe
2095 913 2268 978 dicta
2314 913 2664 978 Ravenna·

355 1010 522 1076 tium
568 1010 908 1075 territoria
953 1014 1014 1074 et
1048 1007 1392 1074 Caesenate
1424 1014 1714 1075 castrum
1754 1010 2094 1075 redderent
2105 1029 2129 1088 ,·
2174 1014 2235 1074 et
2279 1010 2375 1075 ita
2413 1010 2665 1092 factum

353 1111 463 1171 est.
532 1144 617 1153 —
691 1108 883 1172 Vides
945 1130 1022 1173 ex
1085 1108 1212 1185 his,
1274 1111 1674 1192 quantopere
1734 1107 2040 1173 Pontifex
2105 1108 2524 1186 laboraverit,
2592 1118 2666 1172 ut

352 1205 767 1288 Imperatoris
814 1204 1166 1270 dominium
1212 1204 1626 1288 subsisteret,
1685 1208 1751 1269 et
1806 1209 2124 1289 quantum
2173 1206 2419 1269 alienus
2465 1206 2665 1270 fuerit
2717 1143 2733 1271 l

350 1324 390 1365 a
435 1301 808 1366 dominandi
855 1301 1226 1366 ambitione.

528 1450 631 1516 28.
694 1448 1095 1533 Luitprando
1164 1471 1336 1512 anno
1400 1449 1523 1512 744
1583 1453 1837 1514 mortuo
1904 1451 2206 1515 successit
2263 1448 2664 1516 Hildebran·
2699 1457 2862 1499 Rasshffl

348 1546 500 1626 dus,
559 1549 657 1612 cui
715 1552 859 1631 post
903 1546 1153 1629 aliquot
1208 1567 1461 1609 menses
1512 1567 1550 1608 a
1598 1546 1968 1629 proceribus
2015 1548 2303 1631 deposito
2353 1548 2662 1614 suffectus
2699 1519 2764 1560 1⁴⁰
2767 1519 2935 1570 ΨΜ
2924 1471 2976 1560 ed

351 1649 449 1709 est
504 1640 770 1731 Rachis.
875 1642 1074 1706 Initio
1138 1641 1396 1726 quidem
1459 1664 1604 1706 cum
1672 1643 1791 1707 1100
1858 1664 2010 1728 rege
2073 1665 2226 1727 pair,
2293 1644 2362 1707 in
2425 1645 2662 1728 viginti

351 1763 559 1813 annos
586 1734 595 1737 ’
624 1741 949 1817 conclusa,
1013 1743 1322 1803 renovata
1388 1743 1517 1816 est,
1586 1739 1698 1804 sed
1755 1741 1964 1823 ruptis
2026 1741 2230 1823 pactis
2294 1764 2469 1806 anno
2534 1742 2657 1806 749

350 1836 584 1902 Rachis
627 1835 1048 1919 Pentapolim
1109 1835 1499 1899 maritimam
1559 1836 2047 1919 praedabundus
2106 1838 2376 1920 invasit,
2437 1843 2504 1903 et
2551 1838 2662 1903 Pe·

351 1934 591 1998 rusiam
637 1935 707 1997 in
754 1933 1086 1997 obsidione
1133 1933 1365 1997 tenuit.
1440 1930 1588 1995 Hoc
1634 1930 1909 1996 audiens
1955 1931 2406 1999 sanctissimus
2451 1933 2657 2017 Papa,

351 2030 576 2095 scribit
621 2030 1036 2104 AnastasiuS,
1083 2027 1389 2093 continuo
1433 2049 1544 2110 spe
1587 2027 1817 2094 divina
1858 2029 2098 2111 fretus,
2146 2030 2498 2112 assumptis
2544 2031 2661 2096 ali-

354 2125 622 2208 quantis
666 2145 746 2189 eae
782 2145 900 2189 suo
945 2125 1109 2197 clero
1157 2145 1300 2190 cum
1357 2124 1779 2207 optimatibus
1824 2130 2068 2208 quanto
2116 2147 2302 2209 opus,
2362 2128 2448 2192 ad
2492 2149 2659 2193 eam·

350 2222 491 2287 dem
527 2221 827 2304 pervenit
872 2220 1216 2300 civitatem,
1262 2221 1697 2304 impensisque
1739 2221 1940 2287 eidem
1986 2223 2127 2305 reqi
2163 2223 2479 2305 plurimis
2520 2245 2660 2290 mu-

350 2319 617 2385 neribus
671 2323 863 2400 atque
921 2318 1151 2402 oppido
1207 2339 1352 2383 eum
1407 2319 1785 2401 deprecans,
1841 2318 2201 2401 opitulante
2246 2320 2534 2386 Domino
2580 2321 2659 2387 ab

351 2415 704 2482 obsessione
734 2414 945 2497 ipsius
977 2415 1265 2480 civitatis
1295 2436 1440 2480 eum
1474 2414 1735 2480 amovit.
1821 2412 1945 2480 Cui
1985 2420 2046 2480 et
2076 2415 2426 2498 salutifera
2461 2438 2661 2500 prae-

351 2512 605 2593 dicans,
672 2512 813 2578 Deo
858 2517 1121 2579 auctore
1179 2511 1392 2578 valuit
1452 2512 1595 2594 ejus
1657 2511 1951 2578 animam
2008 2512 2081 2578 in
2127 2512 2392 2596 speciali
2445 2514 2661 2581 studio

349 2610 689 2676 inclinare.
780 2610 875 2674 Et
919 2614 1071 2692 post
1124 2609 1497 2692 aliquantos
1549 2608 1686 2674 clies
1740 2609 1943 2675 isdem
1991 2609 2244 2675 Rachis
2298 2631 2417 2675 rex
2459 2612 2660 2678 relin-

349 2727 552 2790 quens
596 2706 877 2789 reqalem
920 2705 1332 2790 diqnitatem,
1384 2706 1613 2771 ,decore
1660 2727 1805 2771 cum
1864 2726 2068 2771 uxore
2124 2712 2184 2771 et
2224 2706 2385 2787 filiis
2431 2707 2518 2773 acl
2563 2708 2660 2773 be·
2705 2755 2710 2818 ί

350 2803 447 2869 ati
493 2803 679 2868 Petri
716 2803 1047 2886 principis
1085 2803 1541 2886 Apostolorum
1588 2802 1934 2886 conjunxit
1980 2802 2231 2882 limina,
2279 2809 2661 2886 acceptaque
2703 2825 2706 2886 g

351 2921 392 2965 a
445 2901 756 2983 praefato
819 2900 1227 2965 sanctissimo
1292 2899 1482 2981 Papa
1545 2899 1867 2978 oratione,
1945 2899 2337 2982 clericusque
2400 2901 2660 2984 effectus
2707 2895 2708 2904 ’

349 2996 721 3062 monachico
763 2996 1040 3063 inclutus
1095 3001 1189 3061 est
1242 2996 1472 3061 habitu
1530 3017 1677 3062 cum
1735 3016 1939 3061 uoeore
1994 3000 2054 3060 et
2103 2995 2279 3076 filiis.
2373 2996 2476 3061 Ita
2521 3001 2658 3092 iam

349 3099 581 3179 quater
653 3096 902 3159 influxu
968 3118 1083 3160 suo
1145 3095 1369 3158 morali
1443 3094 1774 3168 Romanus
1839 3092 2141 3158 Pontifex
2216 3093 2419 3159 Italos
2485 3093 2660 3160 Lon-

348 3191 647 3277 gbbardis
716 3193 1002 3256 nondum
1083 3192 1409 3276 subjectos
1483 3192 1564 3254 ab
1631 3190 1860 3255 horum
1933 3190 2375 3256 dominatione
2448 3213 2696 3278 serva-p

351 3290 563 3364 verat,
629 3293 822 3371 atque
880 3303 1013 3352 11011
1079 3287 1328 3370 decepti
1393 3291 1547 3350 sunt
1605 3287 1713 3370 qui
1770 3287 1838 3349 in
1904 3286 2043 3369 ipso
2103 3288 2358 3352 unicam
2426 3290 2657 3352 consti·

348 3388 614 3447 tuerant
679 3406 874 3467 spem.
996 3384 1370 3449 Auctoritas
1443 3381 1626 3447 Sedis
1695 3381 2104 3465 Apostolicae
2181 3385 2262 3447 ad
2337 3407 2658 3450 summum

348 3488 732 3565 pervenerat
775 3480 1137 3565 fastigium,
1194 3480 1541 3563 imperialis
1583 3501 1735 3544 vero
1794 3480 2199 3546 auctoritatis
2249 3482 2477 3545 umbra
2521 3486 2662 3546 tan-

348 3582 485 3642 tum
504 3582 887 3660 supererat,
937 3578 1245 3668 quodque
1280 3577 1564 3668 nondum
1594 3577 1871 3672 penitus
1919 3577 2243 3674 periisset,
2297 3579 2485 3670 1111100
2530 3578 2660 3654 RQ-

348 3695 539 3739 mano
582 3672 917 3766 Pontifici
937 3675 1310 3760 debebatur.
1737 3668 1864 3676 'm'
1927 3670 1992 3676 Ψ

527 3814 628 3876 29.
692 3812 769 3874 In
827 3835 1028 3897 regno
1077 3813 1654 3898 Longobardorum
1716 3812 2018 3877 successit
2078 3812 2379 3878 Rachisio
2426 3837 2484 3878 a.
2536 3816 2662 3878 750
2687 3824 2773 3867 Ais
2752 3826 2972 3877 stulphus·

350 3907 770 3991 Aistulphu8‚
834 3911 945 3994 qui
989 3932 1137 3974 mox
1189 3914 1436 3974 armata
1480 3931 1675 3972 manu
1738 3909 2150 3975 exarchatum
2195 3910 2663 3977 Ravennaten-

347 4029 481 4071 sem
526 4007 788 4070 invasit.
883 4006 1273 4090 Eutychum,
1320 4007 1429 4090 qui
1473 4006 1599 4070 fuit
1647 4006 2062 4071 exarcharum
2111 4007 2461 4073 Ravennae
2507 4010 2664 4074 ulti-

348 4126 517 4180 mus,
579 4104 715 4186 regi
780 4104 1078 4169 resistere
1140 4127 1269 4168 non
1320 4104 1543 4168 valens
1602 4103 1892 4186 confugit
1954 4102 2313 4187 Neapolim.
2421 4105 2664 4170 Aistul·
