3270 5028
1054 429 1270 483 Bellum
1309 435 1502 483 contra
1537 428 1945 497 Longobardos.
2546 434 2648 485 133

342 566 531 631 Petri
561 571 623 632 et
657 567 851 633 venia
879 568 1259 634 delictorum
1286 588 1594 648 suorum,·
1639 587 1933 633 asserens
1977 573 2037 633 et
2067 569 2200 647 hoo,
2249 570 2419 652 quod
2460 571 2649 637 nulla

338 684 488 729 eum
549 663 844 730 thesauri
905 665 1088 749 copia
1153 666 1426 732 suadere
1483 665 1753 744 valeret,
1829 670 1905 731 ut
1977 666 2145 747 quod
2219 666 2410 731 semel
2470 667 2647 732 beato

224 778 231 785 ⁸
341 760 539 827 Petro
599 760 860 840 obtulit,
921 763 1233 845 auferret.
1333 762 1428 827 Et
1472 761 1627 827 haec
1677 762 2013 845 praedicto
2068 763 2400 845 imperiali
2452 763 2649 828 misso

336 857 613 922 reddens
663 857 738 922 in
793 859 1152 942 responsiS,
1212 859 1518 924 continuo
1574 878 1720 923 eum
1776 858 1862 924 ad
1907 859 2186 941 propria
2229 859 2649 925 remeandum

328 973 456 1035 per
518 953 722 1019 aliam
785 954 962 1020 viam
1022 956 1323 1035 absolvit,
1390 955 1504 1037 qui
1568 959 1629 1019 et
1690 954 1832 1020 sine
1883 955 2110 1039 effectu
2165 956 2446 1021 Romam
2506 977 2649 1022 con-

322 1049 644 1135 junxit.¹)

516 1178 620 1242 57.
687 1179 804 1249 Ex,
854 1179 1027 1243 hisce
1088 1178 1291 1260 vides,
1356 1181 1436 1243 ab
1489 1179 1890 1262 Imperatore
1955 1178 2387 1243 Constantino
2456 1187 2650 1264 neg'o-
2684 1181 2960 1235 E¹P⁶¹¹¹¹it¹¹r

340 1274 614 1340 tiatione
674 1275 1083 1358 diplomatica
1142 1282 1357 1340 actum
1416 1297 1583 1352 esse,
1642 1279 1716 1338 ut
1759 1275 1987 1339 ltaliae
2049 1277 2439 1358 provinciam
2498 1297 2646 1340 con·
2695 1254 2962 1296 re⁸p⁰n⁸⁰m

342 1377 656 1454 servaret3
715 1373 825 1436 sed
880 1373 1112 1436 merito
1159 1371 1424 1455 Pipinus
1483 1373 1798 1436 recusavit
1852 1373 1972 1454 ipsi
2028 1371 2289 1435 reddere
2340 1394 2462 1437 eas
2492 1395 2649 1457 quas

339 1467 789 1552 Longobardis
835 1471 1109 1551 eriperet
1149 1468 1462 1533 civitateS.
1539 1455 1985 1552 Imperatores,
2035 1470 2130 1531 uti
2176 1469 2469 1547 vidimus,
2510 1472 2647 1553 jam
2688 1464 2697 1531 ι’

341 1565 598 1629 Italiam
658 1568 884 1629 contra
926 1563 1388 1648 Longobardos
1449 1587 1582 1630 non
1646 1566 2031 1642 tuebantur,
2093 1565 2289 1649 hique
2348 1565 2414 1629 in
2466 1588 2647 1630 suam

341 1664 725 1744 potestatem
776 1662 1185 1725 exarchatum
1235 1662 1523 1746 aliasque
1565 1663 1926 1745 provincias
1974 1662 2381 1746 redegerant.
2459 1661 2649 1728 Certe

337 1778 596 1821 exosam
659 1757 852 1842 hujus
914 1760 1127 1842 gentis
1191 1757 1604 1840 tyrannidem
1666 1758 1973 1822 Pontifex
2034 1751 2229 1842 atque
2292 1757 2449 1823 Itali
2515 1781 2646 1824 non

339 1854 734 1918 tenebantur
778 1854 1020 1931 subire,
1085 1876 1159 1919 ac
1206 1856 1355 1937 jure
1411 1855 1478 1917 in
1529 1855 1839 1918 auxilium
1885 1854 2221 1919 Gallorum
2282 1877 2498 1940 regem
2547 1877 2650 1919 vo·

336 1955 660 2015 caverant.
758 1949 968 2015 'Porro
1031 1953 1086 2014 si
1147 1951 1512 2034 provinciae
1564 1951 1716 2015 illae
1779 1951 2157 2034 Imperatori
2216 1972 2445 2037 graeco
2510 1952 2652 2017 red-

336 2047 516 2111 ditae
563 2052 797 2122 essent,
846 2047 1020 2111 brevi
1070 2046 1287 2111 eadem
1339 2069 1554 2110 rerum
1600 2048 1884 2112 conditio
1931 2046 2239 2125 rediisset,
2287 2070 2361 2113 ac
2394 2048 2648 2134 Longo·

340 2144 681 2208 bardorum
728 2144 1065 2208 infestatio
1118 2142 1544 2226 perdurasset.
1634 2143 1779 2207 Imo
1826 2142 2100 2208 vidimus
2145 2144 2245 2207 vel
2303 2144 2475 2227 ipsos
2522 2146 2650 2209 Im·

341 2245 668 2324 peratores
732 2242 1154 2305 iconoclastas
1218 2238 1438 2303 hostili
1509 2241 1724 2304 animo
1786 2240 1855 2303 in
1915 2239 2262 2304 Pontifices
2322 2246 2387 2305 et
2444 2241 2649 2308 Italos

337 2339 581 2421 passim
610 2334 853 2421 egisse.
926 2336 1084 2400 Jure
1149 2335 1297 2399 belli
1361 2337 1559 2420 igitur
1604 2336 1874 2419 Pipinus
1930 2339 2184 2419 poterat
2228 2338 2329 2401 vel
2376 2339 2497 2402 sub
2552 2361 2655 2403 su-

342 2455 560 2518 premo
617 2456 732 2498 suo
789 2432 1068 2498 dominio
1113 2433 1256 2497 illas
1303 2433 1665 2517 provincias
1708 2437 1782 2497 ut
1827 2432 2075 2497 easdem
2125 2438 2493 2520 protegeret
2548 2458 2649 2500 re-

337 2533 579 2612 tinere,
630 2531 767 2595 vel
779 2552 886 2594 eas
933 2531 1187 2594 tradere
1232 2529 1525 2595 Romano
1571 2530 1911 2605 Pontifici,
1973 2533 2046 2594 ut
2100 2532 2218 2594 sub
2265 2533 2404 2616 ejus
2451 2531 2650 2598 domi-

340 2628 452 2691 nio
496 2626 648 2692 Itali
702 2628 801 2691 sui
852 2627 1020 2710 juris
1084 2632 1314 2690 essent.
1405 2625 1552 2690 Jam
1612 2648 1763 2691 vero
1811 2625 2074 2690 Francis
2135 2628 2477 2706 motivum,
2539 2651 2652 2694 cur

342 2724 575 2789 bellum
620 2725 1044 2834 susciperent,
1092 2727 1232 2787 erat
1268 2721 1595 2786 Pontificis
1638 2727 1703 2800 et
1736 2709 2057 2787 Ecclesiae
2100 2723 2408 2801 defensi03
2455 2730 2650 2810 atque

339 2842 418 2884 ea
462 2821 715 2885 ratione
758 2821 1041 2903 apprime
1088 2819 1240 2883 ordo
1287 2841 1498 2883 rerum
1543 2820 1611 2883 in
1661 2819 1848 2883 Italia
1892 2803 2230 2884 videbatur
2277 2844 2458 2931 posse
2502 2845 2651 2887 con—

342 2918 529 2980 stitui
572 2939 645 2981 ac
676 2917 934 2995 servari,
982 2920 1054 2980 ut
1084 2916 1589 2979 concederentur
1621 2919 1885 2980 sanctae
1920 2915 2072 2980 Sedi
2115 2918 2480 2999 provinciae
2511 2920 2647 2983 vin-

337 3013 587 3078 dicatae
633 3032 670 3076 a
716 3012 1188 3097 LongobardiS,
1234 3013 1703 3094 protectionem
1750 3034 1900 3077 vero
1943 3017 2317 3096 perpetuam
2365 3014 2649 3080 Franco-

341 3132 482 3174 rum
529 3131 711 3194 reges
756 3110 1175 3192 susciperent.
1266 3106 1559 3191 Sapienti
1620 3109 1887 3173 consilio
1934 3108 2201 3191 Pipinus
2260 3132 2334 3174 ac
2378 3110 2650 3194 Stepha-

343 3208 465 3270 n'us
501 3207 640 3291 jam
689 3211 883 3270 antea
923 3205 1043 3269 hac
1088 3204 1342 3268 ratione
1390 3206 1608 3269 omnia
1656 3204 2133 3288 disposuerant,
2181 3207 2648 3292 consiliumque

341 3308 718 3386 conceptum
764 3302 1042 3367 feliciter
1087 3301 1166 3364 ad
1213 3300 1407 3365 finem
1459 3300 1727 3384 Pipinus
1775 3302 2095 3385 perduxit.

521 3442 625 3506 58.
674 3442 752 3506 In
816 3440 963 3506 Vita
1010 3439 1328 3523 Stephani
1374 3442 1543 3526 apud
1590 3442 2009 3509 Anastasium
2057 3446 2265 3508 exitus
2314 3445 2466 3509 belli
2509 3468 2646 3510 sus·
2667 3476 2827 3519 Exitus
2857 3478 2977 3519 beni,

339 3540 542 3622 cepti,
591 3542 657 3603 et
703 3539 968 3603 donatio
1013 3542 1276 3603 sanctae
1326 3537 1475 3603 Sedi
1522 3539 1696 3603 facta
1740 3538 1917 3604 hisce
1969 3545 2369 3606 recensetur:
2432 3541 2646 3620 „Dum

344 3658 492 3699 vero
566 3636 897 3699 antefatus
970 3634 1466 3718 benignissimus
1537 3634 1807 3718 Pipinus
1876 3637 2276 3703 Francorum
2353 3660 2465 3702 rex
2532 3638 2647 3703 Pa·

341 3733 508 3842 piam
559 3732 860 3796 obsidens
907 3732 1385 3815 constringeret
1431 3731 1789 3812 civitatem,
1844 3738 2004 3799 tunc
2048 3735 2433 3818 Aistulphus
2482 3741 2647 3802 atro-

339 3830 635 3893 cissimus
697 3851 808 3892 rex
857 3828 1452 3938 Longobardoruin,
1513 3834 1587 3892 ut
1634 3831 1890 3893 veniam
1936 3830 2030 3893 illi
2079 3830 2394 3895 tribueret
2455 3835 2522 3895 et
2567 3833 2649 3896 ab

339 3926 672 3990 obsidione
739 3930 1040 4004 cessaret,
1100 3947 1259 4008 quas
1329 3904 1505 4008 prius
1573 3931 2050 4010 contempserat
2116 3928 2506 4011 conscriptas
2579 3929 2649 3993 in

519 4165 559 4228 ¹)
598 4163 731 4218 Vita
768 4164 1026 4233 Stephani
1066 4166 1137 4217 Π.
1179 4182 1221 4218 c.
1261 4167 1348 4220 43.
1383 4168 1468 4217 44.
1508 4167 1593 4218 45.
