3270 5028
652 453 757 503 202
1189 450 1271 505 De
1309 451 1541 517 Imperio
1585 454 1643 504 et
1679 451 1744 504 de
1781 451 2030 504 Ecclesia
2068 466 2208 506 saec.
2246 468 2406 505 ncnc.

652 594 954 656 vincente
1032 592 1343 656 nobilium
1421 596 1631 675 parte,
1712 593 2095 676 subrogatus
2166 599 2358 677 atque
2432 593 2767 658 ordinatus
2838 599 2961 657 est.

332 686 558 788 Bazenilps
578 687 616 728 ¹·
650 689 971 771 Acceptus
1038 689 1240 772 igitur
1308 689 1435 752 suit
1506 687 1836 772 Eugenius
1904 691 2072 772 parti
2139 691 2451 754 nobilium
2521 713 2685 773 quae
2754 690 2984 774 Impe-'

145 795 316 871 Cass„
524 778 559 851 ,ζ
650 786 886 850 ratoris
942 786 1275 868 potentiae
1336 786 1562 850 faveba
1607 835 1621 862 ,
1659 782 1772 849 ‘un
1823 807 1855 848 e
1903 785 2069 851 forte
2118 788 2503 868 explicatur,
2569 788 2736 871 quod
2781 786 2961 851 Pon-

560 883 810 951 ratifex
858 881 1007 946 dein
1053 883 1305 946 facilius
1353 882 1430 945 de
1480 882 1667 946 rebus
1712 882 1951 947 Romae
1999 884 2411 967 disponendis
2460 904 2600 948 cum
2647 884 2960 948 Lothario

648 979 1045 1062 Imperatore
1135 978 1529 1044 convenerit.
1642 978 1999 1044 Ludovicus
2095 980 2245 1046 Pius
2340 982 2667 1058 videlicet,
2757 1003 2960 1064 quum

648 1077 1024 1141 electionem
1083 1074 1367 1160 Eugenii
1438 1076 1789 1158 turbasque
1868 1098 1940 1140 ea
2007 1079 2338 1143 occasione
2412 1078 2721 1142 excitatas
2788 1077 2962 1141 audi-

646 1175 869 1248 visset,
954 1172 1226 1237 Romam
1301 1172 1539 1237 direxit
1603 1171 1983 1236 Lotharium
2056 1174 2256 1238 filium
2318 1197 2505 1238 suum
2566 1180 2634 1239 et
2696 1174 2961 1257 Imperii

647 1276 1041 1352 consortem,
1105 1277 1182 1333 ut
1243 1291 1386 1332 cum
1448 1290 1614 1332 novo
1663 1268 1977 1333 Pontifice
2038 1271 2400 1355 populoque
2459 1271 2750 1335 Romano
2811 1292 2959 1334 cou-

592 1369 975 1442 ·stitueret,
1071 1389 1233 1450 quae
1322 1386 1537 1429 rerum
1625 1366 1972 1430 necessitas
2047 1369 2301 1451 exigere
2372 1367 2727 1431 videbatur.
2824 1366 2956 1430 Lo-

648 1464 896 1528 tharius
988 1463 1244 1548 quidem
1331 1463 1510 1526 nisus
1595 1465 1693 1525 est
1777 1461 2175 1545 imperialem
2251 1468 2639 1546 potestatem
2713 1463 2958 1527 Romae

647 1560 1065 1644 amplificare3
1137 1560 1245 1625 sed
1317 1557 1648 1643 Eugenius
1718 1580 1916 1642 quum
1986 1566 2153 1624 esset
2228 1561 2325 1624 vir
2400 1567 2541 1625 tum
2607 1560 2961 1651 virtutibus

650 1666 788 1721 tum
850 1658 1048 1721 animi
1104 1657 1359 1721 dotibus
1417 1655 1768 1734 excellens,
1831 1655 2175 1738 prudentia
2232 1679 2348 1722 sua
2407 1663 2470 1721 et
2523 1657 2784 1721 influxu*
2818 1656 2962 1739 per-

649 1756 856 1820 sonali
916 1758 1230 1838 quantum
1290 1753 1504 1837 potuit
1561 1752 1798 1827 effecit,
1858 1757 1933 1816 ut
1991 1755 2404 1827 convenienti
2462 1755 2649 1819 modo
2711 1758 2776 1817 et
2814 1753 2961 1817 sine

651 1851 980 1915 Pontificis
1028 1852 1277 1935 injuria
1335 1849 1488 1913 illud
1544 1847 1895 1929 imperium
1957 1849 2269 1930 mixtum,
2328 1852 2496 1935 quod
2549 1851 2788 1915 Romae
2848 1851 2963 1913 ob-

651 1948 924 2022 tinebat,
974 1947 1403 2012 ordinaretur.

316 2078 629 2183 ”22¹¹{fgssgfflssi
826 2089 929 2150 40.
992 2051 1504 2150 Constitutione-s·
1573 2093 1794 2149 tamen
1870 2084 2183 2169 quaedam
2257 2108 2294 2148 a
2365 2084 2671 2151 Lothario
2747 2085 2966 2151 factae

374 2175 379 2180 ’
650 2187 825 2261 sunt,
878 2184 1105 2267 quibus
1134 2164 1466 2247 Pontificis
1499 2182 1752 2265 quidem
1786 2183 2117 2245 securitati
2158 2182 2549 2265 providebat,
2609 2184 2716 2246 sed
2761 2184 2960 2249 etiam

650 2281 1001 2344 dominium
1074 2303 1259 2344 suum
1329 2280 1656 2361 imperiale
1716 2278 2159 2342 vehementius
2216 2280 2503 2363 urgebat.
2599 2278 2955 2364 Postquam

653 2379 822 2441 enim
871 2378 1078 2457 capite
1124 2377 1332 2457 primo
1382 2376 1575 2451 dixit,
1627 2397 1694 2438 se
1754 2375 2131 2449 decernere,
2191 2378 2264 2438 ut
2311 2374 2541 2439 domno
2589 2375 2962 2457 Apostolico

650 2473 725 2539 in
773 2470 1070 2538 omnibus
1110 2471 1302 2554 justa
1348 2491 1452 2535 362
1452 2475 1641 2535 vetur
1686 2469 2074 2550 obedientia,
2138 2491 2249 2536 3622
2296 2471 2566 2538 (1226212223
2613 2477 2671 2537 61
2703 2472 2956 2556 92221262-

654 2572 770 2637 12223
824 2569 977 2634 32223
1023 2570 1108 2633 2221
1149 2569 1489 2651 justitiam
1545 2568 1955 2650 faciendam,·
2012 2581 2077 2633 et
2124 2571 2333 2651 capite
2380 2577 2609 2654 quarto
2658 2573 2819 2636 velle
2865 2595 2953 2648 se,

650 2673 723 2733 ut
780 2666 965 2733 missi
1021 2667 1509 2732 constituantur
1573 2685 1614 2729 a
1670 2665 1901 2736 domno
1949 2664 2312 2749 Apostolico
2359 2671 2419 2730 et
2464 2686 2505 2730 a
2551 2666 2762 2745 2201223,
2841 2667 2964 2748 qui

652 2765 1001 2831 annuatim
1045 2757 1230 2829 nobis
1275 2761 1690 2840 renuntiant,
1750 2761 2030 2843 qualiter
2078 2761 2325 2845 322292212
2371 2762 2561 2827 2122663
2605 2769 2666 2840 61
2697 2763 2959 2846 judices

639 2862 979 2945 justitiam
1022 2860 1265 2948 populo
1318 2859 1608 2941 faciunt,
1667 2863 1727 2923 et
1772 2857 2080 2940 quomodo
2125 2863 2353 2922 nostra
2398 2859 2772 2926 constitutio
2819 2882 2962 2925 ser-

637 2959 876 3039 'vetur;
947 2967 1232 3024 reservat,
1291 2965 1510 3022 tamen
1571 2958 1694 3020 sibi
1760 2962 1982 3039 postea
2044 2978 2410 3039 supremum
2474 2958 2790 3040 quoddam
2852 2959 2959 3023 do-

653 3059 922 3121 minium
978 3058 1188 3139 capite
1244 3061 1496 3118 octavo:
1558 3052 1826 3117 Placuit
1871 3051 2068 3116 etiam
2114 3051 2322 3130 2201223,
2388 3059 2461 3116 221
2506 3054 2720 3119 62222612
2766 3054 2988 3124 duces.

656 3158 715 3217 61
743 3152 1017 3236 922212663,
1078 3151 1210 3215 sive
1258 3150 1378 3215 alii
1410 3150 1537 3232 qui
1584 3149 1852 3214 caeteris
1891 3168 2188 3231 praeesse
2235 3148 2485 3228 216126221,
2543 3150 2617 3215 222
2663 3145 2958 3227 nostram

646 3248 1090 3331 praesentiam
1145 3247 1299 3312 dum
1347 3247 1595 3311 Romae
1649 3267 1875 3311 sumus
1921 3245 2324 3310 conveniant.
2434 3247 2738 3314 Volumus
2782 3246 2996 3312 6222222,

655 3350 715 3409 61
788 3365 1134 3410 22222226ν22222
1211 3348 1271 3407 61
1347 3344 1613 3408 nomina
1698 3341 1892 3420 scire,
1966 3347 2026 3405 et
2098 3340 2379 3423 3222922123
2453 3343 2528 3407 216
2591 3343 2999 3409 ministerio,

655 3440 780 3506 32122
845 3441 1082 3506 credito
1157 3439 1662 3504 admonitionem
1727 3438 2018 3521 facere.¹)
2100 3474 2177 3484 —-
2250 3439 2688 3505 Constitutum
2761 3444 2960 3505 etiam

656 3544 751 3603 est
808 3540 1014 3622 capite
1069 3539 1327 3622 quinto,
1387 3542 1462 3600 ut
1502 3537 1568 3599 in
1615 3536 1790 3600 Urbe
1836 3538 2108 3620 quisque
2155 3538 2366 3601 vivere
2413 3543 2629 3620 posset,
2663 3546 2740 3606 et
2778 3539 2955 3623 judi-

656 3636 784 3700 cari
847 3635 1193 3706 secundum
1264 3632 1421 3697 illud
1481 3635 1586 3718 jus
1652 3632 1820 3715 quod
1887 3634 2183 3717 eligeret,
2255 3634 2355 3696 vel
2421 3633 2781 3698 Romanum
2853 3636 2960 3698 vel

647 3734 756 3816 jus
817 3732 1302 3796 Germanorum.
1394 3730 1594 3805 Quum
1664 3729 1956 3795 videlicet
2021 3729 2291 3794 Romani
2350 3752 2587 3815 magno
2649 3754 2789 3795 cum
2853 3754 2959 3805 ar-

655 3829 806 3892 dore
897 3829 1031 3913 juri
1124 3828 1414 3891 Romano
1521 3825 1983 3912 adhaererent,
2084 3828 2367 3891 coloniae
2472 3828 2954 3910 peregrinorum

657 3926 1133 4008 praeferebantr
1196 3928 1294 4009 jus
1373 3922 1888 4000 Germanicum,
1942 3945 2066 4005 quo
2153 3925 2357 4007 major
2438 3925 2722 4005 personis
2807 3947 2958 3989 con-

802 4195 840 4262 ¹)
880 4196 944 4249 V.
986 4189 1420 4251 Constitutiones
1460 4210 1544 4260 ap.
1582 4192 1743 4260 Pagi,
1785 4191 1987 4248 Critica
2025 4196 2092 4248 ad
2134 4211 2181 4247 a.
2219 4193 2339 4258 824,
2378 4210 2431 4245 n.
2470 4195 2516 4246 3.
