3270 5028
878 511 960 565 De
997 511 1376 565 Decretalibus
1414 509 1995 565 Pseudo-IsidorianiS.
2485 513 2590 564 275

282 650 361 714 ad
424 652 566 716 illas
631 652 995 717 Decretales
1058 649 1516 735 provocatur.1)
1616 651 1842 729 Vides,
1911 655 2160 735 quanta
2222 651 2591 735 frequentia

279 748 349 811 in
398 746 672 813 Francia
728 750 905 813 brevi
948 753 1235 832 tempore
1292 749 1441 813 illae
1489 748 1859 813 Decretales
1904 750 2139 813 citatae
2187 752 2254 813 et
2303 749 2590 832 prolatae

278 843 526 908 fuerint
580 845 659 909 ad
712 847 975 929 negotia
1034 846 1465 910 ecclesiastica
1517 846 1903 921 dirimenda;
1964 866 2083 909 nec
2130 845 2463 908 minimum
2513 844 2590 908 ad

279 940 342 1005 id
405 941 821 1007 contribuisse
890 942 1126 1006 dixeris
1190 943 1398 1024 ipsum
1463 940 1889 1006 Hincmarum
1953 939 2412 1017 Rhemensem,
2479 942 2590 1025 qui

278 1038 472 1121 toties
517 1037 740 1102 iisdem
786 1037 1184 1103 documentis
1231 1038 1452 1102 utitur.

458 1161 559 1224 64.
640 1159 765 1225 Sed
841 1182 1035 1244 quum
1105 1160 1495 1224 Hincmarus
1573 1158 1956 1225 Rhemensis
2030 1160 2202 1224 inter
2270 1161 2589 1245 praesules
2622 1164 2890 1268 Ilgnnomarps

282 1254 528 1320 Galliae
587 1255 880 1321 doctrina
944 1262 1009 1320 et
1073 1257 1458 1321 auctoritate
1515 1258 1853 1335 emineret,
1922 1257 2042 1322 hac
2102 1256 2170 1319 in
2229 1278 2298 1320 re
2362 1279 2434 1322 ea
2473 1262 2590 1340 ,est
2665 1228 2937 1270 hemmam-

280 1354 572 1436 quaestio
620 1353 978 1437 tangenda,
1035 1354 1243 1437 qualis
1300 1353 1500 1418 fuerit
1556 1347 1694 1437 ejus
1742 1352 1819 1416 de
1866 1352 2589 1418 Pseudo-Decretalibus

278 1450 620 1527 sententia,
665 1454 731 1514 et
778 1472 861 1513 an
908 1449 1045 1533 ipse
1089 1449 1493 1533 persenserit,
1548 1449 1800 1513 easdem
1849 1449 2017 1512 haud
2066 1471 2202 1514 esse
2248 1451 2586 1534 genuinas,

285 1545 507 1610 Plures
554 1550 842 1611 auctores
885 1546 1315 1624 contendunt,
1370 1546 1795 1611 Hincmarum
1835 1547 1972 1629 jam
2020 1546 2399 1623 advertisse,
2443 1548 2587 1611 illas

279 1643 648 1729 Decretales
694 1643 944 1727 spurias
989 1639 1202 1725 esse.²)
1292 1642 1509 1707 Etiam
1556 1642 1626 1707 F.
1675 1643 1764 1708 X.
1807 1642 2025 1710 Kraus
2076 1643 2148 1706 in
2203 1665 2319 1707 sua
2363 1641 2587 1707 Histo·
2680 1659 2687 1664 ·

278 1736 385 1802 ria
431 1737 857 1803 ecclesiastiea
914 1739 1273 1815 existimat,
1332 1740 1624 1804 fraudem
1671 1737 2203 1804 Pseudo-Isidori
2256 1740 2338 1803 ab
2386 1740 2585 1804 Hinc·

277 1857 456 1900 maro
516 1835 716 1901 fuisse
777 1836 1094 1920 agnitam,
1154 1836 1264 1900 sed
1320 1836 1743 1900 nihilominus
1806 1836 2048 1919 ipsum,
2099 1837 2357 1918 quando
2410 1835 2474 1899 id
2530 1839 2588 1901 ei

278 1938 710 2015 opportunum
771 1933 1131 2011 videbatur,
1191 1933 1269 1996 ad
1325 1932 1469 1997 illas
1514 1930 1886 1997 Decretales
1942 1931 2393 2016 provocasse.⁸)
2482 1933 2586 1997 Ill.

277 2028 539 2106 Hefele,
610 2030 899 2113 quamvis
970 2029 1204 2112 passim
1268 2029 1593 2105 advertat,
1628 2058 1631 2060 Α
1665 2028 2086 2093 Hincmarum
2151 2029 2381 2093 citasse
2443 2031 2587 2094 illas

274 2124 644 2189 Decretales
677 2125 958 2210 adeoque
1007 2146 1134 2190 non
1185 2126 1507 2190 dubitasse
1554 2124 1631 2188 de
1660 2123 2078 2208 'genuinitate
2125 2123 2424 2204 earum‚4)
2480 2126 2588 2189 du-

278 2222 454 2286 bium
509 2226 730 2286 tamen
784 2223 1108 2307 prolatum
1167 2223 1418 2310 invenit
1475 2222 1544 2286 in
1601 2222 1874 2307 epistola
1927 2222 2038 2285 illa
2096 2223 2323 2286 acerba
2375 2221 2587 2287 Caroli

279 2318 458 2405 Cakzi
518 2320 597 2383 ad
643 2318 1044 2383 Hadrianum
1091 2318 1205 2396 IL,
1265 2341 1458 2403 quam
1506 2318 1587 2381 ab
1637 2318 1989 2382 Hincmaro
2045 2319 2408 2383 confectam
2456 2341 2589 2383 esse

278 2412 923 2499 animadvertimus.⁵)
974 2452 1056 2460 —-
1105 2416 1439 2494 Attamen,
1485 2436 1554 2478 re
1604 2415 1765 2479 bene
1808 2415 2194 2493 examinata,
2241 2436 2588 2497 censemUS,

279 2511 702 2578 Hincmarum
764 2513 1237 2596 genuinitatem
1305 2510 1745 2577 Decretalium
1815 2534 1950 2576 non
2010 2534 2268 2577 vocasse
2334 2514 2406 2576 in
2473 2513 2585 2578 du-

279 2609 484 2687 bium,
552 2609 662 2673 sed
705 2610 1000 2695 noluisse
1054 2609 1134 2673 iis
1190 2610 1473 2674 tribuere
1530 2607 1985 2673 auctoritatem
2028 2607 2448 2687 eanonicam,
2513 2631 2588 2673 eo

280 2704 450 2788 quod
495 2728 631 2770 non
676 2706 1169 2770 continerentur
1213 2707 1283 2770 in
1330 2705 1558 2770 Codice
1603 2704 2025 2771 Hadriatico:

456 2845 560 2913 65.
631 2846 1118 2912 Genuinitatem
1194 2847 1275 2911 ab
1342 2845 1695 2910 Hincmaro
1770 2866 1900 2909 non
1968 2867 2106 2910 esse
2180 2847 2246 2909 in
2324 2846 2588 2925 dubium
2651 2862 2885 2933 Impugnat

279 2949 573 3010 vocatam
642 2944 873 3007 merito
939 2965 1018 3006 ex
1083 2964 1159 3007 eo
1226 2942 1533 3021 infertur,
1601 2939 1773 3026 quod
1838 2943 1974 3025 ipse
2028 2941 2218 3007 toties
2278 2964 2383 3007 eas
2440 2925 2921 3006 cita-‘²¹¹⁰t0n‘at0m·

279 3042 474 3124 verit3
539 3044 733 3125 atque
778 3040 899 3104 hoc
958 3043 1411 3124 argumentum
1455 3043 1554 3102 est
1614 3038 2145 3121 peremptorium,
2211 3038 2336 3102 nisi
2394 3037 2590 3102 fuerit

279 3139 549 3223 positive
608 3136 984 3221 probatum,
1044 3141 1405 3220 suspectam
1466 3135 1662 3199 fuisse
1722 3136 1817 3199 illi
1872 3133 2308 3199 Decretalium
2362 3135 2590 3220 genui-

277 3235 570 3299 nitatem.
643 3269 728 3279 -—
798 3232 1139 3297 Caeterum
1208 3254 1388 3296 suam
1451 3231 1528 3296 de
1593 3254 1811 3296 earum
1878 3229 2268 3296 auctoritate
2330 3236 2590 3296 senten-

278 3331 438 3395 tiam
484 3331 651 3395 clare
699 3329 927 3413 aperit,
974 3328 1123 3393 dum
1169 3330 1241 3391 in
1276 3327 1595 3412 Opusculo
1629 3326 1766 3392 LV.
1812 3327 2254 3411 Capitulorum
2299 3350 2352 3393 c.
2384 3326 2589 3393 XXV.

279 3427 533 3492 scribit:
595 3424 689 3489 Et
744 3424 896 3494 illas
956 3423 1258 3507 epistolas
1315 3427 1694 3489 sanctorum
1755 3427 1817 3487 et
1877 3422 2372 3507 apostolicorum
2419 3423 2587 3488 viro·

279 3543 431 3588 rum
488 3521 763 3587 diversis
818 3519 1210 3604 temporibus
1261 3541 1387 3603 pro
1445 3519 1852 3587 diversorum
1909 3519 2367 3600 consolatione,
2422 3521 2591 3587 sicut

280 3624 342 3684 et
406 3619 630 3685 beatus
679 3617 982 3706 Gelasius
1043 3617 1228 3705 dicit,
1290 3638 1331 3682 a
1393 3617 1534 3681 sede
1597 3615 1948 3700 apostoliea
2007 3617 2196 3682 datas
2251 3667 2264 3681 .
2314 3668 2328 3684 .
2376 3665 2390 3681 .
2446 3638 2590 3683 cum

463 3843 505 3913 ¹)
546 3844 654 3899 Cfr.
682 3844 1145 3899 Dissertationem
1174 3844 1235 3897 P.
1261 3845 1343 3898 De
1374 3843 1574 3898 Smedt.
1613 3843 1719 3898 Les
1755 3842 1969 3898 fausses
2006 3843 2343 3911 DecretaleS,
2379 3843 2592 3899 Etudes

179 3934 186 3939 ·
281 3923 632 3991 religieuseS‚
673 3925 824 3977 1870.
861 3940 914 3991 p.
954 3925 1022 3975 77
1061 3938 1176 3989 sqq.

461 4002 505 4069 2)
546 4003 611 4058 V.
651 4018 694 4056 e.
726 4019 781 4070 g.
820 4001 876 4055 C.
914 4016 1021 4055 von
1047 4000 1315 4065 Noorden,
1353 4001 1615 4055 Hincmar
1641 3999 1966 4054 Erzbischof
1978 4015 2087 4054 von
2115 4000 2338 4056 Rheims
2372 4017 2460 4069 pp.
2485 4003 2593 4054 213

285 4096 399 4148 sqq·
438 4084 834 4227 2330Lsecffibuch
870 4160 966 4213 der
1001 4158 1433 4227 Kirchengeseh.
1469 4156 1543 4211 Π.
1582 4157 1704 4223 Th„
1741 4158 1899 4212 Trier
1936 4110 2088 4224 =1873,
2127 4157 2180 4212 S.
2215 4160 2337 4214 273.

462 4238 508 4307 ⁴)
547 4239 604 4293 O.
644 4239 725 4305 G„
761 4238 826 4292 B.
864 4238 959 4293 IV.
998 4235 1048 4305 ἓ.
1083 4239 1203 4292 487.
1420 4235 1463 4305 ⁶)
1505 4236 1644 4291 Ibid.
1683 4235 1733 4305 ἓ.
1773 4238 1875 4290 502
1913 4252 2105 4292 versus
2142 4236 2318 4291 finem.

1851 4349 1858 4356 ·
2207 4322 2308 4377 18*
