3270 5028
873 432 954 485 De
993 431 1370 486 Decretalibus
1408 431 1991 487 Pseudo-Isidorianis.
2484 434 2585 485 301

279 578 348 638 in
399 573 688 638 Ecclesia
732 580 889 637 nota
935 577 1139 637 erant.
1212 573 1318 637 Ita
1363 577 1666 656 provocat
1711 574 1789 637 ad
1837 573 2194 638 Concilium
2226 572 2586 638 Nicaenum

282 678 348 735 et
382 670 781 746 sardicense,
828 669 906 733 ad
948 669 1214 744 dulium,
1261 671 1342 734 ad
1369 669 1739 734 Innocentii
1788 671 1981 735 effata
2013 671 2090 734 de
2136 671 2340 735 causis
2386 674 2590 755 majo-

281 769 476 843 ribuS,
526 766 603 831 ad
651 765 1007 844 Gelasium,
1068 765 1148 829 ad
1195 764 1480 830 Leonem
1527 770 1593 829 et
1640 788 1952 830 canonem
2000 765 2583 831 Chalcedonensem

273 867 411 949 jam
460 858 805 948 citatum.¹)

459 996 559 1059 95.
605 993 868 1076 Verum,
918 1001 992 1058 ut
1039 995 1227 1077 plane
1273 997 1511 1077 pateat,
1561 992 1919 1073 Nicolaum,
1964 998 2037 1057 ut
2083 994 2368 1058 vindicet
2402 994 2585 1059 Sedis
2607 1003 2745 1044 mena
2775 1005 2923 1046 aueto-

281 1092 692 1176 Apostolicae
757 1091 1094 1175 privilegia
1159 1073 1394 1174 quoad)
1434 1088 1676 1174 judicia
1749 1093 2213 1174 episcoporum,
2285 1091 2456 1156 haud
2518 1093 2586 1156 in

282 1189 675 1254 Collectione
735 1188 961 1252 Isidori
1026 1189 1350 1252 invenisse
1415 1209 1594 1251 suam
1661 1187 2009 1262 theoriam,
2083 1188 2191 1251 sed
2260 1188 2590 1272 principiis

2638 1066 2746 1106 ritas
2780 1064 2907 1108 Sedis

2657 1126 2889 1168 Romanae.

281 1287 490 1370 potius
539 1284 949 1368 generalibus
993 1284 1198 1368 iisque
1244 1284 1622 1348 firmissimis
1670 1284 1822 1360 niti,
1878 1284 2157 1348 sufficiat
2213 1284 2370 1348 haec
2417 1285 2590 1349 illius
2639 1277 2645 1283 ’

280 1382 477 1446 verba
523 1383 748 1445 citare:
798 1377 1161 1462 Privileqia
1177 1378 1379 1458 Tenim
1424 1399 1546 1444 sua
1593 1399 1634 1443 a
1683 1377 1948 1444 Christo
1997 1378 2256 1443 eeclesia
2286 1379 2596 1444 Romana

273 1498 397 1560 per
442 1476 715 1541 Petrum
762 1480 1100 1541 consecuta
1146 1479 1257 1555 est,
1305 1479 1366 1539 et
1411 1475 1556 1558 ipsa
1602 1480 1759 1540 sunt
1804 1478 2055 1540 statuta
2102 1473 2389 1541 Christi:
2433 1497 2596 1558 quae

282 1574 548 1657 quidam
605 1623 619 1636 .
666 1622 679 1636 .
729 1623 742 1636 .
787 1592 964 1637 nunc
1015 1575 1165 1654 post
1228 1572 1622 1654 octinyentos
1678 1593 1886 1637 annos
1945 1572 2293 1637 exinanire
2355 1594 2594 1638 conan-

284 1675 413 1736 tur.
489 1668 815 1734 Ecclesiae
860 1668 1133 1749 inquam
1177 1668 1517 1733 Romanae
1562 1672 1721 1734 sunt
1765 1667 2043 1749 antiqua
2089 1672 2150 1732 et
2192 1672 2409 1733 vetera
2445 1669 2597 1751 pri-

282 1765 548 1850 vileyia,
604 1771 680 1830 ut
727 1764 1021 1830 Nicaena
1079 1765 1395 1846 synodus,
1452 1763 1621 1829 sicut
1670 1763 2062 1846 Bonifatius
2105 1764 2380 1846 praesul
2426 1765 2596 1849 Apo-

283 1863 549 1928 stolicus
596 1861 909 1946 episcopis
941 1881 1062 1943 per
1101 1860 1511 1926 Thessaliam
1558 1859 1930 1925 constitutis
1972 1860 2257 1926 scribens
2301 1861 2417 1941 ait,
2463 1884 2596 1928 non

284 1958 541 2042 aliquid
595 1979 790 2041 super
845 1979 985 2023 eam
1034 1978 1200 2023 ausa
1258 1958 1345 2023 sit
1390 1956 1806 2036 constituere,
1867 1978 2012 2023 cum
2050 1958 2383 2023 videretur
2427 1959 2599 2024 nihil

283 2076 491 2139 supra
537 2055 842 2120 meritum
888 2075 1080 2119 suum
1115 2075 1305 2137 posse
1351 2053 1656 2134 confiteri.
1745 2053 1981 2118 Omnia
2013 2053 2287 2136 denique
2328 2059 2598 2122 noverat

284 2152 438 2218 huic
484 2151 763 2217 Domini
808 2171 1096 2215 sermone
1142 2171 1448 2215 concessa.
1542 2150 1619 2214 Si
1666 2149 1913 2230 omnia,
1973 2170 2122 2234 erqo
2176 2156 2236 2215 et
2280 2152 2595 2235 episcopo-

284 2270 436 2314 rum
486 2248 765 2332 judicia.
827 2298 839 2312 .
900 2298 913 2311 .
974 2299 987 2311 .
1064 2245 1375 2312 Christus
1444 2246 1617 2312 enim
1676 2245 2034 2329 privileqia
2100 2247 2453 2313 constituta
2524 2248 2598 2313 in

285 2346 500 2425 Petro,
542 2344 874 2427 disposita,
924 2348 984 2407 et
1026 2343 1294 2424 firmata
1338 2344 1681 2409 Romanae
1728 2343 2001 2408 contulit
2046 2344 2357 2425 ecclesiae,
2405 2366 2600 2428 super

282 2462 478 2527 quam
547 2441 720 2506 nihil
781 2440 1068 2530 synodus
1137 2440 1455 2523 quaelibet
1511 2460 1680 2506 ausa
1751 2444 1846 2504 est
1900 2441 2131 2506 merito
2193 2442 2597 2524 constituere,

285 2560 428 2606 cum
491 2539 656 2604 sciat
718 2538 940 2604 omnia
1000 2537 1103 2603 illi
1147 2538 1426 2603 Domini
1486 2559 1776 2604 sermone
1839 2559 2151 2604 concessa.
2241 2539 2598 2622 Dispensa-

285 2636 526 2702 tionem
588 2635 823 2719 quippe
892 2635 1351 2718 redemptionis
1422 2634 1699 2729 humani
1764 2635 2025 2718 yeneris
2093 2640 2244 2701 ante
2313 2640 2600 2719 tempora

283 2731 652 2799 saecularia
716 2731 1049 2796 Dominus
1112 2731 1515 2813 omnipotens
1569 2752 1769 2814 penes
1832 2751 1897 2796 se
1960 2732 2332 2797 ordinatam
2397 2737 2600 2798 custo·

285 2829 471 2894 diens
481 2878 497 2909 ,
561 2833 621 2892 et
668 2833 947 2910 tempore
1003 2826 1224 2892 carnis
1282 2827 1649 2907 ostendens,
1713 2847 2102 2893 ascensurus
2159 2828 2246 2893 ad
2289 2829 2487 2894 coelos
2530 2830 2601 2894 in

288 2924 585 3009 Apostoli
615 2924 828 3004 Petri,
859 2944 982 3006 per
1028 2944 1213 3005 quem
1245 2928 1306 2988 et
1336 2923 1739 3007 apostolatus
1784 2929 1844 2989 et
1881 2923 2285 3007 episcopatus
2329 2925 2606 3008 sumpsit

286 3021 645 3101 exordium,
695 3019 1090 3103 confessione
1137 3039 1422 3100 curaque
1457 3020 1809 3102 praecipue
1854 3019 2199 3086 collocavit.
2275 3020 2406 3101 Qui
2447 3026 2605 3087 tunc

277 3139 403 3205 per
448 3139 513 3183 se
558 3122 618 3182 et
663 3116 960 3199 deinceps
990 3136 1116 3198 per
1159 3136 1317 3181 suae
1371 3115 1833 3182 sollicitudinis
1879 3116 2181 3181 haeredes
2190 3167 2207 3198 ,
2267 3118 2440 3183 circa
2485 3117 2604 3184 liu-

288 3236 561 3281 manum
602 3234 839 3297 yemis,
903 3232 1066 3294 quae
1111 3210 1235 3277 sibi
1281 3212 1612 3279 Dominus
1669 3213 2136 3279 commendavit
2180 3235 2311 3280 non
2359 3214 2607 3279 destitit

288 3308 662 3395 exhibere.²)
758 3310 1278 3375 Fundamentum
1347 3311 1549 3395 igitur
1610 3312 2049 3375 firmissimum
2110 3312 2485 3396 disciplinae
2543 3323 2608 3377 et

284 3412 452 3494 juris
503 3429 668 3492 quae
716 3431 754 3472 a
800 3406 1068 3472 Nicolao
1114 3408 1551 3484 inculcantur,
1609 3409 1745 3491 ipse
1791 3407 2025 3472 statuit
2071 3430 2211 3473 esse
2256 3409 2326 3472 in
2367 3407 2605 3490 plenis·

290 3504 462 3570 sima
529 3506 641 3568 illa
705 3504 907 3569 totius
978 3504 1193 3588 gregis
1261 3504 1562 3587 pascendi
1622 3507 1970 3586 potestate,
2047 3526 2241 3588 quam
2309 3503 2608 3571 Salvator

293 3601 737 3673 BeatolPetro
784 3601 1054 3685 ejusque
1100 3601 1571 3666 successoribus
1630 3602 1938 3678 contulit,
1994 3623 2316 3686 quamque
2372 3607 2438 3667 et
2482 3603 2605 3667 sibi

293 3699 636 3765 convenire
681 3696 990 3762 Pontifex
1042 3718 1412 3780 persuasum
1471 3698 1770 3762 habebat.
1864 3696 2168 3763 Eamdem
2215 3721 2366 3764 vero
2422 3699 2608 3764 disci·

289 3796 537 3879 plinam
585 3796 656 3858 in
702 3793 920 3857 multis
960 3793 1216 3857 invenit
1258 3794 1609 3860 exhibitam
1644 3793 2073 3859 Conciliorum
2120 3800 2185 3860 et
2220 3796 2608 3862 Pontificum

294 3890 581 3967 decretis,
630 3912 795 3975 quae
838 3888 1215 3973 jamdudum
1265 3891 1605 3955 notissima
1653 3894 1859 3957 erant.

477 4081 516 4150 ¹)
556 4082 622 4136 V.
659 4081 844 4136 Labbe
870 4080 1027 4136 VIII.
1066 4081 1185 4134 795.
1225 4083 1343 4134 797.
1381 4112 1450 4119 —
1486 4080 1595 4137 Cfir.
1631 4086 1815 4136 notam
1854 4083 1923 4137 ad
1960 4102 2014 4140 n.
2052 4087 2136 4141 89.

476 4159 515 4227 ²)
551 4160 731 4229 Epist.
766 4161 836 4214 ad
871 4160 1170 4228 Episcopos
1209 4160 1452 4229 Galliae3
1490 4161 1525 4216 L
1566 4178 1610 4216 c.
1649 4178 1702 4230 p.
1740 4164 1860 4217 803.
