3270 5028
356 1932 609 1987 Capitulare

361 1994 605 2038 Gallorum.

656 434 728 485 66
1379 433 1466 488 De
1501 432 1715 488 haeresi
1751 432 2233 486 Iconoclastarum.

657 574 739 638 ad
793 573 973 638 illam
1034 596 1392 658 personam.
1481 575 1586 638 Ita
1645 574 1860 657 imago
1917 579 2016 637 est
2072 576 2392 639 terminus
2448 573 2735 639 directus
2777 598 2974 640 vene·

657 670 929 736 rationis
980 677 1245 754 propter
1300 670 1747 735 excellentiam
1801 670 2171 747 relativam,
2223 693 2340 735 seu
2392 677 2658 755 propter
2706 673 2965 737 relatio-

656 790 808 831 nem
866 789 1061 851 quam
1107 766 1304 831 habet
1352 766 1435 830 ad
1490 767 1938 830 excellentiam
1993 767 2352 832 absolutam
2405 768 2756 852 archetypi.
2842 769 2972 834 Hic

657 865 871 929 cultus
922 864 1226 948 imaginis
1281 868 1385 927 est
1435 861 1781 944 inferioris
1829 860 2142 941 rationis,
2196 885 2393 947 quam
2444 865 2656 930 cultus
2708 869 2822 949 qui
2866 867 2966 930 di-

655 966 829 1025 recte
872 960 1154 1025 refertur
1192 959 1315 1043 ipsi
1360 959 1742 1043 archetypo,
1796 964 1864 1024 et
1906 959 2059 1024 huic
2100 960 2302 1024 cultui
2347 966 2610 1025 tantum
2655 961 2976 1045 analoyia

656 1057 932 1142 quadam
970 1056 1340 1139 respondet.
1414 1055 1533 1120 Est
1576 1062 1798 1120 autem
1843 1056 1948 1119 hic
1988 1056 2201 1120 cultus
2244 1056 2578 1168 relativae,
2623 1064 2766 1123 tum
2813 1061 2966 1144 quia

654 1160 795 1219 tota
855 1153 1139 1237 dignitas
1197 1154 1500 1237 imaginis
1554 1157 1621 1216 et
1676 1153 1846 1217 ratio
1904 1153 2119 1216 cultus
2178 1160 2282 1216 est
2335 1155 2478 1237 ipsa
2536 1157 2678 1239 ejus
2732 1157 2971 1222 relatio

654 1250 735 1314 ad
780 1248 1228 1332 archetypum,
1280 1256 1417 1314 tum
1463 1250 1617 1333 quia
1666 1271 1801 1313 non
1856 1249 2029 1313 aliud
2072 1271 2270 1333 quam
2324 1272 2661 1334 personam
2707 1274 2964 1337 reprae-

656 1354 984 1411 sentatam
1027 1346 1428 1410 intendimus
1480 1346 1800 1410 honorare
1845 1347 1915 1409 in
1959 1346 2244 1457 imagine
2296 1353 2615 1430 tanquam
2657 1350 2728 1413 in
2772 1371 2843 1413 re
2883 1350 2968 1413 ad

651 1445 855 1528 ipsam
899 1443 1304 1526 pertinente,
1364 1443 1659 1526 quamvis
1710 1441 1949 1505 directe
1999 1444 2376 1526 imaginem,
2432 1448 2499 1507 et
2543 1445 2964 1556 archetypum

650 1539 726 1605 in
772 1538 1028 1620 obliquo
1072 1538 1502 1622 respiciamus.
1545 1575 1637 1585 —
1680 1538 1860 1603 Haec
1913 1539 2111 1603 tertia
2154 1540 2322 1603 ratio
2351 1540 2602 1604 colendi
2648 1543 2970 1626 imagines

652 1659 864 1702 sacras
905 1658 982 1700 ea
1024 1641 1142 1711 est,
1189 1657 1355 1718 quae
1398 1635 1804 1720 frequentior
1847 1640 1914 1699 et
1959 1637 2362 1700 communior
2390 1639 2685 1714 occurrit,
2732 1661 2963 1722 quam-

653 1755 781 1817 que
809 1734 1186 1817 plerumque
1229 1732 1595 1815 intelligere
1621 1732 1922 1809 solemus,
1969 1731 2228 1815 quando
2268 1732 2348 1796 de
2392 1734 2571 1797 cultu
2602 1735 2964 1819 imaginum

651 1831 996 1913 loquimur.
1006 1826 1057 1911 ¹)

833 1936 935 1998 77.
998 1933 1170 1998 Galli
1224 1934 1426 2017 igitur
1479 1934 1837 1997 doctrinam
1898 1932 2166 1998 Concilii
2218 1933 2486 1999 Nicaeni
2544 1937 2710 2002 falso
2763 1939 2965 2002 inter-

653 2034 889 2116 pretati
953 2035 1141 2108 sunt,
1214 2050 1333 2094 nec
1394 2030 1517 2111 ipsi
1581 2030 1914 2095 notionem
1981 2031 2138 2094 satis
2204 2031 2575 2097 distinctam
2638 2033 2717 2098 de
2779 2035 2959 2099 cultu

649 2151 974 2196 sacrarum
1020 2127 1377 2211 imaginum
1421 2126 1724 2204 habuere,
1771 2132 1839 2189 et
1882 2127 2194 2210 quaedam
2225 2129 2438 2193 minus
2483 2134 2787 2197 accurate
2829 2132 2973 2203 ista,

650 2226 729 2291 de
777 2227 1154 2311 quaestione
1199 2231 1633 2287 asseruerunt.
1684 2258 1766 2267 —
1812 2227 2032 2307 Atque
2086 2224 2399 2308 imprimis
2444 2248 2663 2290 versus
2712 2250 2957 2292 annum

654 2325 811 2401 792,
863 2344 1061 2406 quum
1115 2324 1283 2385 Acta
1336 2318 1579 2402 Synodi
1624 2318 1770 2382 VH.
1826 2342 2038 2384 coram
2092 2319 2321 2386 Carolo
2366 2322 2453 2386 M.
2513 2323 2595 2386 ab
2649 2325 2966 2408 episeopis

650 2434 719 2485 et
762 2420 916 2483 viris
969 2417 1237 2482 eruditis
1290 2417 1573 2500 perlecta
1624 2416 1928 2492 fuissent,
1983 2418 2276 2481 acerbam
2327 2419 2615 2483 criticam
2672 2427 2740 2484 et
2783 2421 2958 2484 refu-

650 2519 966 2584 tationem
1025 2537 1243 2580 eorum
1299 2512 1475 2578 misit
1522 2512 1788 2578 Carolus
1832 2514 1912 2577 ad
1951 2512 2360 2579 Hadrianum
2405 2517 2784 2581 Pontificem
2845 2540 2965 2601 per

652 2615 1106 2699 Angilbertum
1150 2607 1550 2694 Abbatem,²)
1596 2611 1693 2674 uti
1732 2615 1874 2674 tum
1919 2633 1997 2674 ex
2045 2611 2186 2675 aliis
2230 2612 2647 2699 documentiS,
2691 2619 2829 2678 tum
2880 2637 2958 2678 ex

652 2711 923 2795 epistola
958 2712 1097 2793 jam
1142 2710 1340 2773 citata
1383 2708 1649 2789 eruitur,
1693 2730 1819 2790 qua
1858 2707 2050 2790 paulo
2095 2714 2242 2790 post
2282 2707 2586 2774 Pontifex
2629 2712 2968 2794 respondit.

650 2819 716 2873 et
760 2808 1155 2891 objectiones
1201 2805 1596 2869 Francorum
1644 2805 1852 2868 diluit.
1945 2803 2316 2882 Directum‚
2363 2807 2615 2886 scribit,
2661 2826 2704 2871 a
2743 2811 2966 2871 vestra

650 2902 1145 2968 clementissima
1194 2900 1528 2983 praecelsa
1582 2899 1792 2982 reyali-
1803 2949 1821 2980 ,
1892 2900 2186 2982 potentia
2252 2901 2651 2983 suscepimus
2708 2902 2960 2982 fidelem

646 2999 1048 3084 familiarem
1092 3002 1407 3076 vestrum,
1460 2996 1751 3062 videlicet
1796 2997 2254 3080 Anyilbertum
2300 2997 2614 3063 Abbatem
2660 3004 2721 3063 et
2761 3000 2965 3065 mini-

649 3102 858 3162 strum
917 3094 1222 3178 capellae,
1283 3093 1399 3176 qui
1446 3113 1661 3176 paene
1714 3093 1794 3158 ab
1848 3092 2014 3176 ipsis
2056 3093 2389 3175 infantiae
2441 3095 2833 3161 rudimentis
2880 3095 2968 3161 in.

640 3192 897 3276 palatio
936 3197 1145 3257 vestro
1172 3190 1504 3256 enutritus
1532 3193 1627 3255 est
1672 3195 1733 3254 et
1760 3190 1836 3255 in
1867 3190 2167 3257 omnibus
2197 3190 2488 3257 consiliis
2527 3192 2760 3257 vestris
2789 3213 2970 3258 rece-.

641 3297 828 3373 ptuS,
888 3294 963 3355 ut
1005 3289 1147 3354 ideo
1200 3288 1369 3352 sicut
1424 3307 1467 3352 a
1519 3285 1698 3351 vobis
1748 3287 1822 3352 in
1880 3288 2057 3354 omni
2107 3288 2571 3371 familiaritate
2618 3288 2961 3371 recipitur,

830 3464 874 3532 ¹)
911 3463 1052 3517 Vide
1088 3464 1410 3517 Tractatum
1448 3467 1700 3516 nostrum
1737 3462 1800 3515 de
1833 3462 1994 3516 Verbo
2028 3461 2330 3527 incarnato,
2367 3463 2430 3515 P.
2457 3463 2531 3516 ΙΙ.
2571 3462 2628 3517 G.
2653 3464 2728 3517 11.
2766 3465 2830 3517 A.
2857 3465 2954 3517 IV.

650 3545 717 3598 de
755 3542 906 3596 cultu
941 3541 1265 3609 imaginum3
1305 3549 1361 3596 et
1396 3540 1706 3607 Franzelin,
1741 3540 1805 3594 cle
1850 3541 2013 3595 Verbo
2051 3540 2154 3595 inc.
2194 3541 2392 3596 Thesis
2429 3542 2595 3596 XLV.

826 3620 870 3685 ²)
906 3620 1292 3688 AngilbertuS,
1328 3621 1571 3673 Francus
1610 3636 1678 3673 ex
1712 3619 2050 3674 nobilissimo
2089 3636 2294 3688 genere
2332 3621 2617 3687 oriundus,
2655 3626 2712 3675 et
2749 3620 2954 3675 litteris

649 3699 1053 3755 humanioribus
1092 3699 1317 3768 egregie
1355 3698 1635 3763 excultus,
1675 3698 1730 3751 in
1768 3699 1894 3752 aula
1930 3697 2167 3766 degebat
2204 3698 2386 3753 Caroli
2422 3701 2520 3767 M.‚
2570 3699 2661 3766 qui
2698 3701 2801 3754 hoc
2835 3700 2955 3753 viro

649 3780 856 3848 insigni
891 3778 1063 3832 variis
1100 3779 1155 3832 in
1191 3778 1434 3846 negotiis
1472 3777 1699 3846 majoris
1735 3777 1994 3831 momenti
2033 3777 2302 3831 utebatur.
2375 3779 2491 3833 Im0
2530 3780 2698 3833 etiam
2735 3794 2954 3833 uxorem

647 3859 742 3913 ille
780 3858 940 3912 duxit
965 3858 1228 3912 Bertbam
1266 3856 1445 3911 Caroli
1481 3856 1668 3911 filiam.
1729 3855 1913 3910 Abbas
1954 3857 2137 3910 autem
2175 3856 2354 3912 dictus
2393 3874 2513 3913 esse
2541 3858 2775 3924 videtur,
2814 3858 2954 3925 quod

650 3955 716 3993 ex
754 3937 935 3991 Caroli
968 3937 1267 4005 largitione
1312 3934 1587 3990 abbatiam
1624 3934 1909 3990 Centulam
1959 3935 2015 3987 in
2063 3937 2432 3990 commendam
2472 3936 2689 4003 habuit,
2740 3943 2797 3992 et
2833 3937 2961 4005 ejus

647 4016 1000 4085 proventibus
1048 4015 1249 4070 fruitus
1299 4020 1402 4070 est.
1486 4013 1656 4069 Forte
1706 4019 1901 4081 postea
1946 4014 2003 4066 in
2054 4015 2242 4069 eadem
2287 4014 2509 4069 abbatia
2557 4015 2783 4082 pietatis
2830 4030 2952 4069 sese

649 4096 799 4150 dedit
856 4095 1127 4162 operibus.
1224 4094 1375 4148 Obiit
1423 4111 1471 4147 a.
1522 4096 1656 4159 814,
1717 4098 1774 4146 et
1820 4093 1965 4148 inter
2027 4093 2256 4148 Sanctos
2307 4094 2516 4148 colitur.
2611 4094 2719 4148 Cfr.
2771 4093 2957 4148 Freib.

648 4174 1122 4240 Kirchenlexicon‚
1165 4176 1245 4228 ed.
1285 4177 1335 4228 2.
1371 4176 1490 4228 Art.
1529 4173 1831 4242 Anyilbert.
