3270 5028
338 1120 536 1164 Eventus
563 1121 609 1162 in

384 1181 575 1225 Oriente.

355 3275 602 3319 Conclusio,

652 408 725 462 80
1380 405 1463 459 De
1499 405 1715 459 haeresi
1751 405 2231 459 Iconoclastarum

652 550 808 613 alios
857 549 1050 614 etiam
1097 547 1426 631 deperdito
1464 568 1671 641 opere
1717 546 2103 629 Hincmarus
2153 546 2584 613 RhemensiS.
2635 548 2783 612 Istis
2830 549 2952 612 dis·

649 645 1050 710 caesionibus
1113 634 1550 710 conffOVersia
1609 644 1728 707 de
1748 643 1941 707 sacris
2001 642 2456 733 imaginibus
2433 667 2497 708 1n
2513 643 2759 710 Gallia
2819 668 2948 709 non

648 764 873 825 parum
921 742 1206 825 eliquata
1250 741 1406 816 fuit,
1464 745 1530 803 et
1577 762 1796 804 versus
1843 739 2033 803 finem
2081 741 2318 804 saeculi
2363 741 2553 822 noni,
2596 741 2788 805 rebus
2832 764 2953 805 me-

648 839 770 903 lius
819 837 1198 921 perspectis.
1264 835 1433 901 Galli
1490 858 1769 902 errorem
1827 836 1978 900 facti
2037 836 2114 900 de
2170 835 2457 901 Concilio
2508 837 2793 904 Nicaeno
2852 840 2953 903 de-

648 956 887 1019 ponere
920 941 987 999 et
1018 957 1155 999 cum
1190 934 1499 998 Romanis
1532 955 1605 997 ac
1637 932 1897 998 Graecis
1940 933 2100 997 illud
2137 933 2454 1017 suscipere
2496 939 2562 999 et
2606 935 2676 999 in
2704 935 2952 1000 ratione

649 1031 897 1095 colendi
941 1052 1153 1096 sacras
1199 1030 1514 1115 imagines
1561 1031 1925 1096 consentire
1974 1027 2401 1113 coeperunt.¹)

825 1129 927 1192 94.
977 1127 1053 1191 In
1103 1126 1368 1191 Oriente
1413 1126 1716 1190 Michaeli
1766 1126 1968 1191 Balbo
2022 1148 2195 1190 anno
2244 1126 2369 1190 829
2419 1129 2763 1236 exstincto,
2819 1149 2951 1192 suc·

647 1218 839 1299 cessit
886 1224 1053 1288 filius
1100 1225 1240 1308 ejus
1294 1221 1433 1286 The
1401 1221 1720 1314 θορῆἱῑιιεζ
1779 1223 1892 1306 qui
1942 1224 2009 1286 in
2056 1224 2513 1305 persequendis
2561 1224 2754 1288 sacris
2799 1226 2952 1288 ima·

647 1322 903 1407 ginibus
944 1341 1290 1403 earumque
1322 1319 1680 1384 cultoribus
1721 1319 1923 1402 patris
1970 1319 2185 1383 odium
2219 1324 2286 1384 et
2318 1321 2714 1404 impietatem
2761 1322 2953 1385 etiam

648 1417 996 1501 superavit.
1112 1417 1335 1481 Diram
1398 1417 1598 1500 igitur
1661 1437 1735 1479 eo
1799 1420 2114 1500 regnante
2170 1417 2680 1499 persecutionem
2737 1417 2952 1481 fideles

648 1514 928 1599 perpessi
982 1518 1152 1578 sunt.
1245 1511 1369 1576 Sed
1424 1534 1596 1576 anno
1655 1512 1812 1590 842,
1875 1534 2075 1596 quum
2130 1533 2366 1596 magna
2423 1514 2600 1576 clade
2648 1511 2954 1578 Saraceni

647 1613 786 1697 ejus
834 1611 1045 1720 copias
1094 1610 1486 1684 affecissent,
1529 1631 1815 1673 moerore
1861 1609 2190 1674 confectus
2236 1609 2419 1674 obiit.
2465 1646 2548 1655 —
2596 1609 2953 1693 Theophilo

645 1709 717 1772 in
763 1708 1031 1791 imperio
1076 1707 1376 1770 successit
1419 1702 1703 1769 Michae‘Z
1741 1703 1882 1769 III.
1927 1706 2118 1781 filius,
2165 1705 2371 1770 adhuc
2414 1729 2575 1790 puer
2618 1707 2952 1791 quadrien-

650 1806 766 1869 nis,
882 1801 1223 1866 Theodora
1281 1824 1431 1867 vero
1492 1804 1630 1886 ejus
1693 1807 1902 1866 mater
1959 1801 2258 1885 Augusta
2310 1805 2631 1868 declarata
2698 1809 2823 1881 est,
2888 1808 2954 1867 et

647 1902 786 1984 ipsa
842 1885 1064 1984 adj‘i'ita
1126 1922 1163 1963 a
1223 1889 1594 1964 ’I'heoctisto
1660 1910 1727 1962 et
1775 1898 2079 1963 Manuele
2134 1899 2547 1983 Imperatoris
2611 1901 2952 1976 tutoribuS,

648 1997 924 2062 ecclesiis
977 2018 1194 2079 pacem
1246 1995 1540 2061 reddidit.
1642 1996 1929 2061 Joannes
1983 1996 2249 2080 pseudo·
2252 1998 2617 2078 patriarcha
2674 1997 2954 2061 haereti-

649 2115 756 2159 cus
786 2093 1085 2157 CPtanus
1132 2091 1476 2176 deposituS,
1522 2098 1588 2156 et
1631 2094 1704 2158 in
1752 2095 1888 2176 ejus
1932 2093 2142 2157 locum
2191 2093 2523 2158 ordinatus
2563 2094 2691 2158 fuit
2729 2093 2955 2167 &Ale-

646 2190 930 2266 thodius,
987 2192 1099 2273 qui
1143 2213 1257 2273 pro
1303 2189 1677 2253 defensione
1738 2211 2061 2254 sacrarum
2106 2189 2460 2274 imaginum
2507 2191 2628 2254 sub
2676 2191 2956 2274 Impera·

648 2279 895 2351 to‘H'bi'ss
953 2285 1381 2350 iconomachis
1427 2287 1628 2349 multa
1687 2307 2016 2370 perpessus
2071 2286 2304 2351 fuerat.
2396 2286 2460 2350 Is
2514 2287 2733 2352 eodem
2780 2310 2954 2352 anno

651 2384 775 2447 842
836 2381 1401 2466 Constantinopoli
1460 2383 1807 2447 celebravit
1868 2381 2212 2466 synodum,
2281 2383 2351 2447 in
2408 2406 2536 2466 qua
2595 2385 2953 2468 imaginum

649 2482 861 2547 cultus
907 2481 1249 2544 restitutus
1298 2484 1363 2545 et
1410 2478 1766 2545 Concilium
1803 2478 2166 2545 Nicaenum
2214 2479 2295 2544 11.
2340 2480 2789 2545 confirmatum
2836 2484 2954 2546 est.

649 2579 818 2643 Dein
868 2577 1173 2660 episcopi,
1229 2577 1524 2642 monachi
1579 2578 1817 2659 aliique
1872 2576 2091 2640 fideles
2141 2598 2218 2639 ex
2275 2578 2466 2641 exilio
2515 2579 2831 2654 revocati,
2888 2582 2955 2641 et

647 2674 919 2741 solemni
977 2694 1211 2757 pompa
1264 2695 1480 2738 sacrae
1530 2674 1847 2758 imagines
1901 2674 1970 2737 in
2026 2675 2158 2736 suis
2209 2673 2363 2737 locis
2416 2676 2734 2756 repositae
2779 2678 2951 2738 sunt.

650 2771 728 2835 In
795 2770 1165 2834 memoriam
1230 2791 1380 2833 vero
1443 2771 1640 2854 hujus
1702 2775 1972 2833 eventus
2041 2768 2403 2834 Orientales
2464 2771 2698 2834 festum
2761 2771 2953 2835 insti-

646 2870 921 2931 tuerunt
981 2867 1330 2949 quotannis
1392 2868 1594 2949 prima
1647 2866 2183 2949 Quadragesimae
2245 2867 2562 2931 dominica
2624 2868 2950 2931 celebran-

647 2964 819 3040 dum,
863 2965 1034 3047 quod
1078 2963 1312 3027 festum
1361 2960 1797 3029 Orthodoxiae
1837 2963 2186 3046 appellant.
2273 2962 2470 3047 Cujus
2516 2963 2666 3028 festi
2712 2964 2954 3048 signifi-

647 3062 813 3125 catio
859 3064 1078 3143 postea
1131 3059 1224 3123 ita
1277 3064 1542 3124 extensa
1592 3053 1716 3140 est,
1721 3056 1848 3123 fit
1893 3059 2158 3123 victoria
2208 3057 2284 3123 de
2330 3060 2627 3124 omnibus
2672 3060 2954 3124 haeresi-

648 3158 763 3223 bus
809 3160 1141 3239 reportata
1184 3157 1405 3220 eodem
1446 3156 1821 3221 celebretur.

823 3254 928 3317 95.
993 3250 1097 3316 Sic
1157 3254 1359 3337 igitur
1415 3252 1699 3317 haeresis
1753 3249 1887 3317 'ista
1947 3274 2113 3336 quae
2174 3252 2731 3336 Constantinopoli
2798 3259 2956 3316 ante

646 3354 906 3413 centum
955 3349 1190 3431 viginti
1243 3371 1479 3426 annOS,
1540 3353 1801 3414 auctore
1849 3349 2243 3432 Imperatore
2304 3354 2534 3431 potens
2598 3370 2672 3412 ac
2730 3350 2955 3413 furens

646 3446 715 3509 in
766 3444 1081 3509 Ecclesiae
1127 3444 1432 3508 damnum
1466 3446 1695 3528 erupit,
1745 3450 1810 3509 et
1854 3467 2140 3529 repressa
2178 3445 2447 3528 saepiuS,
2493 3466 2711 3509 rursus
2758 3446 2952 3509 auda-

647 3543 779 3607 cius
829 3546 972 3605 erat
1003 3540 1414 3616 debacchata,
1463 3542 1725 3606 tandem
1758 3564 1931 3606 anno
1979 3541 2106 3606 842
2155 3542 2480 3605 exstincta
2508 3549 2629 3607 est.
2697 3541 2952 3617 Quanta

647 3638 867 3703 eadem
912 3637 1232 3702 invexerit
1276 3660 1487 3702 secum
1533 3641 1722 3717 mala,
1772 3641 1931 3722 quot
1976 3639 2337 3722 quibusque
2368 3637 2652 3702 cladibus
2697 3638 2953 3720 saepius

646 3734 1153 3818 pessumdederit
1206 3734 1412 3798 varias
1467 3735 1762 3799 ecclesias
1820 3734 2131 3812 Orientis,
2189 3736 2461 3817 longum
2515 3738 2685 3798 esset
2738 3734 2950 3797 minu-

645 3832 764 3895 tim
826 3831 1202 3897 describere.
1306 3829 1464 3894 Inde
1523 3832 1726 3914 pietas
1792 3830 2205 3895 vehementer
2270 3852 2603 3908 concussa,
2668 3830 2954 3914 Impera-

828 4053 867 4125 ¹)
907 4055 1012 4109 Cir.
1053 4057 1118 4111 de
1156 4057 1314 4111 rebus
1361 4056 1419 4109 in
1457 4056 1638 4110 Gallia
1685 4056 1860 4123 quoad
1898 4070 2079 4109 sacras
2125 4055 2393 4124 imagines
2440 4056 2617 4123 gestis
2655 4056 2952 4120 Baronium

650 4140 706 4190 et
741 4134 977 4204 Pagium
1014 4135 1085 4188 ad
1121 4152 1169 4189 a.
1207 4137 1328 4190 825.
