3270 5028
1486 348 1512 374 S

672 441 776 492 364
1344 444 1523 497 XVII.
1561 444 1645 499 De
1685 442 1978 496 schismate
2015 440 2301 494 PhotianO.

582 655 592 661 ‚
669 603 907 665 niagno
954 606 1096 648 cum
1152 585 1396 650 honore
1450 588 1722 669 recepit,
1779 605 2105 669 quumque
2158 582 2443 646 diversos
2489 583 2652 646 ritus
2711 588 2776 645 et
2826 603 3012 645 usus

671 678 1008 743 admittere
1049 681 1115 743 in
1166 703 1369 766 regno
1415 704 1531 746 suo
1574 684 1796 765 nollet,
1845 681 2189 745 orientales
2236 680 2667 743 missionarios
2711 678 3005 752 dimisit,

669 781 736 840 et
774 777 968 859 juxta
1013 778 1373 861 legatorum
1433 785 1721 843 mentem
1777 778 1994 844 omnia
2053 776 2386 861 disposuit.
2477 776 2759 839 Tantum
2805 775 3005 838 favo—

666 892 800 934 rem
849 871 1191 939 Formosus
1238 876 1405 959 apud
1450 897 1667 960 regem
1716 880 2091 941 consecutus
2140 880 2265 951 est,
2320 877 2391 937 ut
2434 872 2609 936 hunc
2652 873 2724 935 in
2770 870 2998 935 archi-

667 969 1027 1051 episcopum
1074 976 1418 1054 expeteret.
1493 971 1617 1036 Sed
1648 971 1952 1038 Nicolaus
1993 994 2119 1036 non
2156 970 2504 1048 consensit,
2551 969 2707 1033 alios
2751 975 2998 1031 tamen

664 1063 818 1127 duos
866 1068 1190 1148 episcopos
1237 1089 1379 1131 cum
1427 1068 1821 1152 presbyteris
1866 1070 1937 1131 in
1984 1068 2354 1152 Bulgariam
2400 1066 2591 1130 misit.
2683 1063 2780 1128 De
2829 1066 2995 1128 istis

665 1162 1000 1226 eventibus
1044 1165 1433 1228 Anastasius
1479 1166 1547 1228 in
1611 1164 1758 1228 Vita
1803 1164 2086 1229 Nicolai:
2135 1163 2346 1227 Porro
2390 1182 2433 1227 a
2467 1160 2996 1243 praenominato

662 1277 808 1338 reye
838 1256 1291 1339 Bulyarorum
1338 1260 1673 1341 apostolici
1718 1259 1904 1325 missi
1939 1259 2061 1343 pia
2106 1264 2313 1325 mente
2357 1256 2819 1338 carissimaque
2868 1256 2991 1320 de-

659 1352 913 1417 votione
958 1354 1253 1437 suscepti,
1297 1376 1549 1438 coepere
1594 1357 2001 1422 salutaribus
2035 1356 2355 1439 populum
2386 1355 2637 1420 edocere
2682 1352 2988 1429 monitiS,

662 1454 723 1513 et
780 1470 821 1515 a
866 1450 1137 1515 minimo
1198 1472 1401 1533 usque
1459 1454 1546 1518 ad
1604 1454 1966 1519 maximum
2026 1474 2210 1519 sacro
2264 1453 2470 1535 fonte,
2535 1450 2666 1515 Dei
2719 1449 2986 1532 qratia,

660 1545 947 1625 abluere,
1004 1568 1375 1630 omnemque
1429 1550 1635 1615 ritum
1683 1550 2081 1637 christianae
2133 1550 2285 1629 fidei
2341 1548 2538 1630 (sicut
2592 1568 2633 1612 a
2693 1546 2979 1611 sanctis-

659 1642 822 1707 simo
859 1663 1039 1726 papa
1082 1643 1394 1710 instructi
1435 1646 1738 1729 fuerant)
1791 1651 1851 1711 et
1896 1646 2419 1712 consuetudinem
2463 1642 2785 1727 Bulqaris
2828 1647 2976 1707 tra-

660 1738 983 1805 diderunt.
1096 1741 1439 1807 Gloriosus
1501 1749 1721 1809 autem
1779 1764 1899 1808 rex
1954 1743 2107 1823 fidei
2168 1747 2357 1809 tanta
2392 1741 2619 1824 ,coepit
2677 1735 2979 1822 flayrare

659 1836 925 1901 monitis
970 1836 1171 1919 hujus
1226 1839 1328 1926 pii
1372 1840 1603 1905 Patris
1665 1840 2061 1920 constantia,
2117 1844 2192 1905 ut
2249 1860 2464 1905 omnes
2519 1859 2560 1903 a
2604 1858 2721 1902 suo
2766 1857 2973 1919 reyno

648 1932 898 2013 pellens
929 1934 1329 2018 alieniycnas
1346 1938 1806 2020 praefatorum
1834 1937 2331 2019 apostolicorum
2356 1935 2746 2000 solummodo
2767 1953 2970 2015 prae-

658 2028 979 2095 dicatione
1025 2052 1183 2096 usus
1237 2034 1619 2113 missorum,
1669 2035 1940 2116 pascuis
1997 2034 2167 2099 vitae
2220 2039 2519 2098 aeternae
2557 2031 2816 2114 juyiter
2859 2050 2971 2094 re·

652 2125 789 2205 fici,
854 2128 970 2208 pia·
1014 2134 1223 2194 mente
1270 2131 1651 2196 decreverit:
1711 2152 2044 2213 unumque
2096 2151 2177 2195 ex
2220 2130 2334 2210 iis,
2396 2129 2781 2195 Formosum
2823 2126 2971 2191 vita

655 2226 715 2287 et
780 2223 1067 2289 moribus
1130 2226 1519 2309 episcopum,
1591 2228 1717 2294 sibi
1778 2228 1929 2293 dari
1992 2226 2542 2309 archiepiscopum
2605 2223 2973 2307 expetierit.

664 2319 845 2384 Tunc
888 2320 1127 2386 iterum
1173 2322 1341 2388 idem
1389 2345 1507 2389 rex
1553 2324 1794 2406 legatos
1838 2346 1987 2390 suos
2027 2324 2308 2389 Romam
2351 2323 2623 2401 direxit,
2679 2328 2740 2387 et
2781 2322 2969 2386 inter

654 2415 790 2480 alia
838 2416 1201 2482 beatissimo
1248 2420 1469 2502 Papae
1512 2421 1584 2485 id
1626 2421 1844 2502 ipsum
1888 2441 2255 2503 sufferens,
2304 2420 2383 2485 ab
2432 2420 2572 2503 ejus
2616 2418 2974 2484 sanctitate

645 2534 770 2595 pro
831 2512 1261 2582 instructione
1318 2519 1533 2600 yentis
1595 2518 1779 2585 illius
1843 2519 2252 2601 presbyteros
2308 2518 2686 2600 postulavit.
2807 2516 2974 2597 Ipse

650 2629 799 2674 vero
847 2610 1089 2676 talibus
1135 2613 1324 2695 Papa
1371 2616 1741 2697 compertis,
1804 2615 1993 2682 valde
2044 2614 2313 2697 yavisus
2368 2619 2490 2694 est,
2549 2619 2609 2678 et
2658 2613 2966 2693 infinitas

652 2706 793 2771 Deo
840 2707 1061 2772 laudes
1108 2711 1483 2792 rependens,
1543 2734 1677 2777 non
1724 2732 1971 2794 paucos
2022 2733 2292 2776 numero
2349 2732 2565 2776 coram
2610 2730 2674 2774 se
2717 2709 2965 2792 proba-

653 2802 748 2866 vit
777 2804 1216 2887 presbyteros,
1275 2813 1335 2872 et
1380 2830 1537 2890 quos
1582 2809 1812 2891 diynos
1864 2809 2132 2891 reperit,
2179 2806 2693 2891 praedicationis
2731 2806 2965 2888 qratia

648 2898 723 2962 in
768 2900 1164 2983 Bulqariam
1213 2905 1483 2983 direoeit,
1538 2927 1683 2971 cum
1730 2906 1964 2988 quibus
2003 2905 2426 2970 Dominicum
2483 2904 2848 2969 Trivensem
2897 2908 2965 2967 et

655 2994 1108 3063 Grimoaldum
1156 3001 1736 3083 Polymartiensem
1784 3003 2106 3083 episcopos
2150 3001 2518 3067 destinavit.
2625 3001 2736 3079 Ut,
2796 2999 2962 3082 quia

575 3124 600 3133 κ
648 3091 1037 3159 Formosum
1089 3097 1304 3178 ipsum
1353 3098 1601 3180 plebem
1662 3099 1986 3164 dimittere
2011 3160 2016 3169 ,
2039 3098 2164 3164 sibi
2217 3099 2526 3164 creditam
2584 3120 2716 3165 non
2770 3118 2960 3178 opor-

649 3188 818 3253 tebat
863 3191 1243 3274 episcopum,
1292 3215 1372 3258 ex
1401 3195 1505 3258 his
1545 3195 1943 3277 presbyteris
1989 3197 2073 3261 ad
2109 3196 2698 3279 archiepiscopatus
2741 3193 2958 3276 diqni-

648 3289 844 3350 tatem
891 3288 1006 3368 qui
1051 3289 1291 3372 diynus
1331 3290 1742 3356 inveniretur
1785 3293 1858 3356 in
1906 3293 2165 3377 nomine
2211 3291 2488 3357 Domini
2534 3292 2788 3358 tandem
2835 3290 2959 3355 eli-

639 3386 933 3463 qeretur,
994 3389 1053 3448 ct
1101 3385 1251 3450 Sedi
1298 3389 1768 3453 consecrandus
1814 3391 2219 3471 Apostolicae
2272 3389 2657 3455 mitteretur.
2701 3426 2788 3434 —
2832 3389 2955 3454 Isti

644 3480 843 3562 igitur
906 3483 1184 3566 episcopi
1232 3491 1296 3548 et
1354 3487 1711 3568 presbyteri
1763 3489 1830 3550 in
1878 3487 2246 3572 Bulgariam
2315 3488 2580 3570 profecti
2639 3493 2819 3562 sunt,
2884 3494 2956 3550 et

644 3597 758 3658 per
826 3577 1080 3661 aliquod
1153 3591 1403 3665 tempus
1470 3583 1705 3647 ibidem
1779 3606 2015 3668 magno
2084 3607 2227 3649 cum
2290 3586 2504 3649 fructu
2574 3585 2954 3668 religionem

644 3671 1059 3738 christianam
1110 3684 1547 3762 propagarunt
1594 3692 1790 3762 atque
1835 3682 2190 3747 firmarunt.

397 3783 550 3834 Legati
823 3772 927 3833 56.
985 3773 1194 3847 Quum
1260 3797 1434 3839 anno
1484 3778 1610 3839 866
1674 3785 1948 3840 exeunte
1990 3777 2326 3842 bormosus
2387 3783 2451 3841 et
2496 3777 2738 3841 Paulus
2803 3799 2948 3842 cum

314 3842 625 3955 ggf'ifrfa‘ffi‘s'j
644 3865 872 3948 legatis
921 3866 1189 3951 Bogoris
1237 3871 1303 3934 in
1354 3871 1725 3956 Bulgariam
1774 3875 2085 3951 redirent,
2146 3874 2454 3939 Nicolaus
2504 3898 2576 3939 ea
2621 3875 2953 3939 occasione

644 3982 797 4023 usus
845 3967 961 4040 est,
1008 3970 1083 4026 ut
1133 3965 1759 4051 Constantinopolim
1808 3970 2099 4034 mitteret
2143 3958 2556 4053 legationem,
2599 3964 2665 4036 et
2710 3994 2950 4036 novum

642 4062 946 4121 conatum
989 4059 1230 4126 faceret
1286 4064 1363 4126 ad
1411 4067 1633 4129 turbas
1693 4067 1759 4129 in
1812 4067 1925 4129 illa
1983 4068 2248 4132 ecclesia
2304 4077 2559 4132 exortas
2616 4068 2946 4133 sedandas

640 4151 721 4215 In
769 4154 1013 4235 synodo
1061 4159 1339 4240 plurium
1392 4163 1821 4244 episcoporum
1874 4162 2177 4227 Pontifex
2227 4170 2546 4229 statuerat
2591 4188 2752 4249 quae
2800 4187 2953 4229 con-
