3270 5028
1223 737 1704 841 INDEX.

984 1077 1381 1137 Dissertatio
1420 1076 1681 1137 decima
1715 1077 1928 1136 tertia.
2510 1032 2614 1083 Pag'

985 1175 1088 1254 De'
1113 1189 1353 1254 haeresi
1405 1188 1939 1254 iconoclastarum.
2584 1209 2610 1259 1

359 1312 407 1363 I.
447 1312 529 1364 De
568 1310 811 1364 Concilio
853 1310 1114 1364 Trullano
1153 1326 1217 1363 ac
1256 1310 1322 1363 de
1361 1314 1512 1363 statu
1546 1308 1832 1380 Ecclesiae
1918 1352 1928 1362 .
2075 1352 2084 1362 .
2234 1352 2244 1362 .
2390 1352 2400 1363 .
2581 1313 2617 1363 4

335 1382 416 1434 ΙΙ.
455 1382 537 1435 De
577 1386 698 1434 ortu
738 1386 794 1434 et
828 1396 1122 1449 progressu
1161 1379 1403 1434 haeresis
1441 1380 1905 1454 Iconoclastarum
2077 1421 2086 1431 .
2234 1422 2244 1432 .
2391 1422 2402 1433 .
2551 1382 2615 1433 19

295 1451 407 1504 ΙΙΙ.
447 1452 529 1506 De
568 1451 809 1505 Concilio
849 1451 1191 1505 oecumenico
1230 1450 1459 1518 septimo
1604 1492 1614 1502 .
1968 1471 1973 1474 ⁸
2234 1491 2245 1502 .
2392 1492 2403 1503 .
2547 1453 2618 1503 44

296 1523 401 1575 IV.
450 1522 531 1575 De
570 1522 855 1586 eventibus
893 1529 1021 1588 post
1061 1520 1360 1574 Concilium
1400 1520 1804 1575 oecumenicum
1843 1520 2131 1586 septimum
2235 1561 2246 1572 .
2393 1561 2403 1572 .
2549 1524 2618 1574 60

962 1692 1360 1752 Dissertatio
1399 1691 1662 1751 decima
1702 1700 1955 1765 quarta.

684 1809 695 1893 j
790 1804 870 1868 De
916 1803 1074 1868 civili
1125 1803 1368 1868 Romani
1415 1803 1719 1868 pontificis
1768 1803 2133 1883 principatu.
2547 1822 2617 1872 82

365 1924 409 1977 Ι.
447 1924 528 1977 De
568 1922 748 1976 causis
777 1928 940 1989 atque
980 1922 1281 1986 eventibus,
1322 1922 1515 1989 quibus
1540 1927 1899 1989 praeparatus
1939 1927 2025 1975 est
2056 1921 2407 1987 Principatus

451 1993 630 2047 civilis
666 1992 898 2046 Romani
926 1992 1212 2072 Pontificis
1287 2035 1299 2047 .
1443 2034 1453 2044 .
1922 2034 1931 2043 .
2081 2034 2090 2043 .
2237 2034 2247 2044 .
2395 2034 2404 2044 .
2548 1996 2619 2045 84

342 2064 417 2117 H.
454 2065 538 2117 De
576 2062 885 2119 elevatione
921 2063 1102 2130 Pipini
1141 2062 1196 2114 in
1233 2064 1562 2116 Francorum
1599 2033 1787 2129 regem
1919 2103 1929 2113 .
2235 2105 2244 2114 .
2393 2104 2403 2115 .
2519 2065 2616 2115 109

305 2136 410 2188 III.
449 2135 532 2188 De
570 2134 961 2188 constitutione
999 2132 1349 2200 Principatus
1389 2132 1568 2185 civilis
1605 2132 1839 2185 Romani
1875 2132 2163 2185 Pontificis
2237 2176 2247 2185 .
2395 2174 2404 2185 .
2517 2135 2619 2186 128

969 2304 1367 2363 Dissertatio
1407 2303 1670 2362 decima
1707 2304 1953 2376 quinta.

744 2415 824 2479 De
876 2414 1126 2494 imperio
1176 2413 1236 2478 ei
1284 2412 1358 2478 de
1406 2413 1679 2478 Ecclesia
1726 2415 1979 2478 saeculo
2028 2428 2195 2477 nono.
2516 2433 2616 2484 167

368 2538 411 2589 I.
450 2537 533 2590 De
568 2537 918 2592 institutione
958 2542 1015 2591 et
1052 2542 1246 2590 natura
1285 2537 1426 2590 sacri
1460 2537 1694 2592 Romani
1726 2536 1945 2604 Imperii
2074 2578 2084 2588 .
2233 2579 2243 2589 .
2390 2578 2402 2591 .
2516 2541 2617 2592 168

341 2607 411 2660 II.
451 2608 533 2662 De
568 2607 926 2662 Pontificibus
966 2613 1023 2661 et
1058 2608 1483 2673 Imperatoribus
1523 2608 1710 2661 saeculi
1746 2607 1877 2661 noni
1915 2649 1926 2661 .
2075 2648 2084 2659 .
2233 2606 2261 2660 .“
2391 2650 2401 2660 .
2517 2610 2617 2660 192

986 2777 1386 2837 Dissertatio
1428 2777 1690 2838 decima
1727 2785 1933 2836 sexta.

517 2888 596 2952 De
641 2888 868 2969 aliquoi
915 2890 1125 2953 causis
1171 2887 1607 2953 celebrioribus
1657 2888 1909 2952 saeculo
1958 2902 2109 2951 nono
2155 2886 2404 2968 agitatis

781 2991 856 3038 ac
904 2973 978 3040 de
1026 2975 1444 3040 Decretaiibus
1491 2973 2128 3041 Pseudo-isidorianis
2503 2993 2609 3044 223

368 3095 405 3146 Ι
448 3093 654 3147 Causae
692 3094 899 3161 aliquot
937 3095 1260 3148 celebriores
1300 3094 1499 3147 saeculo
1537 3109 1682 3146 nono
1721 3093 1952 3161 agitatae
2076 3136 2086 3146 .
2233 3135 2245 3148 .
2390 3136 2400 3146 .
2511 3096 2617 3148 225

341 3164 409 3217 II
450 3165 534 3218 De
572 3163 905 3219 Collectione
941 3165 1313 3218 Decretalium
1349 3165 1587 3217 Pseudo·
1591 3162 1794 3216 Isidori
1913 3206 1924 3218 .
2513 3167 2615 3218 256

311 3234 407 3290 ΙΙΙ.
446 3235 530 3289 De
566 3234 769 3288 influxu
794 3234 1164 3288 Decretalium
1189 3236 1425 3288 Pseudo·
1429 3233 1626 3286 Isidori
1669 3233 1726 3286 in
1752 3206 2098 3303 disciplinam
2124 3204 2405 3289 Ecclesiae
2512 3238 2616 3301 282

933 3404 1331 3465 Dissertatio
1369 3405 1630 3465 decima
1667 3406 1968 3481 septima.

1060 3516 1139 3581 De
1185 3517 1518 3581 schismate
1566 3516 1873 3581 Phoiiano.
2514 3535 2614 3584 321

366 3639 407 3691 I.
446 3602 528 3692 De
566 3638 745 3691 causis
784 3637 977 3704 quibus
1016 3637 1252 3690 schisma
1290 3636 1529 3690 Orientis
1569 3641 1950 3704 praeparatum
1990 3642 2075 3689 est
2236 3679 2246 3689 .
2395 3678 2404 3688 .
2512 3639 2615 3688 322

337 3710 405 3761 ΙΙ.
444 3709 526 3762 De
565 3708 831 3761 scissione
869 3724 902 3760 a
936 3708 1137 3761 Photio
1178 3708 1420 3761 excitata
1601 3748 1610 3757 .
1762 3748 1770 3757 .
1921 3749 1929 3758 .
2079 3748 2089 3759 .
2237 3749 2246 3758 .
2392 3749 2401 3758 .
2514 3708 2617 3759 335

315 3779 409 3831 III.
445 3779 529 3832 De
568 3778 810 3832 Concilio
848 3778 1193 3832 oecumenico
1232 3783 1428 3831 octavo
1599 3817 1610 3828 .
1953 3783 1956 3786 ’
2234 3819 2243 3829 .
2392 3818 2401 3828 .
2513 3779 2617 3829 380

316 3849 401 3901 IV.
440 3849 521 3902 De
559 3848 845 3902 eventibus
882 3852 1006 3915 post
1046 3848 1343 3902 Concilium
1385 3817 1788 3901 oecumenicum
1827 3818 2085 3900 octavum
2234 3889 2243 3898 .
2391 3889 2401 3900 .
2511 3848 2615 3898 407

1245 4021 1667 4074 -Λζήῦεῤῥ-,ΙΙ
