3270 5028
626 447 694 499 90
1148 443 1297 498 XIV.
1334 444 1418 498 De
1455 444 1608 499 civili
1643 444 1710 500 R.
1745 444 2028 500 Pontificis
2064 444 2394 514 principatu.

626 586 866 651 auxilio
912 590 978 650 et
1022 585 1302 651 subsidio
1346 608 1504 669 opus
1538 591 1696 650 erat.
1772 582 2015 669 Opibus
2060 587 2192 651 suis
2228 585 2687 670 Romanaeque
2734 586 2928 649 eccle-

625 682 757 746 siae
832 684 1206 766 frequenter
1278 681 1618 747 Pontifices
1695 683 1992 767 expensis
2063 684 2520 767 multiplicibus
2588 681 2927 746 subvenire

625 778 980 863 debebant3
1055 778 1288 861 passim
1353 777 1614 843 monitis
1691 780 1826 842 suis
1892 778 2309 844 rebellionem
2382 779 2926 863 oppositionemve

623 875 937 940 Italorum
1006 882 1230 940 contra
1293 873 1656 939 Orientales
1718 875 1970 952 sedare;
2035 875 2222 941 modo
2286 897 2504 940 curam
2567 896 2750 939 suam
2814 875 2930 949 im:

625 971 930 1054 pendere,
993 976 1068 1035 ut
1128 973 1538 1036 munirentur
1599 993 1776 1036 arces
1835 979 1900 1036 et
1958 973 2256 1037 civitates
2317 977 2543 1037 contra
2603 970 2927 1045 barbaros,

625 1068 725 1132 vel
775 1071 849 1131 ut
902 1067 1321 1134 barbarorum
1378 1071 1658 1154 egressio
1712 1070 2164 1153 repellet-etum
2220 1069 2407 1135 modo
2456 1069 2653 1134 etiam
2704 1088 2927 1150 pacem

625 1168 692 1228 et
746 1170 936 1247 pacta
989 1165 1330 1230 conciliare
1391 1167 1564 1231 inter
1610 1167 1813 1231 Italos
1866 1172 1934 1231 et
1986 1166 2482 1251 LongobardOS‚
2544 1165 2658 1249 qui
2709 1164 2927 1229 Ponti·

625 1262 816 1326 ficum
862 1260 1245 1347 dignitatem
1292 1266 1496 1329 multo
1549 1265 1694 1347 plus
1751 1262 2215 1328 reverebantur
2270 1285 2462 1347 quam
2508 1260 2922 1325 exarcharum

625 1362 1035 1442 potestatem.

802 1519 902 1583 11.
959 1517 1157 1582 Tanti
1215 1517 1482 1582 fuerunt
1535 1518 1604 1582 in
1668 1518 1975 1601 ejusmodi
2030 1520 2229 1602 gestis
2270 1517 2563 1607 Gregorii
2614 1517 2701 1582 M.
2752 1518 2929 1581 labo-

622 1636 750 1691 re8‚
818 1619 1132 1698 tantaque
1193 1615 1575 1679 auctoritate
1638 1618 1704 1679 et
1757 1615 2188 1679 sollicitudine
2246 1600 2558 1698 inssei'pu
2629 1614 2764 1678 icae
2820 1636 2928 1678 ne-

621 1711 801 1796 gotia
846 1733 987 1775 sese
1034 1712 1296 1776 miscere
1330 1715 1586 1775 coactus
1619 1717 1740 1788 est,
1786 1717 1861 1776 ut
1895 1713 2036 1796 jam
2063 1711 2211 1775 inde
2259 1711 2649 1794 principatui
2679 1710 2927 1775 cuidam

624 1808 792 1872 civili
860 1807 1142 1873 influxus
1209 1808 1318 1873 ille
1385 1809 1716 1874 Pontificis
1782 1808 2007 1872 similis
2075 1813 2263 1872 esset.
2385 1808 2671 1871 Plurima
2738 1806 2929 1890 hujus

622 1904 858 1968 laboris
902 1906 970 1967 in
1022 1903 1317 1990 Gregorii
1362 1906 1649 1988 epistolis
1694 1909 1850 1970 sunt
1894 1905 2283 1969 testimonia.
2374 1903 2413 1968 J
2420 1925 2521 1966 am
2567 1903 2635 1967 in
2681 1925 2795 1966 sua
2849 1901 2928 1964 ad

623 1999 943 2065 Joannem
991 2000 1325 2069 OPtanum
1381 2001 1715 2085 synodica:
1775 2000 1916 2064 Hoc
1968 1999 2043 2065 in
2100 1999 2230 2064 loco
2279 1999 2572 2085 (Romae)
2632 1996 2928 2080 quisquis

614 2100 849 2178 pastor
892 2095 1161 2175 dicitur,
1220 2097 1398 2163 curis
1443 2096 1875 2163 exterioribus
1925 2096 2219 2179 yraviter
2266 2101 2643 2178 occupatur,
2702 2094 2802 2159 ita
2851 2098 2928 2159 ut

626 2213 811 2275 saepe
854 2192 1176 2259 incertum
1218 2193 1355 2274 fiat,
1402 2198 1629 2260 utrum
1666 2192 1965 2259 Pastoris
2010 2192 2315 2275 officium,
2364 2214 2452 2259 an
2498 2192 2743 2258 terreni
2769 2212 2926 2275 pro-

627 2289 791 2354 ceris
835 2289 1068 2376 ayat.¹)
1143 2290 1421 2356 Maxime
1469 2315 1547 2356 ex
1594 2291 2172 2377 Longobardorum
2218 2285 2520 2375 periculis
2566 2293 2691 2355 ista
2735 2311 2928 2375 nego·

625 2388 719 2451 tia
762 2388 1099 2469 provenire
1145 2388 1485 2472 significat,
1532 2389 1817 2454 scribens
1862 2388 2102 2453 Joanni
2148 2389 2507 2454 exconsuli:
2561 2385 2746 2452 Sicut
2781 2406 2925 2468 pec-

628 2487 773 2549 cata
818 2502 959 2548 mea
1005 2482 1444 2565 merebantur,
1494 2504 1629 2550 ‘non
1674 2484 2143 2564 Romanorum,
2191 2483 2300 2549 sed
2345 2483 2925 2567 Lonyobardorum

626 2579 958 2663 episcopus
1016 2581 1236 2663 factus
1301 2602 1472 2661 sum,
1537 2602 1815 2664 quorum
1877 2581 2221 2647 sinthiciae
2284 2582 2553 2664 spathae
2616 2585 2797 2661 sunt,
2867 2585 2927 2645 et

619 2676 847 2761 qratia
882 2697 1112 2759 poena.
1161 2729 1174 2741 .
1226 2729 1239 2742 .
1289 2730 1303 2743 .
1357 2678 1555 2743 Gemo
1601 2677 1887 2760 quotidie
1944 2677 2471 2761 occupationibus
2512 2698 2811 2760 pressus,
2867 2681 2927 2742 et

624 2773 952 2857 respirare
994 2774 1424 2861 nonvaleofl)
1514 2778 1611 2841 Ac
1653 2779 1830 2862 juste
1889 2798 2086 2859 quum
2134 2776 2602 2841 Constantinae
2650 2776 2928 2859 Impera-

624 2873 768 2936 trici
812 2872 1118 2937 scriberet
1148 2880 1396 2957 petens,
1445 2880 1519 2937 ut
1562 2872 1940 2938 retunderet
1970 2873 2332 2954 superbiam
2373 2872 2647 2937 Joannis
2677 2872 2928 2937 CPtani

624 2968 885 3032 titulum
945 2970 1348 3058 patriarchae
1392 2970 1785 3035 oecumenici
1842 2968 1964 3032 sibi
2010 2972 2400 3053 arrogantis,
2457 2991 2573 3034 sua
2620 2974 2686 3034 et
2732 2972 2927 3035 eccle·

625 3066 755 3129 siae
814 3065 1149 3131 Romanae
1202 3069 1271 3131 in
1326 3066 1569 3132 tuenda
1633 3067 2075 3131 dominatione
2131 3067 2601 3150 Imperatorum
2657 3089 2929 3132 comme-

625 3167 835 3226 morat
891 3165 1122 3227 merita
1175 3165 1489 3229 scribens:
1555 3161 1802 3246 Vz'fflnti
1859 3165 2078 3226 autem
2117 3163 2268 3245 Jam
2312 3166 2373 3227 et
2429 3166 2665 3245 septem
2722 3183 2929 3229 annos

627 3257 951 3337 ducimus,
1021 3260 1191 3341 quod
1258 3259 1332 3325 in
1393 3260 1513 3325 hac
1576 3258 1735 3325 urbe
1796 3259 1972 3324 inter
2034 3258 2618 3342 Lonqobardorum
2675 3260 2929 3342 yladios
2989 3281 2997 3290 ·

628 3353 925 3419 vivimus.
1046 3355 1296 3434 Quibus
1355 3376 1549 3438 quam
1611 3355 1821 3420 multa
1883 3354 2004 3420 hac
2066 3354 2145 3419 ab
2207 3354 2465 3421 ecclesia
2529 3355 2930 3437 quotidianis

627 3450 851 3516 diebus
896 3456 1253 3534 eroyantur
1267 3501 1284 3532 ‚
1343 3456 1419 3516 ut
1462 3452 1639 3517 inter
1691 3472 1794 3516 eos
1848 3451 2063 3516 vivere
2111 3451 2466 3533 possimus,
2528 3452 2929 3536 suqyerenda

628 3569 761 3613 non
805 3551 976 3614 sunt.
1056 3547 1182 3613 Sed
1228 3543 1505 3613 breuiter
1549 3548 1785 3629 indicO,
1833 3548 1993 3629 quia
2037 3548 2206 3613 sicut
2247 3548 2321 3614 in
2367 3549 2729 3615 Ravennae
2765 3569 2928 3631 par-

630 3644 804 3710 tibus
843 3644 1256 3710 dominorum
1290 3644 1510 3727 pietas
1540 3645 1718 3726 apud
1737 3644 2030 3727 primum
2064 3644 2418 3710 exercitum
2449 3646 2691 3711 Italia-e
2736 3646 2926 3712 sacel-

630 3740 872 3806 larium
923 3743 991 3821 (i.
1040 3764 1094 3808 e.
1143 3743 1459 3807 sacellarii
1503 3765 1614 3807 seu
1664 3743 1892 3806 aerarii
1950 3742 2486 3827 dispensatorem)
2545 3742 2761 3824 habet,
2816 3742 2929 3825 qui

629 3837 846 3902 causis
898 3837 1499 3921 supervenientibus
1555 3837 1975 3920 quotidianas
2035 3858 2347 3920 expensas
2407 3839 2643 3921 faciat,
2712 3840 2811 3905 ita
2869 3845 2930 3904 et

627 3934 703 3999 in
747 3933 868 3999 hac
911 3935 1069 4000 urbe
1113 3935 1184 4001 in
1217 3935 1433 4001 causis
1475 3934 1717 4002 talibus
1763 3954 1985 3999 eorum
2015 3933 2395 4001 sacellarius
2439 3957 2550 4019 eqo
2593 3957 2755 4001 sum.
2836 3936 2930 4000 Et

811 4180 852 4244 ¹)
889 4179 1026 4248 Epp.
1065 4180 1126 4234 L.
1163 4179 1209 4233 Ι.
1248 4180 1350 4248 Ep.
1388 4183 1472 4233 24.
2108 4178 2151 4244 ²)
2190 4179 2272 4234 Ib.
2310 4179 2408 4247 Ep.
2447 4182 2531 4233 30.
