3270 5028
523 1457 1239 1579 Dissertatio
1306 1457 1791 1577 decima
1860 1456 2410 1598 septima.

857 1683 983 1763 De
1037 1680 1523 1763 schismate
1577 1679 2059 1763 Photiano.

485 2049 539 2111 1.
605 2045 871 2111 Saeculo
933 2068 1107 2111 nono
1166 2046 1452 2111 Ecclesia
1513 2046 1925 2111 occidentalis
1986 2044 2353 2109 haeresibus
2417 2051 2674 2154 atqueln
2648 2052 2730 2093 1³¹⁸
2732 2053 2911 2094 minato

296 2144 625 2209 erroribus
694 2165 920 2227 parum
986 2143 1113 2207 fuit
1180 2143 1476 2228 turbata3
1547 2143 1822 2207 vidimus
1889 2141 2090 2221 enim,
2162 2126 2674 2207 contentiones¹¹
2745 2113 2912 2156 ’ΜΗ

295 2242 381 2305 de
449 2239 829 2324 quibusdam
893 2239 1041 2303 fidei
1108 2239 1425 2330 capitibus
1494 2242 1778 2320 exortas,
1854 2260 1974 2304 nec
2043 2237 2153 2302 diu
2225 2238 2618 2322 perdurasse,

302 2358 420 2401 nec
494 2336 884 2401 factionibus
958 2335 1295 2401 haereticis
1371 2340 1584 2400 ortum
1661 2335 1924 2400 dedisse.
2041 2329 2168 2400 Sed
2244 2335 2616 2399 tristissima

295 2433 534 2498 accidit
605 2432 858 2496 saeculo
925 2432 1035 2496 illo
1104 2434 1242 2518 jam
1314 2431 1393 2495 ad
1470 2431 1666 2496 finem
1734 2436 2041 2517 vergente
2110 2432 2327 2497 scissio
2396 2431 2617 2497 Eccle-

294 2531 464 2597 siam
531 2530 985 2595 occidentalem
1049 2530 1220 2595 inter
1284 2534 1351 2594 et
1415 2529 1827 2608 orientalem,
1898 2530 2280 2616 ambitione,
2352 2529 2497 2594 dolo
2555 2537 2620 2593 et

253 2678 256 2685 .
304 2627 613 2691 violentia
660 2626 850 2691 unius
896 2628 1036 2705 viri,
1086 2626 1306 2692 Photii
1351 2626 1617 2710 pseudo·
1620 2626 2024 2710 patriarchae
2072 2625 2340 2693 CPtani.
2425 2625 2617 2690 Hunc

159 2804 164 2805 γ
297 2727 540 2804 virum,
606 2746 804 2809 quum
861 2725 1127 2809 ingenio
1190 2728 1255 2788 et
1302 2723 1660 2789 eruditione
1717 2723 2007 2807 plurimis
2064 2723 2161 2786 sui
2213 2723 2450 2786 saeculi
2500 2722 2617 2787 ho-

303 2823 583 2887 minibus
639 2821 1080 2897 antecelleret,
1151 2821 1439 2906 nequitia
1500 2823 1567 2883 et
1621 2818 2046 2901 perversitate
2107 2797 2349 2882 nemini
2420 2820 2619 2888 omni-

300 2942 409 2982 um
464 2919 863 2982 saeculorum
923 2917 1158 2981 dixeris
1217 2917 1417 2981 fuisse
1470 2914 1842 2980 secundum.
1934 2914 2144 2997 Impia
2204 2920 2419 2978 autem
2477 2918 2616 2998 ejus

291 3015 621 3089 facinora,
666 3012 899 3096 quibus
948 3013 1326 3089 orientalem
1371 3011 1722 3076 Ecclesiam
1770 3033 1846 3075 ea
1892 3014 2108 3075 aetate
2154 3033 2192 3075 a
2238 3009 2400 3075 Sede
2447 3010 2618 3095 Apo-

292 3110 527 3174 stolica
596 3108 949 3191 separavit,
1028 3108 1276 3172 semina
1343 3108 1608 3172 fuerunt
1669 3107 2007 3191 pestifera,
2076 3130 2153 3172 ex
2218 3107 2453 3192 quibus
2515 3108 2619 3171 ad-

301 3206 427 3269 huc
493 3205 1035 3289 subsequentibus
1106 3205 1377 3269 saeculis
1456 3205 1706 3269 fructus
1781 3205 2099 3287 procreati
2166 3205 2348 3269 fuere
2416 3204 2618 3268 letha-

294 3303 425 3369 le8.'
499 3302 829 3378 'Quamvis
898 3303 1068 3365 enim
1137 3301 1412 3365 schisma
1477 3301 1646 3385 quod
1710 3300 1984 3366 Photius
2062 3301 2367 3366 excitavit
2441 3300 2618 3365 brevi

300 3404 448 3483 post
513 3397 905 3462 exstinctum
963 3399 1075 3481 sit,
1143 3399 1279 3481 ipse
1326 3400 1546 3462 tamen
1592 3396 1960 3485 orientales
2022 3402 2140 3462 suo
2200 3397 2427 3462 infecit
2488 3398 2618 3481 spi·

294 3496 433 3567 xitu
481 3494 847 3578 superbiae3
907 3492 1412 3576 fundamentum
1468 3491 1826 3558 doctrinale
1880 3495 2132 3578 paravit
2190 3494 2615 3578 separationi3

299 3613 505 3675 eaque
551 3590 813 3676 reliquit
856 3591 927 3655 in
973 3592 1086 3659 illa
1117 3592 1380 3656 ecclesia
1424 3590 1796 3656 rebellionis
1845 3592 2185 3670 elementa,
2233 3612 2396 3675 quae
2444 3591 2618 3656 brevi

301 3694 447 3773 post
511 3690 749 3753 iterum
814 3687 1271 3765 efferbuerunt.
1380 3688 1474 3753 Ac
1538 3686 1796 3752 demum
1859 3687 2019 3753 illud
2092 3687 2369 3753 schisma
2439 3710 2616 3753 exor-

159 3846 190 3861 ,,
297 3789 443 3849 tum
508 3789 605 3849 est
674 3785 1143 3862 tristissimum,
1221 3784 1388 3868 quod
1458 3806 1662 3869 usque
1718 3783 1796 3848 ad
1864 3784 1998 3849 dies
2067 3788 2321 3849 nostros
2391 3784 2618 3868 perdu-

225 3903 229 3908 ·
300 3902 485 3963 ranS,
545 3903 584 3945 a
631 3884 853 3945 centro
900 3881 1171 3946 unitatis
1219 3903 1520 3966 magnam
1569 3879 2082 3946 Christianorum
2139 3884 2386 3964 partem
2434 3886 2618 3946 tenet

294 3977 607 4041 avulsam.
701 3976 888 4041 Unde
947 3999 1080 4042 non
1135 3979 1485 4060 immerito,
1544 3977 1701 4042 licet
1755 3982 1900 4061 post
1943 3978 2246 4043 Photium
2306 3979 2460 4042 unio
2516 3999 2616 4042 re-

295 4073 536 4137 stituta
604 4075 831 4159 fuerit,
908 4074 1185 4157 schisma
1258 4073 1543 4140 Orientis
1608 4074 1883 4201 passim
1908 4075 2192 4159 nomine
2259 4074 2621 4141 schismatis

301 4167 611 4324 Photianni
655 4170 1100 4255 designatur.

354 4281 442 4324 Juu
415 4294 574 4334 ngman
610 4283 739 4334 ‚isD
740 4284 923 4325 Mrtat
956 4296 1017 4325 es.
1071 4284 1136 4326 Το
1112 4296 1192 4326 o.m
1226 4285 1510 4327 111..
2339 4276 2405 4327 21
