3270 5028
2227 346 2252 355 ..r

657 459 764 509 254
1000 457 1150 511 XVI.
1192 458 1399 513 Causae
1437 459 1677 513 celebres
1716 465 1772 514 et
1808 459 2130 514 Deteret-ales
2166 460 2620 515 Pseudo-Isidori.

656 597 994 663 siasticum
1049 619 1287 662 morem
1335 603 1540 680 prout
1594 598 2035 687 intelleximus
2082 651 2095 664 .
2140 651 2153 664 .
2198 651 2210 664 .
2253 601 2436 684 juste
2496 606 2555 666 et
2605 602 2969 670 rationabi-

658 694 808 759 liter
851 693 1284 775 definivimus,
1341 698 1557 759 vestra
1614 715 1862 777 quoque
1918 698 2235 763 sententia
2294 697 2674 764 roborando.
2767 701 2862 766 Et
2908 702 2974 766 si

653 791 851 874 forte,
915 791 1084 873 quod
1121 811 1252 855 non
1291 796 1637 874 putamus,
1702 791 1914 857 visum
1959 793 2137 858 vobis
2180 795 2539 860 necessario
2584 796 2822 879 fuerit,
2891 805 2970 865 ut

657 887 1013 956 secundum
1074 886 1490 953 Sardicenses
1548 908 1824 954 canones
1881 890 2199 955 renovetis
2246 891 2608 974 judicium,
2681 900 2741 959 et
2800 897 2972 961 cletis

627 984 927 1072 gjuclices,
993 983 1324 1049 scribendo
1372 985 1685 1069 episcopis
1745 985 1860 1068 qui
1912 986 1987 1052 in
2043 987 2348 1069 finitimis
2407 995 2468 1056 et
2524 991 2756 1057 vicinis
2807 1015 2970 1076 pro·

656 1081 890 1146 vinciis
931 1086 1110 1162 sunt,
1170 1084 1243 1145 ut
1287 1086 1349 1145 et
1392 1082 1523 1165 ipsi
1566 1082 1912 1165 diliqenter
1956 1083 2219 1158 omnino
2262 1087 2607 1168 requirant
2652 1094 2712 1154 et
2757 1090 2968 1173 juxta

651 1179 841 1259 fidem
887 1181 1186 1248 veritatis
1232 1180 1590 1264 diffiniant.
1672 1179 1779 1244 Vel
1824 1179 1883 1244 si
1924 1179 2332 1246 decreveritis
2378 1184 2630 1250 mittere
2676 1207 2718 1250 a
2766 1186 2971 1252 latere

654 1280 864 1341 vestro
907 1277 1208 1345 habentes
1254 1277 1708 1345 auctoritatem
1749 1281 2047 1358 vestram,
2097 1279 2212 1361 qui
2246 1300 2391 1346 cum
2436 1281 2747 1365 episcopis
2774 1283 2964 1367 y'ucli-

597 1311 823 1455 lcent,
872 1395 941 1439 eo
985 1375 1060 1441 in
1098 1377 1318 1460 qradu
1361 1375 1572 1440 adhuc
1617 1394 1749 1439 non
1795 1374 2123 1455 restituto,
2184 1376 2354 1442 sicut
2396 1379 2571 1444 sacri
2618 1379 2962 1446 Sardicen—

548 1481 570 1491 ·
656 1491 753 1535 ses
816 1492 1090 1537 canones
1151 1472 1602 1555 praecipiunt,
1680 1491 1812 1535 non
1880 1470 2246 1538 abnuimus.
2355 1475 2565 1555 Licet,
2641 1482 2964 1560 quantum

645 1588 1012 1650 possumus,
1055 1569 1141 1634 ad
1187 1567 1464 1635 laborem
1511 1588 1634 1650 quo
1681 1567 1799 1632 diu
1848 1569 2064 1632 vexati
2108 1590 2351 1651 sumuS,
2398 1571 2698 1655 refuqere
2741 1575 2962 1657 cupia-

656 1685 879 1730 mus..
933 1718 945 1730 .
997 1717 1009 1730 .
1079 1666 1531 1731 Verumtamen
1587 1669 1837 1772 quanta
1882 1686 2233 1747 possumus
2289 1668 2643 1733 devotionis
2698 1669 2964 1753 humili-

656 1767 787 1827 tate
832 1762 1255 1845 deposcimus,
1310 1768 1384 1828 ut
1429 1761 1624 1827 etiam
1670 1761 1744 1826 in
1789 1761 1910 1826 hac
1963 1783 2162 1828 causa
2207 1764 2392 1829 nobis
2435 1766 2810 1832 canonicam
2856 1768 2964 1832 de-

652 1857 1012 1938 finitionem
1058 1858 1339 1925 servetis.
1446 1857 1779 1936 Videlicet,
1839 1863 1946 1923 ut
1935 1859 2044 1939 si,
2104 1862 2273 1942 quod
2316 1883 2447 1926 non
2493 1842 2838 1944 credimus,
2886 1885 2966 1930 ea

655 1976 819 2038 quae
865 1956 1257 2039 requlariter
1301 1955 1766 2038 diffinivimus,
1818 1961 2022 2038 prout
2066 1977 2290 2022 sacras
2333 1959 2596 2042 requlas
2639 1959 2962 2025 intellexi-

654 2073 829 2132 mus,
889 2051 1066 2116 vobis
1110 2052 1644 2135 praesentialiter
1689 2073 1822 2117 non
1864 2052 2189 2134 placuerit
2232 2060 2446 2119 vestra
2491 2055 2813 2122 sententia
2858 2079 2964 2122 ro—

655 2150 910 2228 borare,
976 2171 1106 2215 non
1162 2154 1356 2215 antea
1412 2150 1857 2215 communione
1910 2150 2293 2216 sacerdotali
2350 2171 2391 2215 a
2435 2172 2565 2234 qua
2621 2158 2966 2236 separatus

653 2251 746 2311 est
790 2245 1209 2325 restituatur,
1267 2251 1614 2328 antequam
1660 2247 2011 2312 secundum
2058 2249 2319 2330 requlas
2374 2253 2435 2314 et
2482 2249 2644 2332 leqes
2688 2250 2761 2315 in
2806 2272 2962 2333 pro-

652 2342 899 2421 vincia,
957 2343 1032 2407 in
1078 2363 1207 2424 qua
1247 2362 1479 2408 causae
1520 2346 1738 2425 qestae
1782 2347 1842 2407 et
1878 2343 2219 2426 judicatae
2264 2350 2446 2424 sunt,
2510 2346 2960 2427 requirantur.

658 2439 831 2520 Quia
878 2459 1077 2522 usque
1122 2440 1209 2504 acl
1251 2443 1477 2504 nostra
1525 2443 1833 2530 tempora,
1859 2440 2046 2504 nulla
2088 2445 2357 2523 patrum
2401 2442 2798 2526 diffinitione
2844 2444 2963 2509 hoc

653 2536 930 2602 ecclesiis
1005 2536 1371 2602 Gallicanis
1438 2541 1497 2601 et
1566 2536 1853 2620 Belqicis
1921 2542 2014 2602 est
2080 2538 2489 2622 cleroqatum:
2563 2541 2963 2622 praesertim

653 2634 811 2717 quia
855 2634 1105 2699 decreta
1140 2633 1435 2698 Nicaena
1480 2633 1612 2698 sive
1657 2633 1999 2717 inferioris
2037 2635 2289 2717 qradus
2327 2635 2603 2718 clericos,
2650 2637 2782 2701 sive
2828 2639 2961 2721 epi-

651 2752 868 2812 scopos
912 2730 1114 2813 ipsos,
1163 2734 1239 2796 ut
1282 2730 1681 2813 Africanum
1723 2729 1950 2795 scribit
1995 2732 2362 2812 concilium,
2410 2732 2550 2798 suis
2595 2735 2962 2817 metropoli-

652 2827 829 2892 tanis
875 2827 1207 2911 aptissime
1255 2820 1791 2911 commiserunt.1)
1849 2865 1936 2873 -—
1983 2830 2225 2893 Iterum
2272 2830 2828 2914 deinpostulant,
2884 2840 2974 2897 u'e

632 2925 1021 3006 ,Gallicanae
1067 2928 1367 2991 eeclesiae
1412 2926 1749 3009 privilegia
1795 2931 2149 2990 serventur.

354 3065 598 3111 Hadrianus
828 3056 932 3117 41.
1005 3052 1130 3117 Sed
1196 3053 1566 3136 Hadrianus
1633 3054 1946 3137 synodum
2015 3051 2474 3118 Duziaeensem
2550 3060 2616 3119 et
2696 3055 2967 3121 senten-

319 3129 374 3172 Β·
404 3129 629 3243 ξὸῃζῖ,οΡ
652 3153 808 3216 tiam
868 3153 938 3215 in
997 3126 1462 3216 Hinemarum
1478 3150 1972 3214 Laudunensem
2037 3151 2235 3214 latam
2296 3152 2503 3216 noluit
2562 3153 2965 3230 confirmare,

652 3235 821 3328 quocl
886 3266 1030 3311 cum
1099 3246 1407 3311 clamaret
1469 3245 1544 3310 in
1606 3245 1879 3327 synodo,
1956 3266 2021 3310 se
2051 3237 2172 3309 aol
2229 3233 2458 3312 Sedem
2521 3232 2975 3330 Apostolicam

650 3344 805 3409 velle
857 3343 1315 3408 incunctanter
1365 3341 1612 3422 venire,
1682 3346 1875 3423 atque
1927 3341 2001 3407 in
2047 3340 2427 3425 praesentia
2481 3343 2623 3425 ejus
2671 3365 2795 3426 pro
2855 3344 2961 3409 ob-

642 3440 832 3524 jectis
875 3438 1000 3505 sibi
1056 3439 1134 3504 ab
1182 3438 1560 3505 adversario
1613 3437 1999 3503 criminibus
2052 3438 2458 3520 respondere,
2514 3439 2969 3506 damnationis

648 3536 723 3601 in
799 3556 943 3601 eum
1014 3535 1224 3618 fuerit
1292 3536 1555 3619 prolata
1622 3533 2025 3615 sententia.2)
2149 3536 2342 3601 Haud
2419 3537 2620 3621 igitur
2699 3538 2967 3603 admisit

588 3665 601 3714 ³«
654 3634 983 3710 Pontifex,
1056 3635 1249 3698 etiam
1314 3635 1484 3697 facta
1541 3634 1973 3716 appellatione
2046 3655 2082 3696 a
2142 3633 2383 3717 synodo
2441 3635 2821 3717 provinciali
2889 3636 2963 3716 iaen

651 3731 1013 3814 episcopum
1084 3753 1264 3814 posse
1328 3731 1481 3795 ferri
1547 3731 1961 3794 sententiam.
2081 3730 2288 3794 Jussit
2360 3735 2689 3813 praeterea
2754 3731 2964 3796 Hinc-

650 3849 897 3892 marum
966 3826 1457 3892 Laudunensem
1527 3826 1797 3891 Romam
1845 3827 2072 3916 mitti,
2148 3831 2213 3890 et
2290 3848 2434 3890 cum
2503 3848 2577 3891 eo
2656 3847 2963 3912 procura-

652 3930 856 3988 torem
920 3924 1248 4001 idoneum‚
1307 3929 1379 3988 ut
1442 3947 1585 3990 eum
1644 3923 1937 4006 synodali
1995 3928 2315 3988 conventu
2369 3923 2682 4007 judicium
2737 3946 2969 3988 secun-

832 4115 873 4182 ¹)
911 4115 974 4167 V.
1014 4115 1195 4168 Labbe
1225 4114 1379 4168 VIII.
1421 4115 1573 4167 1654.
1715 4134 1720 4139 ·

825 4192 868 4259 ²)
901 4193 965 4247 V.
1005 4193 1170 4262 Pagii
1208 4194 1340 4248 Crit.
1378 4192 1601 4247 Baronii
1641 4194 1709 4246 ad
1749 4209 1797 4246 a.
1835 4195 1954 4246 871.
1994 4209 2045 4245 n.
2089 4196 2168 4246 16.
