3270 5028
676 390 782 441 280
1025 388 1174 443 XVI.
1212 389 1421 443 Causae
1459 389 1698 445 celebres
1734 397 1793 446 et
1826 391 2149 447 Decretales
2184 392 2637 448 Pseudo-Isidori.
2672 439 2681 458 ,

677 537 899 594 tamen
959 531 1293 596 conamine
1354 536 1707 596 manarunt
1724 581 1739 612 ,
1800 532 1877 597 de
1936 533 2064 617 quo
2129 537 2195 598 et
2253 534 2608 599 anteriores
2670 531 3008 617 (litterae)

676 626 1033 706 fluxerunt,
1103 626 1174 691 in
1242 627 1471 711 quibus
1537 628 1938 711 continetur,
2014 632 2092 693 ut
2157 648 2262 693 res
2331 650 2548 694 omnes
2617 629 3009 695 Hincmuro

675 721 1051 787 commissae
1118 720 1440 803 ecclesiae,
1505 722 1704 790 donec
1772 723 1860 791 ad
1913 724 2196 808 propria
2263 730 2723 808 reverteretur,
2798 724 3003 792 nobis

680 817 1182 899 committeretis,
1252 824 1329 885 ut
1390 817 1726 887 indemnes
1792 822 2213 889 consisterent
2273 826 2334 888 et
2400 822 2666 906 aliquod
2725 822 2998 906 dispen-

678 914 863 980 dium
906 936 1038 981 non
1090 914 1567 982 incurrerent.“
1655 918 1786 1000 (En
1833 920 1960 984 alia
2003 922 2228 1005 regula
2284 944 2479 1005 quam
2526 925 2603 985 ut
2646 921 2998 987 confictam

678 1010 952 1097 irridet.)
1054 1012 1286 1093 „Unde
1350 1014 1517 1079 sicut
1577 1016 1758 1081 vobis
1816 1018 2279 1101 rescripsimus,
2347 1064 2364 1082 .
2426 1065 2443 1083 .
2503 1067 2518 1083 .
2585 1019 2738 1101 quia
2800 1037 3002 1102 reges

681 1108 1075 1181 Francorum
1140 1114 1207 1175 et
1266 1112 1442 1195 regio
1502 1134 1740 1197 genere
1798 1113 1981 1187 irati,
2051 1133 2185 1179 non
2244 1112 2685 1196 episcoporum
2741 1112 2998 1178 vicedo-

679 1204 848 1271 mini
902 1206 1011 1271 sed
1074 1209 1288 1271 terrae
1350 1207 1599 1274 domini
1658 1210 1969 1275 hactenus
2029 1210 2268 1275 fuimus
2324 1212 2698 1295 computati.
2757 1261 2771 1276 .
2831 1259 2847 1275 .
2895 1261 2911 1275 .
2982 1260 3003 1273 .

680 1304 866 1369 Talia
908 1304 1241 1383 mandata,
1302 1306 1494 1371 sicuti
1552 1306 1878 1371 habentur
1933 1309 2003 1371 in
2047 1308 2284 1373 litteris
2339 1330 2416 1385 ex
2473 1309 2733 1373 nomine
2776 1317 3003 1371 vestro

680 1401 867 1467 nobis
921 1400 1208 1479 directis,
1265 1450 1279 1467 .
1328 1451 1344 1467 .
1392 1451 1408 1467 .
1464 1402 1824 1469 decessores
1870 1408 2125 1470 nostros
2181 1426 2220 1468 a
2280 1405 2712 1470 decessoribus
2757 1403 3003 1468 vestris

680 1499 994 1582 accepisse
1047 1499 1419 1563 nullatenus
1470 1501 1834 1566 invenietis.
1884 1552 1900 1567 .
1946 1551 1960 1567 .
2009 1551 2024 1565 .
2084 1500 2407 1566 Mandatis
2459 1501 2649 1566 Beati
2694 1500 3001 1585 Gregorii

681 1593 1181 1679 praedecessoris
1243 1597 1441 1660 vestri
1508 1595 1587 1661 de
1652 1596 1782 1676 his,
1856 1599 1968 1681 qui
2037 1598 2308 1664 necdum
2382 1598 2641 1683 judicio·
2695 1596 3001 1682 synodali

681 1692 977 1777 legaliter
1038 1714 1112 1757 ac
1176 1693 1561 1776 regulariter
1622 1715 1741 1777 pro
1811 1694 2186 1760 criminibus
2254 1696 2389 1760 suis
2455 1695 2635 1759 fuere
2698 1694 3006 1778 depositi,

683 1789 937 1856 collatis
983 1811 1127 1853 cum
1172 1790 1427 1873 scriptis
1473 1811 1551 1854 ex
1599 1791 1860 1855 nomine
1904 1796 2117 1856 vestro
2163 1791 2349 1857 nobis
2395 1790 2679 1870 directis,
2724 1813 2809 1874 ,ex
2855 1787 2999 1875 (de)

684 1908 759 1951 eo
806 1887 917 1969 qui
958 1886 1255 1969 legaliter
1293 1908 1367 1950 ac
1409 1888 1795 1971 regulariter
1837 1909 1956 1971 pro
1988 1889 2120 1953 suis
2168 1888 2526 1953 excessibus
2557 1888 2798 1973 judicio
2836 1908 2998 1970 syn-

686 1983 852 2048 odali
897 1982 1174 2047 habetur
1218 1983 1572 2067 depositus,
1626 1988 1702 2048 ut
1737 2006 1901 2049 ·eum
1945 1990 2168 2050 nostra
2220 1985 2463 2050 fretum
2521 1984 2814 2069 potentia
2855 1982 2996 2048 Ro-

686 2103 856 2144 mam
911 2080 1274 2157 mittamuS,
1348 2102 1512 2165 quae
1576 2082 1793 2165 potius
1857 2083 2182 2166 sequenda
2242 2082 2380 2147 sint
2442 2082 2748 2167 judicate.
2853 2078 3000 2145 Nos

685 2185 901 2241 autem
948 2178 1397 2241 auctoritatem
1442 2180 1723 2241 vestram
1767 2178 2201 2261 judicaturam
2253 2178 2470 2261 potius
2516 2177 2857 2252 credimus,
2919 2182 2999 2240 ut

684 2296 758 2339 ea
803 2295 1173 2358 sequamur,
1225 2295 1386 2358 quae
1432 2272 1789 2339 decessores
1833 2296 1907 2339 ac
1951 2275 2468 2358 praedecessores
2513 2273 2714 2339 vestri
2759 2293 2994 2337 secun-

683 2371 834 2435 dum
882 2368 1351 2454 Scripturarum
1397 2370 1727 2435 tramitem
1771 2370 2440 2455 praedicationemque
2483 2372 2795 2454 majerum
2843 2368 2997 2433 scri·

682 2472 979 2556 pserunt,
1035 2489 1228 2551 quam
1286 2467 1402 2532 illa
1461 2488 1629 2551 quae
1686 2468 1962 2552 scriptor
2018 2489 2209 2553 saepe
2268 2467 2476 2534 dictae
2538 2467 2849 2552 epistolae
2914 2486 2994 2530 ex

683 2567 948 2632 nomine
1006 2568 1219 2629 vestro
1273 2565 1461 2629 nobis
1519 2564 1798 2630 directae
1860 2564 2190 2645 confinxit.
2250 2613 2267 2632 .
2324 2615 2340 2630 .
2401 2618 2415 2632 .
2473 2564 2838 2628 Videndum
2896 2566 2996 2626 est

684 2665 914 2749 igitur,
977 2661 1131 2746 quid
1191 2661 1296 2726 hic
1352 2664 1591 2726 trames
1651 2666 2016 2727 sanctarum
2076 2661 2554 2747 Scripturarum
2616 2664 2683 2725 et
2737 2658 2991 2743 praedi-

685 2760 869 2827 catio‘
916 2759 1229 2843 majorum
1290 2756 1626 2823 definiant.
1694 2808 1708 2822 .
1770 2808 1786 2824 .
1846 2807 1860 2823 .
1926 2758 2098 2824 Satis
2161 2759 2379 2824 mirari
2441 2781 2581 2829 non
2638 2777 2990 2841 possumus,

685 2856 855 2921 unde
903 2857 1177 2938 scriptor
1209 2855 1528 2938 ‚epistolae
1573 2854 1760 2919 nobis
1821 2876 1898 2919 ex
1951 2857 2214 2921 nomine
2259 2858 2473 2920 'vestro
2528 2854 2779 2918 delatae
2825 2852 2997 2917 hanc

688 2953 884 3036 leyem
931 2951 1099 3036 apud
1146 2973 1215 3016 se
1262 2972 1415 3015 auro
1462 2952 1779 3035 sculptam
1823 2951 2146 3035 produxit,
2198 2945 2391 3036 fluam
2424 2951 2741 3016 Dominus
2785 2948 2996 3041 digito

686 3073 801 3116 suo
848 3072 983 3114 non
1040 3048 1322 3131 scripsit,
1379 3069 1499 3111 nec
1552 3047 1952 3112 scribendam
2014 3049 2315 3131 cuiquam
2370 3048 2738 3132 inspiravit,
2784 3067 2994 3129 neque

687 3147 1048 3211 ordinatam
1093 3167 1207 3228 per
1251 3145 1516 3228 angelos
1562 3145 1632 3209 in
1681 3167 1876 3209 manu
1920 3144 2288 3210 mediatoris
2332 3145 2508 3210 illius
2551 3143 2754 3208 dedit:
2802 3163 2994 3227 quam

689 3265 822 3306 non
866 3261 1159 3326 paganus
1206 3240 1473 3318 indixit,
1535 3263 1668 3305 non
1727 3240 2115 3305 christianus
2174 3240 2462 3317 induxit,
2524 3262 2659 3306 non
2707 3239 2998 3304 ecclesia-

688 3340 885 3403 sticus
929 3338 1026 3401 vir
1073 3337 1381 3416 decrevit,
1444 3359 1607 3421 quae
1653 3337 1734 3401 de
1792 3337 1913 3402 sub
1973 3339 2101 3401 isto
2158 3339 2336 3402 ‘coelo
2398 3337 2564 3403 sicut
2623 3358 2757 3401 non
2821 3339 2996 3400 atra-

691 3438 910 3498 mento
963 3456 1160 3499 manu
1208 3434 1534 3517 justitiae,
1593 3434 1689 3498 ita
1746 3455 1863 3498 nec
1922 3434 2153 3517 spiritu
2201 3433 2325 3498 Dei
2369 3434 2499 3498 vivi
2554 3436 2794 3517 scripta
2848 3453 2997 3516 per·-

688 3532 909 3596 sonuit
955 3529 1084 3612 (lex
1128 3531 1336 3610 ficta),
1391 3552 1518 3614 qua
1561 3552 1663 3594 me
1707 3550 1925 3614 regem
1972 3553 2010 3594 a
2056 3530 2194 3595 Deo
2239 3530 2666 3595 constitutum
2714 3578 2728 3592 .
2780 3578 2792 3592 .
2838 3578 2852 3592 .
2901 3528 2996 3592 rei

690 3632 884 3711 atque
929 3626 1213 3691 damnati
1259 3631 1455 3710 atque
1509 3626 2040 3691 anathematizati
2090 3625 2418 3708 fautorem
2472 3644 2604 3717 esse
2648 3622 2996 3707 praecipit,

683 3724 922 3809 jubens
963 3727 1037 3787 ut
1082 3723 1503 3788 Hincmarum
1557 3745 1883 3788 sacrarum
1938 3725 2151 3807 legum
2198 3725 2772 3807 praevaricatorem
2823 3769 2838 3787 .
2887 3771 2902 3785 .
2953 3769 2996 3806 .,

690 3820 879 3906 regni
935 3820 1449 3904 perturbatorem
1469 3868 1484 3899 ,
1548 3822 1905 3905 perjurum,
1967 3820 2375 3904 sacrilegum,
2437 3817 2864 3884 fraudatorem
2928 3822 2998 3881 et

693 3917 1183 4001 exstirpatorem
1243 3918 1714 4001 episcoporum,
1771 3938 1846 3982 ac
1902 3918 2101 3982 totius
2156 3917 2377 4000 populi
2430 3920 2798 3982 nostrarum
2855 3935 2996 3998 par·

692 4015 856 4080 tium
912 4013 1507 4091 scandalizatorem,
1566 4015 1923 4078 alienarum
1977 4035 2193 4077 rerum
2250 4034 2651 4097 pervasorem
2710 4015 2778 4075 et
2821 4010 2998 4076 veni-

694 4111 860 4177 endo
907 4114 1131 4176 contra
1183 4110 1681 4194 subscriptiones
1738 4114 1804 4174 et
1850 4109 2277 4193 professiones
2332 4131 2480 4174 suas
2536 4131 2574 4173 a
2628 4108 2836 4192 seipso
2890 4107 2999 4170 da-
