<?xml version="1.0" encoding="UTF-8"?>
<!DOCTYPE html PUBLIC "-//W3C//DTD XHTML 1.0 Transitional//EN"
    "http://www.w3.org/TR/xhtml1/DTD/xhtml1-transitional.dtd">
<html xmlns="http://www.w3.org/1999/xhtml" xml:lang="en" lang="en">
 <head>
  <title>
</title>
<meta http-equiv="Content-Type" content="text/html;charset=utf-8" />
  <meta name='ocr-system' content='tesseract 3.04.00' />
  <meta name='ocr-capabilities' content='ocr_page ocr_carea ocr_par ocr_line ocrx_word'/>
</head>
<body>
  <div class='ocr_page' id='page_1' title='image "./dissertationess04junggoog_0015.png"; bbox 0 0 3270 5028; ppageno 0'>
   <div class='ocr_carea' id='block_1_1' title="bbox 1139 447 2634 505">
    <p class='ocr_par' dir='ltr' id='par_1_1' title="bbox 1139 447 2634 505">
     <span class='ocr_line' id='line_1_1' title="bbox 1139 447 2634 505; baseline 0.004 -6"><span class='ocrx_word' id='word_1_1' title='bbox 1139 447 1219 501; x_wconf 90' lang='lat' dir='ltr'>De</span> <span class='ocrx_word' id='word_1_2' title='bbox 1258 447 1501 501; x_wconf 80' lang='lat' dir='ltr'>Concilio</span> <span class='ocrx_word' id='word_1_3' title='bbox 1538 448 1817 502; x_wconf 77' lang='lat' dir='ltr'>Trullauo,</span> <span class='ocrx_word' id='word_1_4' title='bbox 2078 468 2080 473; x_wconf 56' lang='lat'><strong>⁴</strong></span> <span class='ocrx_word' id='word_1_5' title='bbox 2602 456 2634 505; x_wconf 87' lang='grc'>9</span> 
     </span>
    </p>
   </div>
   <div class='ocr_carea' id='block_1_2' title="bbox 299 585 2952 4055">
    <p class='ocr_par' dir='ltr' id='par_1_2' title="bbox 310 585 2952 2973">
     <span class='ocr_line' id='line_1_2' title="bbox 507 585 2631 668; baseline 0.004 -19"><span class='ocrx_word' id='word_1_6' title='bbox 507 587 566 651; x_wconf 84' lang='grc'>8.</span> <span class='ocrx_word' id='word_1_7' title='bbox 630 585 730 649; x_wconf 85' lang='lat' dir='ltr'>Ex</span> <span class='ocrx_word' id='word_1_8' title='bbox 793 588 1145 652; x_wconf 90' lang='lat' dir='ltr'>canonibus</span> <span class='ocrx_word' id='word_1_9' title='bbox 1201 589 1343 652; x_wconf 89' lang='lat' dir='ltr'>istis</span> <span class='ocrx_word' id='word_1_10' title='bbox 1406 589 1590 653; x_wconf 89' lang='lat' dir='ltr'>facile</span> <span class='ocrx_word' id='word_1_11' title='bbox 1637 590 1842 668; x_wconf 76' lang='lat' dir='ltr'>videS,</span> <span class='ocrx_word' id='word_1_12' title='bbox 1918 589 2280 655; x_wconf 89' lang='lat' dir='ltr'>Orientales</span> <span class='ocrx_word' id='word_1_13' title='bbox 2344 594 2413 656; x_wconf 91' lang='lat' dir='ltr'>in</span> <span class='ocrx_word' id='word_1_14' title='bbox 2478 595 2631 658; x_wconf 90' lang='lat' dir='ltr'>occi-</span> 
     </span>
     <span class='ocr_line' id='line_1_3' title="bbox 331 675 2634 771; baseline 0.003 -25"><span class='ocrx_word' id='word_1_15' title='bbox 331 684 652 748; x_wconf 89' lang='lat' dir='ltr'>dentalem</span> <span class='ocrx_word' id='word_1_16' title='bbox 717 682 1066 748; x_wconf 86' lang='lat' dir='ltr'>Ecclesiam</span> <span class='ocrx_word' id='word_1_17' title='bbox 1132 685 1444 749; x_wconf 87' lang='lat' dir='ltr'>tumidam</span> <span class='ocrx_word' id='word_1_18' title='bbox 1492 675 1852 770; x_wconf 33' lang='lat' dir='ltr'>‘quamdam</span> <span class='ocrx_word' id='word_1_19' title='bbox 1922 689 2358 771; x_wconf 80' lang='lat' dir='ltr'>arrogantiam</span> <span class='ocrx_word' id='word_1_20' title='bbox 2423 696 2634 754; x_wconf 90' lang='lat' dir='ltr'>osten-</span> 
     </span>
     <span class='ocr_line' id='line_1_4' title="bbox 327 779 2944 870; baseline 0.003 -26"><span class='ocrx_word' id='word_1_21' title='bbox 327 781 516 856; x_wconf 84' lang='lat' dir='ltr'><strong>disse,</strong></span> <span class='ocrx_word' id='word_1_22' title='bbox 589 779 738 842; x_wconf 88' lang='lat' dir='ltr'>dum</span> <span class='ocrx_word' id='word_1_23' title='bbox 809 801 1026 843; x_wconf 91' lang='lat' dir='ltr'>eorum</span> <span class='ocrx_word' id='word_1_24' title='bbox 1084 781 1486 864; x_wconf 80' lang='lat' dir='ltr'>disciplinam</span> <span class='ocrx_word' id='word_1_25' title='bbox 1549 783 2057 866; x_wconf 89' lang='lat' dir='ltr'>reprehendunt,</span> <span class='ocrx_word' id='word_1_26' title='bbox 2133 806 2353 848; x_wconf 86' lang='lat' dir='ltr'>revera</span> <span class='ocrx_word' id='word_1_27' title='bbox 2416 791 2632 851; x_wconf 90' lang='lat' dir='ltr'>autem</span> <span class='ocrx_word' id='word_1_28' title='bbox 2669 799 2874 870; x_wconf 62' lang='lat' dir='ltr'>Sitqultas</span> <span class='ocrx_word' id='word_1_29' title='bbox 2901 802 2944 842; x_wconf 87' lang='lat' dir='ltr'>in</span> 
     </span>
     <span class='ocr_line' id='line_1_5' title="bbox 328 858 2952 964; baseline 0.003 -24"><span class='ocrx_word' id='word_1_30' title='bbox 328 877 493 962; x_wconf 90' lang='lat' dir='ltr'>apud</span> <span class='ocrx_word' id='word_1_31' title='bbox 554 878 754 959; x_wconf 84' lang='lat' dir='ltr'>ipSOS,</span> <span class='ocrx_word' id='word_1_32' title='bbox 815 878 1090 941; x_wconf 85' lang='lat' dir='ltr'>maxime</span> <span class='ocrx_word' id='word_1_33' title='bbox 1153 878 1319 960; x_wconf 88' lang='lat' dir='ltr'>quod</span> <span class='ocrx_word' id='word_1_34' title='bbox 1382 876 1756 943; x_wconf 90' lang='lat' dir='ltr'>clericoru&#39;m</span> <span class='ocrx_word' id='word_1_35' title='bbox 1831 881 2301 945; x_wconf 74' lang='lat' dir='ltr'>continentiam</span> <span class='ocrx_word' id='word_1_36' title='bbox 2361 886 2631 964; x_wconf 87' lang='lat' dir='ltr'>spectat,</span> <span class='ocrx_word' id='word_1_37' title='bbox 2664 858 2952 904; x_wconf 59' lang='lat' dir='ltr'><strong>⁰⁰⁰¹dentem&#39;</strong></span> 
     </span>
     <span class='ocr_line' id='line_1_6' title="bbox 325 974 2634 1059; baseline 0.002 -21"><span class='ocrx_word' id='word_1_38' title='bbox 325 975 700 1057; x_wconf 83' lang='lat' dir='ltr'>languorem</span> <span class='ocrx_word' id='word_1_39' title='bbox 772 979 966 1056; x_wconf 92' lang='lat' dir='ltr'>atque</span> <span class='ocrx_word' id='word_1_40' title='bbox 1040 974 1367 1056; x_wconf 89' lang='lat' dir='ltr'>ignaviam</span> <span class='ocrx_word' id='word_1_41' title='bbox 1430 977 1564 1059; x_wconf 88' lang='lat' dir='ltr'>jam</span> <span class='ocrx_word' id='word_1_42' title='bbox 1639 976 2003 1041; x_wconf 84' lang='lat' dir='ltr'>invaluisse.</span> <span class='ocrx_word' id='word_1_43' title='bbox 2110 977 2285 1042; x_wconf 88' lang='lat' dir='ltr'>Bene</span> <span class='ocrx_word' id='word_1_44' title='bbox 2355 980 2431 1043; x_wconf 88' lang='lat' dir='ltr'>ad</span> <span class='ocrx_word' id='word_1_45' title='bbox 2498 1001 2634 1043; x_wconf 89' lang='lat' dir='ltr'>rem</span> 
     </span>
     <span class='ocr_line' id='line_1_7' title="bbox 325 1068 2631 1156; baseline 0.002 -22"><span class='ocrx_word' id='word_1_46' title='bbox 325 1070 816 1135; x_wconf 85' lang='lat' dir='ltr'>Thomassinus:</span> <span class='ocrx_word' id='word_1_47' title='bbox 888 1068 1054 1145; x_wconf 83' lang='lat' dir='ltr'>„Sed</span> <span class='ocrx_word' id='word_1_48' title='bbox 1107 1071 1203 1133; x_wconf 88' lang='lat' dir='ltr'>ita</span> <span class='ocrx_word' id='word_1_49' title='bbox 1256 1078 1694 1154; x_wconf 89' lang='lat' dir='ltr'>comparatum</span> <span class='ocrx_word' id='word_1_50' title='bbox 1758 1078 1886 1136; x_wconf 85' lang='lat' dir='ltr'>est:</span> <span class='ocrx_word' id='word_1_51' title='bbox 1957 1076 2136 1156; x_wconf 84' lang='lat' dir='ltr'>aegri</span> <span class='ocrx_word' id='word_1_52' title='bbox 2198 1075 2470 1138; x_wconf 86' lang='lat' dir='ltr'>subinde</span> <span class='ocrx_word' id='word_1_53' title='bbox 2530 1077 2631 1139; x_wconf 92' lang='lat' dir='ltr'>in-</span> 
     </span>
     <span class='ocr_line' id='line_1_8' title="bbox 323 1167 2631 1255; baseline 0.002 -25"><span class='ocrx_word' id='word_1_54' title='bbox 323 1167 678 1251; x_wconf 83' lang='lat' dir='ltr'>dignantur</span> <span class='ocrx_word' id='word_1_55' title='bbox 754 1170 819 1229; x_wconf 93' lang='lat' dir='ltr'>et</span> <span class='ocrx_word' id='word_1_56' title='bbox 894 1167 1321 1231; x_wconf 85' lang='lat' dir='ltr'>effervescunt</span> <span class='ocrx_word' id='word_1_57' title='bbox 1399 1168 1469 1231; x_wconf 91' lang='lat' dir='ltr'>in</span> <span class='ocrx_word' id='word_1_58' title='bbox 1539 1191 1674 1247; x_wconf 79' lang='lat' dir='ltr'>eOS,</span> <span class='ocrx_word' id='word_1_59' title='bbox 1748 1171 1858 1252; x_wconf 86' lang='lat' dir='ltr'>qui</span> <span class='ocrx_word' id='word_1_60' title='bbox 1937 1171 2195 1255; x_wconf 88' lang='lat' dir='ltr'>integra</span> <span class='ocrx_word' id='word_1_61' title='bbox 2262 1173 2631 1237; x_wconf 84' lang='lat' dir='ltr'>valetudine</span> 
     </span>
     <span class='ocr_line' id='line_1_9' title="bbox 323 1263 2630 1347; baseline 0.002 -20"><span class='ocrx_word' id='word_1_62' title='bbox 323 1269 504 1347; x_wconf 85' lang='lat' dir='ltr'>sunt3</span> <span class='ocrx_word' id='word_1_63' title='bbox 575 1270 641 1326; x_wconf 91' lang='lat' dir='ltr'>et</span> <span class='ocrx_word' id='word_1_64' title='bbox 703 1285 780 1326; x_wconf 91' lang='lat' dir='ltr'>ex</span> <span class='ocrx_word' id='word_1_65' title='bbox 845 1263 1109 1327; x_wconf 87' lang='lat' dir='ltr'>adverso</span> <span class='ocrx_word' id='word_1_66' title='bbox 1172 1264 1283 1347; x_wconf 92' lang='lat' dir='ltr'>qui</span> <span class='ocrx_word' id='word_1_67' title='bbox 1347 1265 1486 1327; x_wconf 85' lang='lat' dir='ltr'>sani</span> <span class='ocrx_word' id='word_1_68' title='bbox 1550 1270 1732 1342; x_wconf 85' lang='lat' dir='ltr'>sunt,</span> <span class='ocrx_word' id='word_1_69' title='bbox 1805 1289 1877 1331; x_wconf 91' lang='lat' dir='ltr'>eo</span> <span class='ocrx_word' id='word_1_70' title='bbox 1940 1269 2213 1331; x_wconf 84' lang='lat' dir='ltr'>maxime</span> <span class='ocrx_word' id='word_1_71' title='bbox 2260 1269 2423 1332; x_wconf 85' lang='lat' dir='ltr'>vires</span> <span class='ocrx_word' id='word_1_72' title='bbox 2483 1291 2630 1332; x_wconf 92' lang='lat' dir='ltr'>suas</span> 
     </span>
     <span class='ocr_line' id='line_1_10' title="bbox 322 1361 2629 1447; baseline 0.003 -24"><span class='ocrx_word' id='word_1_73' title='bbox 322 1361 734 1445; x_wconf 86' lang='lat' dir='ltr'>vigoremque</span> <span class='ocrx_word' id='word_1_74' title='bbox 789 1364 1155 1437; x_wconf 87' lang='lat' dir='ltr'>ostentant,</span> <span class='ocrx_word' id='word_1_75' title='bbox 1220 1361 1388 1444; x_wconf 89' lang='lat' dir='ltr'>quod</span> <span class='ocrx_word' id='word_1_76' title='bbox 1447 1362 1847 1426; x_wconf 91' lang='lat' dir='ltr'>infirmorum</span> <span class='ocrx_word' id='word_1_77' title='bbox 1908 1364 2346 1447; x_wconf 87' lang='lat' dir='ltr'>aegritudines</span> <span class='ocrx_word' id='word_1_78' title='bbox 2401 1371 2468 1430; x_wconf 92' lang='lat' dir='ltr'>et</span> <span class='ocrx_word' id='word_1_79' title='bbox 2526 1367 2629 1429; x_wconf 91' lang='lat' dir='ltr'>in-</span> 
     </span>
     <span class='ocr_line' id='line_1_11' title="bbox 320 1457 2632 1540; baseline 0.002 -20"><span class='ocrx_word' id='word_1_80' title='bbox 320 1459 664 1540; x_wconf 87' lang='lat' dir='ltr'>temperias</span> <span class='ocrx_word' id='word_1_81' title='bbox 734 1477 937 1538; x_wconf 91' lang='lat' dir='ltr'>aequo</span> <span class='ocrx_word' id='word_1_82' title='bbox 1002 1457 1219 1520; x_wconf 89' lang='lat' dir='ltr'>animo</span> <span class='ocrx_word' id='word_1_83' title='bbox 1282 1457 1524 1521; x_wconf 87' lang='lat' dir='ltr'>ferunt.</span> <span class='ocrx_word' id='word_1_84' title='bbox 1638 1459 1871 1523; x_wconf 84' lang='lat' dir='ltr'>Pacate</span> <span class='ocrx_word' id='word_1_85' title='bbox 1935 1465 2001 1523; x_wconf 89' lang='lat' dir='ltr'>et</span> <span class='ocrx_word' id='word_1_86' title='bbox 2061 1461 2409 1525; x_wconf 90' lang='lat' dir='ltr'>clementer</span> <span class='ocrx_word' id='word_1_87' title='bbox 2469 1462 2632 1525; x_wconf 87' lang='lat' dir='ltr'>fere-</span> 
     </span>
     <span class='ocr_line' id='line_1_12' title="bbox 320 1551 2626 1641; baseline 0.002 -24"><span class='ocrx_word' id='word_1_88' title='bbox 320 1554 480 1617; x_wconf 86' lang='lat' dir='ltr'>bant</span> <span class='ocrx_word' id='word_1_89' title='bbox 539 1551 761 1617; x_wconf 89' lang='lat' dir='ltr'>Latini</span> <span class='ocrx_word' id='word_1_90' title='bbox 827 1552 1214 1617; x_wconf 80' lang='lat' dir='ltr'>Graecorum</span> <span class='ocrx_word' id='word_1_91' title='bbox 1273 1555 1493 1617; x_wconf 90' lang='lat' dir='ltr'>altaris</span> <span class='ocrx_word' id='word_1_92' title='bbox 1553 1556 1994 1620; x_wconf 88' lang='lat' dir='ltr'>ministrorum</span> <span class='ocrx_word' id='word_1_93' title='bbox 2054 1558 2626 1641; x_wconf 83' lang='lat' dir='ltr'>incontinentiam3</span> 
     </span>
     <span class='ocr_line' id='line_1_13' title="bbox 321 1650 2628 1718; baseline 0.001 -3"><span class='ocrx_word' id='word_1_94' title='bbox 321 1651 579 1715; x_wconf 83' lang='lat' dir='ltr'>Graecis</span> <span class='ocrx_word' id='word_1_95' title='bbox 646 1650 918 1714; x_wconf 86' lang='lat' dir='ltr'>molesta</span> <span class='ocrx_word' id='word_1_96' title='bbox 984 1655 1048 1713; x_wconf 90' lang='lat' dir='ltr'>et</span> <span class='ocrx_word' id='word_1_97' title='bbox 1112 1652 1521 1715; x_wconf 88' lang='lat' dir='ltr'>intoleranda</span> <span class='ocrx_word' id='word_1_98' title='bbox 1585 1653 1925 1717; x_wconf 87' lang='lat' dir='ltr'>videbatur</span> <span class='ocrx_word' id='word_1_99' title='bbox 1991 1653 2371 1718; x_wconf 88' lang='lat' dir='ltr'>Latinorum</span> <span class='ocrx_word' id='word_1_100' title='bbox 2441 1655 2628 1718; x_wconf 89' lang='lat' dir='ltr'>casti-</span> 
     </span>
     <span class='ocr_line' id='line_1_14' title="bbox 318 1747 2627 1834; baseline 0.002 -23"><span class='ocrx_word' id='word_1_101' title='bbox 318 1755 420 1812; x_wconf 92' lang='lat' dir='ltr'>tas</span> <span class='ocrx_word' id='word_1_102' title='bbox 486 1753 551 1810; x_wconf 89' lang='lat' dir='ltr'>et</span> <span class='ocrx_word' id='word_1_103' title='bbox 619 1748 934 1811; x_wconf 86' lang='lat' dir='ltr'>castitatis</span> <span class='ocrx_word' id='word_1_104' title='bbox 1001 1769 1153 1811; x_wconf 90' lang='lat' dir='ltr'>cura</span> <span class='ocrx_word' id='word_1_105' title='bbox 1221 1769 1293 1811; x_wconf 92' lang='lat' dir='ltr'>ac</span> <span class='ocrx_word' id='word_1_106' title='bbox 1358 1747 1717 1830; x_wconf 86' lang='lat' dir='ltr'>diligentia.</span> <span class='ocrx_word' id='word_1_107' title='bbox 1840 1749 2146 1834; x_wconf 88' lang='lat' dir='ltr'>Magnam</span> <span class='ocrx_word' id='word_1_108' title='bbox 2212 1752 2370 1834; x_wconf 90' lang='lat' dir='ltr'>quin</span> <span class='ocrx_word' id='word_1_109' title='bbox 2434 1752 2627 1815; x_wconf 89' lang='lat' dir='ltr'>etiam</span> 
     </span>
     <span class='ocr_line' id='line_1_15' title="bbox 318 1844 2624 1930; baseline 0.002 -23"><span class='ocrx_word' id='word_1_110' title='bbox 318 1845 593 1928; x_wconf 87' lang='lat' dir='ltr'>gratiam</span> <span class='ocrx_word' id='word_1_111' title='bbox 652 1865 718 1907; x_wconf 92' lang='lat' dir='ltr'>se</span> <span class='ocrx_word' id='word_1_112' title='bbox 776 1844 1052 1908; x_wconf 89' lang='lat' dir='ltr'>inituros</span> <span class='ocrx_word' id='word_1_113' title='bbox 1113 1850 1538 1927; x_wconf 84' lang='lat' dir='ltr'>speraverunt</span> <span class='ocrx_word' id='word_1_114' title='bbox 1602 1868 1641 1908; x_wconf 90' lang='lat' dir='ltr'>a</span> <span class='ocrx_word' id='word_1_115' title='bbox 1704 1848 2091 1929; x_wconf 83' lang='lat' dir='ltr'>presbyteris</span> <span class='ocrx_word' id='word_1_116' title='bbox 2157 1849 2624 1930; x_wconf 87' lang='lat' dir='ltr'>provinciarum</span> 
     </span>
     <span class='ocr_line' id='line_1_16' title="bbox 319 1940 2625 2018; baseline 0.001 -13"><span class='ocrx_word' id='word_1_117' title='bbox 319 1940 827 2017; x_wconf 88' lang='lat' dir='ltr'>barbaricarum,</span> <span class='ocrx_word' id='word_1_118' title='bbox 895 1941 947 2002; x_wconf 91' lang='lat' dir='ltr'>si</span> <span class='ocrx_word' id='word_1_119' title='bbox 1011 1941 1303 2003; x_wconf 86' lang='lat' dir='ltr'>sinerent</span> <span class='ocrx_word' id='word_1_120' title='bbox 1370 1963 1473 2005; x_wconf 93' lang='lat' dir='ltr'>eos</span> <span class='ocrx_word' id='word_1_121' title='bbox 1540 1942 1911 2006; x_wconf 83' lang='lat' dir='ltr'>castitatem</span> <span class='ocrx_word' id='word_1_122' title='bbox 1968 1946 2201 2018; x_wconf 91' lang='lat' dir='ltr'>colere,</span> <span class='ocrx_word' id='word_1_123' title='bbox 2269 1944 2419 2007; x_wconf 91' lang='lat' dir='ltr'>dum</span> <span class='ocrx_word' id='word_1_124' title='bbox 2476 1966 2625 2008; x_wconf 91' lang='lat' dir='ltr'>con-</span> 
     </span>
     <span class='ocr_line' id='line_1_17' title="bbox 310 2036 2628 2124; baseline 0.002 -24"><span class='ocrx_word' id='word_1_125' title='bbox 310 2040 503 2122; x_wconf 88' lang='lat' dir='ltr'>juges</span> <span class='ocrx_word' id='word_1_126' title='bbox 567 2059 711 2100; x_wconf 87' lang='lat' dir='ltr'>suas</span> <span class='ocrx_word' id='word_1_127' title='bbox 758 2037 888 2099; x_wconf 91' lang='lat' dir='ltr'>suis</span> <span class='ocrx_word' id='word_1_128' title='bbox 955 2038 1034 2101; x_wconf 91' lang='lat' dir='ltr'>ab</span> <span class='ocrx_word' id='word_1_129' title='bbox 1090 2036 1343 2101; x_wconf 91' lang='lat' dir='ltr'>sedibus</span> <span class='ocrx_word' id='word_1_130' title='bbox 1401 2050 1823 2102; x_wconf 86' lang='lat' dir='ltr'>semoverent.</span> <span class='ocrx_word' id='word_1_131' title='bbox 1918 2039 2056 2115; x_wconf 81' lang='lat' dir='ltr'>Qua</span> <span class='ocrx_word' id='word_1_132' title='bbox 2117 2041 2372 2124; x_wconf 89' lang='lat' dir='ltr'>quidem</span> <span class='ocrx_word' id='word_1_133' title='bbox 2430 2043 2496 2105; x_wconf 91' lang='lat' dir='ltr'>in</span> <span class='ocrx_word' id='word_1_134' title='bbox 2561 2063 2628 2104; x_wconf 91' lang='lat' dir='ltr'>re</span> 
     </span>
     <span class='ocr_line' id='line_1_18' title="bbox 317 2133 2627 2220; baseline 0.002 -23"><span class='ocrx_word' id='word_1_135' title='bbox 317 2133 647 2198; x_wconf 85' lang='lat' dir='ltr'>evidenter</span> <span class='ocrx_word' id='word_1_136' title='bbox 707 2133 1160 2216; x_wconf 87' lang='lat' dir='ltr'>repugnabant</span> <span class='ocrx_word' id='word_1_137' title='bbox 1221 2134 1574 2198; x_wconf 88' lang='lat' dir='ltr'>canonibus</span> <span class='ocrx_word' id='word_1_138' title='bbox 1635 2136 2032 2218; x_wconf 86' lang='lat' dir='ltr'>apostolicis,</span> <span class='ocrx_word' id='word_1_139' title='bbox 2091 2158 2365 2220; x_wconf 90' lang='lat' dir='ltr'>quorum</span> <span class='ocrx_word' id='word_1_140' title='bbox 2426 2142 2627 2201; x_wconf 86' lang='lat' dir='ltr'>secta-</span> 
     </span>
     <span class='ocr_line' id='line_1_19' title="bbox 316 2226 2627 2312; baseline 0.001 -18"><span class='ocrx_word' id='word_1_141' title='bbox 316 2237 488 2296; x_wconf 89' lang='lat' dir='ltr'>tores</span> <span class='ocrx_word' id='word_1_142' title='bbox 553 2252 619 2294; x_wconf 88' lang='lat' dir='ltr'>se</span> <span class='ocrx_word' id='word_1_143' title='bbox 664 2226 1202 2312; x_wconf 80' lang='lat' dir='ltr'>vindicabant“.²)</span> <span class='ocrx_word' id='word_1_144' title='bbox 1293 2229 1551 2294; x_wconf 83' lang='lat' dir='ltr'>Dixeris</span> <span class='ocrx_word' id='word_1_145' title='bbox 1618 2233 1849 2309; x_wconf 89' lang='lat' dir='ltr'>etiam,</span> <span class='ocrx_word' id='word_1_146' title='bbox 1915 2229 2276 2297; x_wconf 87' lang='lat' dir='ltr'>Orientales</span> <span class='ocrx_word' id='word_1_147' title='bbox 2336 2234 2403 2297; x_wconf 91' lang='lat' dir='ltr'>in</span> <span class='ocrx_word' id='word_1_148' title='bbox 2470 2234 2627 2298; x_wconf 90' lang='lat' dir='ltr'>cele-</span> 
     </span>
     <span class='ocr_line' id='line_1_20' title="bbox 315 2326 2627 2414; baseline 0.001 -23"><span class='ocrx_word' id='word_1_149' title='bbox 315 2327 561 2391; x_wconf 85' lang='lat' dir='ltr'>branda</span> <span class='ocrx_word' id='word_1_150' title='bbox 629 2326 872 2408; x_wconf 85' lang='lat' dir='ltr'>synodo</span> <span class='ocrx_word' id='word_1_151' title='bbox 943 2330 1009 2390; x_wconf 92' lang='lat' dir='ltr'>et</span> <span class='ocrx_word' id='word_1_152' title='bbox 1073 2327 1419 2390; x_wconf 82' lang='lat' dir='ltr'>condendis</span> <span class='ocrx_word' id='word_1_153' title='bbox 1487 2328 1614 2391; x_wconf 89' lang='lat' dir='ltr'>illis</span> <span class='ocrx_word' id='word_1_154' title='bbox 1682 2329 2038 2393; x_wconf 91' lang='lat' dir='ltr'>canonibus</span> <span class='ocrx_word' id='word_1_155' title='bbox 2119 2330 2627 2414; x_wconf 82' lang='lat' dir='ltr'>disciplinaribus</span> 
     </span>
     <span class='ocr_line' id='line_1_21' title="bbox 315 2424 2629 2506; baseline 0.001 -17"><span class='ocrx_word' id='word_1_156' title='bbox 315 2425 566 2489; x_wconf 85' lang='lat' dir='ltr'>occulta</span> <span class='ocrx_word' id='word_1_157' title='bbox 643 2424 915 2506; x_wconf 89' lang='lat' dir='ltr'>quadam</span> <span class='ocrx_word' id='word_1_158' title='bbox 991 2427 1196 2487; x_wconf 89' lang='lat' dir='ltr'>motos</span> <span class='ocrx_word' id='word_1_159' title='bbox 1274 2424 1474 2488; x_wconf 86' lang='lat' dir='ltr'>fuisse</span> <span class='ocrx_word' id='word_1_160' title='bbox 1541 2425 1785 2488; x_wconf 85' lang='lat' dir='ltr'>invidia</span> <span class='ocrx_word' id='word_1_161' title='bbox 1863 2427 1933 2489; x_wconf 91' lang='lat' dir='ltr'>in</span> <span class='ocrx_word' id='word_1_162' title='bbox 2004 2425 2477 2501; x_wconf 82' lang='lat' dir='ltr'>OccidentaleS,</span> <span class='ocrx_word' id='word_1_163' title='bbox 2557 2448 2629 2491; x_wconf 90' lang='lat' dir='ltr'>ac</span> 
     </span>
     <span class='ocr_line' id='line_1_22' title="bbox 314 2520 2625 2603; baseline 0.001 -18"><span class='ocrx_word' id='word_1_164' title='bbox 314 2523 635 2601; x_wconf 85' lang='lat' dir='ltr'>vanitate,</span> <span class='ocrx_word' id='word_1_165' title='bbox 694 2525 796 2603; x_wconf 88' lang='lat' dir='ltr'>ut,</span> <span class='ocrx_word' id='word_1_166' title='bbox 860 2520 1011 2584; x_wconf 89' lang='lat' dir='ltr'>dum</span> <span class='ocrx_word' id='word_1_167' title='bbox 1060 2522 1402 2585; x_wconf 90' lang='lat' dir='ltr'>molestum</span> <span class='ocrx_word' id='word_1_168' title='bbox 1467 2523 1556 2585; x_wconf 88' lang='lat' dir='ltr'>eis</span> <span class='ocrx_word' id='word_1_169' title='bbox 1616 2527 1814 2600; x_wconf 91' lang='lat' dir='ltr'>esset,</span> <span class='ocrx_word' id='word_1_170' title='bbox 1871 2533 2002 2587; x_wconf 89' lang='lat' dir='ltr'>tam</span> <span class='ocrx_word' id='word_1_171' title='bbox 2053 2526 2397 2589; x_wconf 90' lang='lat' dir='ltr'>manifeste</span> <span class='ocrx_word' id='word_1_172' title='bbox 2444 2523 2625 2588; x_wconf 88' lang='lat' dir='ltr'>Lati-</span> 
     </span>
     <span class='ocr_line' id='line_1_23' title="bbox 314 2617 2624 2706; baseline 0 -24"><span class='ocrx_word' id='word_1_173' title='bbox 314 2640 432 2683; x_wconf 87' lang='lat' dir='ltr'>nos</span> <span class='ocrx_word' id='word_1_174' title='bbox 498 2618 652 2701; x_wconf 92' lang='lat' dir='ltr'>ipsis</span> <span class='ocrx_word' id='word_1_175' title='bbox 716 2617 1162 2700; x_wconf 87' lang='lat' dir='ltr'>comprobatos</span> <span class='ocrx_word' id='word_1_176' title='bbox 1226 2640 1360 2682; x_wconf 90' lang='lat' dir='ltr'>esse</span> <span class='ocrx_word' id='word_1_177' title='bbox 1429 2620 1790 2701; x_wconf 88' lang='lat' dir='ltr'>superiores</span> <span class='ocrx_word' id='word_1_178' title='bbox 1857 2622 1923 2683; x_wconf 91' lang='lat' dir='ltr'>in</span> <span class='ocrx_word' id='word_1_179' title='bbox 1991 2619 2294 2685; x_wconf 88' lang='lat' dir='ltr'>doctrinis</span> <span class='ocrx_word' id='word_1_180' title='bbox 2361 2622 2624 2706; x_wconf 89' lang='lat' dir='ltr'>dogma-</span> 
     </span>
     <span class='ocr_line' id='line_1_24' title="bbox 313 2714 2625 2802; baseline 0.001 -25"><span class='ocrx_word' id='word_1_181' title='bbox 313 2716 458 2780; x_wconf 85' lang='lat' dir='ltr'>ticis</span> <span class='ocrx_word' id='word_1_182' title='bbox 527 2719 727 2797; x_wconf 90' lang='lat' dir='ltr'>atque</span> <span class='ocrx_word' id='word_1_183' title='bbox 796 2715 864 2777; x_wconf 91' lang='lat' dir='ltr'>in</span> <span class='ocrx_word' id='word_1_184' title='bbox 933 2714 1340 2791; x_wconf 84' lang='lat' dir='ltr'>orthodoxia,</span> <span class='ocrx_word' id='word_1_185' title='bbox 1414 2715 1640 2779; x_wconf 90' lang='lat' dir='ltr'>saltem</span> <span class='ocrx_word' id='word_1_186' title='bbox 1709 2718 1779 2779; x_wconf 88' lang='lat' dir='ltr'>in</span> <span class='ocrx_word' id='word_1_187' title='bbox 1852 2717 2041 2781; x_wconf 90' lang='lat' dir='ltr'>rebus</span> <span class='ocrx_word' id='word_1_188' title='bbox 2110 2717 2625 2802; x_wconf 87' lang='lat' dir='ltr'>disciplinaribus</span> 
     </span>
     <span class='ocr_line' id='line_1_25' title="bbox 311 2810 2626 2897; baseline 0 -20"><span class='ocrx_word' id='word_1_189' title='bbox 311 2815 724 2877; x_wconf 85' lang='lat' dir='ltr'>ostentarent</span> <span class='ocrx_word' id='word_1_190' title='bbox 790 2810 1130 2894; x_wconf 88' lang='lat' dir='ltr'>quamdam</span> <span class='ocrx_word' id='word_1_191' title='bbox 1192 2813 1657 2893; x_wconf 84' lang='lat' dir='ltr'>autonomiam,</span> <span class='ocrx_word' id='word_1_192' title='bbox 1717 2813 1843 2878; x_wconf 90' lang='lat' dir='ltr'>imo</span> <span class='ocrx_word' id='word_1_193' title='bbox 1907 2835 2057 2897; x_wconf 89' lang='lat' dir='ltr'>prae</span> <span class='ocrx_word' id='word_1_194' title='bbox 2114 2814 2362 2879; x_wconf 90' lang='lat' dir='ltr'>Latinis</span> <span class='ocrx_word' id='word_1_195' title='bbox 2426 2816 2626 2879; x_wconf 87' lang='lat' dir='ltr'>excel·</span> 
     </span>
     <span class='ocr_line' id='line_1_26' title="bbox 311 2909 601 2973; baseline -0.007 0"><span class='ocrx_word' id='word_1_196' title='bbox 311 2909 601 2973; x_wconf 89' lang='lat' dir='ltr'>lentiam.</span> 
     </span>
    </p>

    <p class='ocr_par' dir='ltr' id='par_1_3' title="bbox 299 3002 2921 4055">
     <span class='ocr_line' id='line_1_27' title="bbox 490 3002 2921 3089; baseline 0.001 -21"><span class='ocrx_word' id='word_1_197' title='bbox 490 3006 550 3070; x_wconf 85' lang='lat'>9.</span> <span class='ocrx_word' id='word_1_198' title='bbox 615 3004 932 3067; x_wconf 88' lang='lat' dir='ltr'>Absoluto</span> <span class='ocrx_word' id='word_1_199' title='bbox 997 3003 1310 3079; x_wconf 89' lang='lat' dir='ltr'>Concili0,</span> <span class='ocrx_word' id='word_1_200' title='bbox 1379 3002 1792 3068; x_wconf 85' lang='lat' dir='ltr'>Justinianus</span> <span class='ocrx_word' id='word_1_201' title='bbox 1851 3004 1939 3069; x_wconf 90' lang='lat' dir='ltr'>H.</span> <span class='ocrx_word' id='word_1_202' title='bbox 2005 3004 2365 3089; x_wconf 87' lang='lat' dir='ltr'>Imperator</span> <span class='ocrx_word' id='word_1_203' title='bbox 2432 3029 2620 3071; x_wconf 89' lang='lat' dir='ltr'>cano·</span> <span class='ocrx_word' id='word_1_204' title='bbox 2675 3017 2807 3059; x_wconf 78' lang='lat' dir='ltr'>Sedes</span> <span class='ocrx_word' id='word_1_205' title='bbox 2838 3018 2921 3060; x_wconf 83' lang='lat' dir='ltr'>Ro-</span> 
     </span>
     <span class='ocr_line' id='line_1_28' title="bbox 312 3092 2882 3186; baseline 0 -19"><span class='ocrx_word' id='word_1_206' title='bbox 312 3125 428 3167; x_wconf 89' lang='lat' dir='ltr'>nes</span> <span class='ocrx_word' id='word_1_207' title='bbox 494 3104 559 3165; x_wconf 90' lang='lat' dir='ltr'>in</span> <span class='ocrx_word' id='word_1_208' title='bbox 630 3123 703 3164; x_wconf 92' lang='lat' dir='ltr'>eo</span> <span class='ocrx_word' id='word_1_209' title='bbox 767 3100 1056 3164; x_wconf 92' lang='lat' dir='ltr'>conditos</span> <span class='ocrx_word' id='word_1_210' title='bbox 1111 3101 1285 3164; x_wconf 89' lang='lat' dir='ltr'>misit</span> <span class='ocrx_word' id='word_1_211' title='bbox 1353 3100 1431 3165; x_wconf 90' lang='lat' dir='ltr'>ad</span> <span class='ocrx_word' id='word_1_212' title='bbox 1489 3098 1785 3185; x_wconf 80' lang='lat' dir='ltr'>Sergium</span> <span class='ocrx_word' id='word_1_213' title='bbox 1851 3102 2120 3185; x_wconf 87' lang='lat' dir='ltr'>Papam,</span> <span class='ocrx_word' id='word_1_214' title='bbox 2192 3110 2267 3165; x_wconf 89' lang='lat' dir='ltr'>ut</span> <span class='ocrx_word' id='word_1_215' title='bbox 2335 3125 2441 3167; x_wconf 91' lang='lat' dir='ltr'>eos</span> <span class='ocrx_word' id='word_1_216' title='bbox 2512 3126 2620 3186; x_wconf 89' lang='lat' dir='ltr'>ap·</span> <span class='ocrx_word' id='word_1_217' title='bbox 2729 3092 2882 3122; x_wconf 57' lang='lat'>&#39;⁰⁸⁰²‘</span> 
     </span>
     <span class='ocr_line' id='line_1_29' title="bbox 311 3196 2619 3283; baseline 0.001 -21"><span class='ocrx_word' id='word_1_218' title='bbox 311 3200 627 3283; x_wconf 90' lang='lat' dir='ltr'>probaret.</span> <span class='ocrx_word' id='word_1_219' title='bbox 745 3199 837 3261; x_wconf 90' lang='lat' dir='ltr'>At</span> <span class='ocrx_word' id='word_1_220' title='bbox 910 3196 1173 3280; x_wconf 87' lang='lat' dir='ltr'>Sergius</span> <span class='ocrx_word' id='word_1_221' title='bbox 1238 3220 1445 3281; x_wconf 89' lang='lat' dir='ltr'>neque</span> <span class='ocrx_word' id='word_1_222' title='bbox 1510 3198 1802 3280; x_wconf 89' lang='lat' dir='ltr'>precibus</span> <span class='ocrx_word' id='word_1_223' title='bbox 1867 3219 2075 3281; x_wconf 90' lang='lat' dir='ltr'>neque</span> <span class='ocrx_word' id='word_1_224' title='bbox 2140 3201 2331 3264; x_wconf 90' lang='lat' dir='ltr'>minis</span> <span class='ocrx_word' id='word_1_225' title='bbox 2398 3200 2561 3264; x_wconf 89' lang='lat' dir='ltr'>addu</span> <span class='ocrx_word' id='word_1_226' title='bbox 2607 3203 2619 3214; x_wconf 84' lang='lat'><strong><em>&#39;</em></strong></span> 
     </span>
     <span class='ocr_line' id='line_1_30' title="bbox 309 3292 2623 3380; baseline 0.001 -21"><span class='ocrx_word' id='word_1_227' title='bbox 309 3295 390 3359; x_wconf 91' lang='lat' dir='ltr'>ad</span> <span class='ocrx_word' id='word_1_228' title='bbox 460 3295 524 3358; x_wconf 89' lang='lat' dir='ltr'>id</span> <span class='ocrx_word' id='word_1_229' title='bbox 599 3294 832 3377; x_wconf 89' lang='lat' dir='ltr'>potuit.</span> <span class='ocrx_word' id='word_1_230' title='bbox 952 3292 1363 3358; x_wconf 86' lang='lat' dir='ltr'>Justinianus</span> <span class='ocrx_word' id='word_1_231' title='bbox 1436 3295 1534 3357; x_wconf 93' lang='lat' dir='ltr'>ira</span> <span class='ocrx_word' id='word_1_232' title='bbox 1607 3295 1890 3377; x_wconf 86' lang='lat' dir='ltr'>percitus</span> <span class='ocrx_word' id='word_1_233' title='bbox 1967 3295 2334 3360; x_wconf 87' lang='lat' dir='ltr'>Zachariam</span> <span class='ocrx_word' id='word_1_234' title='bbox 2412 3302 2623 3380; x_wconf 90' lang='lat' dir='ltr'>proto-</span> 
     </span>
     <span class='ocr_line' id='line_1_31' title="bbox 309 3388 2618 3475; baseline 0.001 -20"><span class='ocrx_word' id='word_1_235' title='bbox 309 3391 705 3475; x_wconf 88' lang='lat' dir='ltr'>spatharium</span> <span class='ocrx_word' id='word_1_236' title='bbox 775 3412 958 3453; x_wconf 91' lang='lat' dir='ltr'>suum</span> <span class='ocrx_word' id='word_1_237' title='bbox 1034 3388 1300 3454; x_wconf 86' lang='lat' dir='ltr'>Romam</span> <span class='ocrx_word' id='word_1_238' title='bbox 1365 3390 1628 3466; x_wconf 91' lang='lat' dir='ltr'>direxit,</span> <span class='ocrx_word' id='word_1_239' title='bbox 1706 3396 1779 3453; x_wconf 93' lang='lat' dir='ltr'>ut</span> <span class='ocrx_word' id='word_1_240' title='bbox 1848 3390 2228 3456; x_wconf 89' lang='lat' dir='ltr'>Pontificem</span> <span class='ocrx_word' id='word_1_241' title='bbox 2298 3395 2618 3475; x_wconf 85' lang='lat' dir='ltr'>captivum</span> 
     </span>
     <span class='ocr_line' id='line_1_32' title="bbox 308 3485 2621 3568; baseline 0.001 -16"><span class='ocrx_word' id='word_1_242' title='bbox 308 3489 648 3552; x_wconf 88' lang='lat' dir='ltr'>deduceret</span> <span class='ocrx_word' id='word_1_243' title='bbox 696 3486 1343 3568; x_wconf 84' lang='lat' dir='ltr'>Constantinopolim.</span> <span class='ocrx_word' id='word_1_244' title='bbox 1449 3485 1691 3550; x_wconf 89' lang='lat' dir='ltr'>Verum</span> <span class='ocrx_word' id='word_1_245' title='bbox 1749 3488 1976 3553; x_wconf 90' lang='lat' dir='ltr'>militia</span> <span class='ocrx_word' id='word_1_246' title='bbox 2024 3488 2411 3566; x_wconf 85' lang='lat' dir='ltr'>Ravennae,</span> <span class='ocrx_word' id='word_1_247' title='bbox 2459 3491 2621 3555; x_wconf 92' lang='lat' dir='ltr'>Pen-</span> 
     </span>
     <span class='ocr_line' id='line_1_33' title="bbox 308 3580 2621 3668; baseline 0.001 -20"><span class='ocrx_word' id='word_1_248' title='bbox 308 3585 569 3668; x_wconf 83' lang='lat' dir='ltr'>tapolis,</span> <span class='ocrx_word' id='word_1_249' title='bbox 645 3587 710 3646; x_wconf 90' lang='lat' dir='ltr'>et</span> <span class='ocrx_word' id='word_1_250' title='bbox 770 3582 1123 3646; x_wconf 87' lang='lat' dir='ltr'>vicinarum</span> <span class='ocrx_word' id='word_1_251' title='bbox 1187 3582 1468 3664; x_wconf 90' lang='lat' dir='ltr'>partium</span> <span class='ocrx_word' id='word_1_252' title='bbox 1513 3580 1785 3647; x_wconf 90' lang='lat' dir='ltr'>Romam</span> <span class='ocrx_word' id='word_1_253' title='bbox 1853 3586 2158 3662; x_wconf 90' lang='lat' dir='ltr'>accurrit,</span> <span class='ocrx_word' id='word_1_254' title='bbox 2234 3592 2307 3649; x_wconf 90' lang='lat' dir='ltr'>ut</span> <span class='ocrx_word' id='word_1_255' title='bbox 2355 3587 2621 3652; x_wconf 87' lang='lat' dir='ltr'>Pontifi-</span> 
     </span>
     <span class='ocr_line' id='line_1_34' title="bbox 309 3677 2623 3767; baseline 0.001 -21"><span class='ocrx_word' id='word_1_256' title='bbox 309 3704 445 3746; x_wconf 88' lang='lat' dir='ltr'>cem</span> <span class='ocrx_word' id='word_1_257' title='bbox 494 3684 719 3745; x_wconf 89' lang='lat' dir='ltr'>contra</span> <span class='ocrx_word' id='word_1_258' title='bbox 762 3680 986 3762; x_wconf 84' lang='lat' dir='ltr'>iniqua</span> <span class='ocrx_word' id='word_1_259' title='bbox 1032 3677 1448 3762; x_wconf 89' lang='lat' dir='ltr'>Imperatoris</span> <span class='ocrx_word' id='word_1_260' title='bbox 1491 3680 1798 3743; x_wconf 87' lang='lat' dir='ltr'>mandata</span> <span class='ocrx_word' id='word_1_261' title='bbox 1843 3681 2229 3747; x_wconf 88' lang='lat' dir='ltr'>defenderet.</span> <span class='ocrx_word' id='word_1_262' title='bbox 2334 3683 2623 3767; x_wconf 91' lang='lat' dir='ltr'>Populus</span> 
     </span>
     <span class='ocr_line' id='line_1_35' title="bbox 310 3775 2619 3858; baseline 0 -15"><span class='ocrx_word' id='word_1_263' title='bbox 310 3778 643 3843; x_wconf 88' lang='lat' dir='ltr'>Romanus</span> <span class='ocrx_word' id='word_1_264' title='bbox 723 3798 789 3839; x_wconf 90' lang='lat' dir='ltr'>se</span> <span class='ocrx_word' id='word_1_265' title='bbox 870 3797 985 3858; x_wconf 90' lang='lat' dir='ltr'>pro</span> <span class='ocrx_word' id='word_1_266' title='bbox 1064 3775 1399 3839; x_wconf 89' lang='lat' dir='ltr'>Pontificis</span> <span class='ocrx_word' id='word_1_267' title='bbox 1481 3775 1855 3840; x_wconf 89' lang='lat' dir='ltr'>defensione</span> <span class='ocrx_word' id='word_1_268' title='bbox 1939 3800 2082 3842; x_wconf 92' lang='lat' dir='ltr'>cum</span> <span class='ocrx_word' id='word_1_269' title='bbox 2160 3779 2393 3844; x_wconf 91' lang='lat' dir='ltr'>militia</span> <span class='ocrx_word' id='word_1_270' title='bbox 2473 3802 2619 3845; x_wconf 91' lang='lat' dir='ltr'>con-</span> 
     </span>
     <span class='ocr_line' id='line_1_36' title="bbox 299 3871 2621 3960; baseline 0.001 -22"><span class='ocrx_word' id='word_1_271' title='bbox 299 3875 557 3960; x_wconf 86' lang='lat' dir='ltr'>junxit,</span> <span class='ocrx_word' id='word_1_272' title='bbox 619 3873 713 3937; x_wconf 88' lang='lat' dir='ltr'>ita</span> <span class='ocrx_word' id='word_1_273' title='bbox 776 3872 1032 3956; x_wconf 88' lang='lat' dir='ltr'>quidem</span> <span class='ocrx_word' id='word_1_274' title='bbox 1094 3879 1169 3935; x_wconf 90' lang='lat' dir='ltr'>ut</span> <span class='ocrx_word' id='word_1_275' title='bbox 1225 3871 1558 3936; x_wconf 89' lang='lat' dir='ltr'>Zacharias</span> <span class='ocrx_word' id='word_1_276' title='bbox 1619 3874 2171 3957; x_wconf 87' lang='lat' dir='ltr'>protospatharius</span> <span class='ocrx_word' id='word_1_277' title='bbox 2229 3898 2372 3940; x_wconf 92' lang='lat' dir='ltr'>cum</span> <span class='ocrx_word' id='word_1_278' title='bbox 2433 3877 2621 3941; x_wconf 88' lang='lat' dir='ltr'>dede·</span> 
     </span>
     <span class='ocr_line' id='line_1_37' title="bbox 308 3967 2617 4055; baseline 0 -19"><span class='ocrx_word' id='word_1_279' title='bbox 308 3992 452 4036; x_wconf 90' lang='lat' dir='ltr'>core</span> <span class='ocrx_word' id='word_1_280' title='bbox 523 3990 601 4033; x_wconf 90' lang='lat' dir='ltr'>ex</span> <span class='ocrx_word' id='word_1_281' title='bbox 665 3967 842 4032; x_wconf 90' lang='lat' dir='ltr'>Urbe</span> <span class='ocrx_word' id='word_1_282' title='bbox 906 3968 1106 4032; x_wconf 84' lang='lat' dir='ltr'>fuerit</span> <span class='ocrx_word' id='word_1_283' title='bbox 1173 3970 1446 4052; x_wconf 89' lang='lat' dir='ltr'>ejectus,</span> <span class='ocrx_word' id='word_1_284' title='bbox 1510 3975 1576 4031; x_wconf 91' lang='lat' dir='ltr'>et</span> <span class='ocrx_word' id='word_1_285' title='bbox 1643 3971 1955 4034; x_wconf 89' lang='lat' dir='ltr'>exercitus</span> <span class='ocrx_word' id='word_1_286' title='bbox 2021 3976 2085 4035; x_wconf 92' lang='lat' dir='ltr'>et</span> <span class='ocrx_word' id='word_1_287' title='bbox 2149 3973 2422 4055; x_wconf 91' lang='lat' dir='ltr'>populus</span> <span class='ocrx_word' id='word_1_288' title='bbox 2487 3995 2617 4037; x_wconf 94' lang='lat' dir='ltr'>non</span> 
     </span>
    </p>
   </div>
   <div class='ocr_carea' id='block_1_3' title="bbox 490 4162 1880 4243">
    <p class='ocr_par' dir='ltr' id='par_1_4' title="bbox 490 4162 1880 4243">
     <span class='ocr_line' id='line_1_38' title="bbox 490 4162 1880 4243; baseline 0.006 -17"><span class='ocrx_word' id='word_1_289' title='bbox 490 4162 530 4242; x_wconf 73' lang='lat'>¹)</span> <span class='ocrx_word' id='word_1_290' title='bbox 569 4175 649 4230; x_wconf 89' lang='lat' dir='ltr'>De</span> <span class='ocrx_word' id='word_1_291' title='bbox 687 4174 900 4243; x_wconf 85' lang='lat' dir='ltr'>discipl.</span> <span class='ocrx_word' id='word_1_292' title='bbox 938 4176 1067 4230; x_wconf 87' lang='lat' dir='ltr'>eccl.</span> <span class='ocrx_word' id='word_1_293' title='bbox 1106 4176 1167 4229; x_wconf 94' lang='lat' dir='ltr'>P.</span> <span class='ocrx_word' id='word_1_294' title='bbox 1206 4177 1248 4229; x_wconf 93' lang='grc' dir='ltr'>Ι.</span> <span class='ocrx_word' id='word_1_295' title='bbox 1287 4175 1347 4228; x_wconf 93' lang='lat' dir='ltr'>L.</span> <span class='ocrx_word' id='word_1_296' title='bbox 1387 4175 1459 4229; x_wconf 93' lang='lat' dir='ltr'>II.</span> <span class='ocrx_word' id='word_1_297' title='bbox 1498 4191 1542 4228; x_wconf 90' lang='lat' dir='ltr'>c.</span> <span class='ocrx_word' id='word_1_298' title='bbox 1584 4177 1667 4227; x_wconf 85' lang='lat'>63.</span> <span class='ocrx_word' id='word_1_299' title='bbox 1708 4193 1757 4229; x_wconf 88' lang='lat' dir='ltr'>n.</span> <span class='ocrx_word' id='word_1_300' title='bbox 1801 4178 1880 4230; x_wconf 84' lang='lat'>13·</span> 
     </span>
    </p>
   </div>
  </div>
 </body>
</html>
