3270 5028
957 422 1164 476 Causae
1198 421 1562 489 principatum
1597 426 2011 490 praeparantes,
2575 425 2643 476 87

332 564 546 628 minus
593 564 757 629 bene
795 565 1178 649 judicantis:
1243 560 1530 644 Cyrillus
1573 560 1648 627 in
1690 561 1832 627 sede
1876 561 2223 644 episcopali
2280 563 2640 644 collocatus,

326 658 646 742 majorem
691 660 1155 742 principatum
1233 680 1429 741 quam
1489 678 1785 740 unquam
1857 658 2250 741 Theophilus
2316 659 2644 725 habuisset

321 755 584 837 pariter
645 755 771 820 sibi
824 756 1197 839 assumpsit.
1237 807 1249 820 .
1297 807 1310 820 .
1361 807 1375 821 .
1434 755 1701 821 Etenim
1766 776 1847 820 ex
1904 755 2016 821 illo
2074 761 2354 839 tempore
2408 756 2642 840 episco-

322 872 455 934 pus
487 852 983 919 Alexandrinus
1016 858 1286 935 praeter
1329 851 1504 918 sacri
1534 852 1690 917 cleri
1720 852 2144 934 dominatum,
2187 874 2411 918 rerum
2447 874 2642 937 prae-

328 953 507 1014 terea
551 949 987 1016 saecularium
1032 949 1440 1015 dominatum
1485 948 1905 1034 acquisivit.¹)
1996 950 2156 1035 Ejus
2212 952 2417 1016 civilis
2464 956 2643 1035 pote-

331 1048 524 1111 statis
572 1049 892 1132 specimen
949 1047 1148 1112 edidit
1195 1047 1502 1131 Cyrillu8‚
1559 1046 1818 1130 quando
1874 1069 2093 1111 omnes
2137 1046 2198 1111 N
2201 1049 2642 1113 ovatianorum

333 1145 627 1208 ecclesias
688 1144 1118 1209 Alexandriae
1180 1145 1528 1220 conclusit,
1590 1143 1927 1209 thesauros
1990 1165 2209 1208 eorum
2270 1146 2644 1228 asportavit,

325 1240 844 1324 Theopemptum
893 1262 1115 1304 eorum
1163 1241 1526 1324 episcopum
1573 1239 1764 1303 bonis
1813 1238 2107 1304 omnibus
2155 1241 2365 1319 exuit,
2414 1241 2470 1304 si
2515 1263 2643 1324 qua

332 1336 584 1401 Socrati
646 1336 805 1401 haec
865 1337 1163 1401 narranti
1221 1336 1381 1400 fides
1443 1335 1739 1400 habenda
1802 1336 1906 1400 sit.
2017 1336 2363 1401 Dioscorus
2424 1342 2642 1401 autem

325 1433 558 1516 Oyrilli
601 1454 953 1516 successor,
998 1433 1340 1516 tyrannico
1386 1433 1573 1496 modo
1616 1432 1854 1496 abusus
1901 1437 1999 1497 est
2044 1432 2167 1498 hac
2207 1436 2525 1517 potestate
2572 1435 2640 1497 in

328 1552 429 1594 res
486 1530 704 1594 civiles
763 1535 989 1595 contra
1045 1529 1269 1613 cyrilli
1329 1530 1672 1608 familiam,
1733 1531 1829 1594 uti
1885 1530 2271 1613 comperitur
2330 1552 2407 1594 ex
2465 1553 2643 1595 accu-

324 1626 688 1691 sationibus
746 1631 970 1692 eontra
1027 1649 1172 1691 eum
1217 1627 1369 1692 latis
1425 1628 1495 1690 in
1541 1626 1819 1691 Actione
1875 1627 2071 1691 tertia
2127 1626 2397 1691 Concilii
2454 1627 2642 1693 Chal-

325 1722 702 1787 cedonensis
763 1723 845 1787 ab
906 1723 1265 1788 Athanasio
1326 1722 1729 1808 presbytero,
1806 1722 2031 1806 cyrilli
2092 1729 2363 1807 nepote,
2434 1730 2501 1789 et
2559 1727 2641 1789 ab

333 1818 704 1901 Ischyrione
750 1819 1040 1884 diacono.
1109 1818 1520 1901 Aliquorum,
1569 1820 1663 1885 ait
1707 1819 1829 1897 hie,
1877 1823 2138 1885 vastata
2169 1824 2325 1885 sunt
2360 1820 2642 1902 praedia

323 1913 649 1984 excisione
694 1914 1005 1980 arborum
1039 1919 1439 1998 perpetrata,
1486 1914 1772 1981 aliorum
1817 1936 1965 1980 vero
2006 1916 2233 1981 domus
2279 1917 2643 1983 destructae

324 2015 503 2091 sunt,
550 2011 672 2076 alii
716 2011 789 2077 in
833 2012 1105 2078 exilium
1141 2011 1326 2094 pulsi
1356 2016 1530 2092 sunt,
1576 2011 1699 2080 alii
1738 2012 2157 2078 mulctatione
2200 2013 2421 2078 vexati
2465 2019 2638 2093 sunt,

323 2107 596 2188 quidam
661 2129 810 2173 vero
866 2114 928 2173 et
986 2108 1067 2175 ab
1131 2108 1590 2175 Alexandrina
1652 2109 1940 2190 civitate,
2002 2110 2172 2175 sicut
2231 2110 2307 2174 de
2360 2110 2639 2192 propria

322 2205 469 2286 ejus
522 2204 926 2287 possessione
986 2205 1234 2271 exclusi
1291 2209 1462 2270 sunt.
1568 2207 1718 2291 Ipse
1780 2208 2013 2299 abusus
2073 2207 2179 2273 hic
2240 2211 2335 2271 est
2396 2208 2640 2272 tristis-

326 2303 557 2366 simum
609 2304 722 2368 sed
769 2304 1192 2371 certissimum
1237 2304 1414 2368 illius
1461 2305 1865 2369 auctoritatis
1913 2304 2113 2368 civilis
2160 2303 2637 2368 documentum.

505 2404 565 2465 8.
634 2397 760 2464 Sed
826 2402 1100 2465 similem
1170 2402 1362 2484 plane
1428 2400 1630 2464 fuisse
1691 2402 1830 2484 jam
1898 2422 1974 2465 ea
2045 2404 2259 2464 aetate
2329 2400 2639 2465 Romanis

326 2495 747 2562 Pontificibus
805 2502 1190 2581 potestatem
1247 2520 1325 2562 ex
1382 2520 1455 2563 eo
1502 2498 1789 2582 collige8‚
1848 2498 2017 2580 quod
2075 2496 2310 2563 eodem
2339 2519 2466 2581 quo
2515 2496 2640 2581 Cy-

326 2594 508 2658 rillus
556 2599 841 2676 tempore
872 2595 1112 2660 Romae
1146 2594 1558 2659 coelestinus
1591 2593 1772 2678 Papa
1814 2592 2197 2658 Novatianis
2250 2616 2401 2659 suas
2447 2595 2639 2659 eccle-

324 2691 449 2753 sias
497 2691 766 2755 abstulit
812 2714 1052 2770 omneS‚
1096 2691 1531 2775 compulitque
1579 2694 1655 2754 ut
1701 2691 1963 2755 nonnisi
2015 2692 2446 2756 clandestinos
2489 2712 2639 2776 age-

327 2791 478 2851 rent
541 2792 778 2852 coetus,
885 2788 1061 2853 Hinc
1129 2786 1410 2853 Socratis
1474 2787 1772 2872 querelae
1836 2792 1904 2850 et
1962 2786 2278 2867 lamenta,
2341 2788 2510 2872 quod
2573 2793 2639 2853 et

329 2883 602 2948 Romani
668 2888 734 2948 et
795 2885 1220 2949 Alexandrini
1284 2884 1637 2948 Antistites
1699 2883 2053 2966 spiritualis
2118 2884 2369 2968 imperii
2433 2888 2638 2948 metas

328 2981 783 3064 praetervecti,
842 2983 1264 3064 temporalem
1322 2983 1697 3045 exercerent
1758 2979 2286 3043 dominationem.
2376 2977 2640 3060 Episco-

317 3080 522 3157 patus
565 3076 943 3157 Romanu3‚
1000 3078 1245 3161 inquit,
1301 3097 1434 3142 non
1478 3075 1673 3141 aliter
1726 3078 1919 3156 atque
1965 3073 2463 3140 Alexandrinus
2472 3124 2490 3155 ,
2554 3075 2640 3139 aol

327 3172 725 3239 saecularem
770 3172 1227 3255 principatum
1273 3176 1416 3237 erat
1457 3173 1609 3256 jam
1666 3175 1818 3237 ante
1870 3170 2185 3253 delapsus.
2277 3172 2637 3238 Affectibus

327 3271 458 3333 suis
505 3271 886 3355 indulgebat
933 3270 1257 3348 SocrateS‚
1316 3293 1456 3335 cum
1512 3271 1583 3334 in
1641 3269 1757 3333 has
1816 3270 2114 3352 querelas
2173 3269 2635 3335 effundebatur.

327 3365 562 3431 Merito
608 3367 1091 3432 Thomassinus:
1155 3365 1270 3445 „Si
1316 3371 1703 3450 potestatem
1759 3366 2007 3429 civilem
2055 3386 2186 3430 non
2235 3366 2638 3449 explicarunt

284 3462 732 3528 -Coelestinus
779 3470 844 3529 et
878 3463 1176 3548 cyrillus,
1224 3464 1351 3528 nisi
1396 3463 1473 3527 ad
1520 3461 1910 3528 obruendam
1956 3462 2273 3527 haeresim
2321 3466 2386 3526 et
2418 3462 2636 3528 Eccle-

328 3560 460 3624 siae
509 3560 857 3625 catholicae
915 3582 1080 3625 nova
1128 3562 1532 3624 munimenta
1588 3558 2026 3638 adstruenda,
2075 3581 2193 3623 nec
2237 3560 2363 3624 illis
2411 3581 2638 3645 magn-

324 3677 519 3739 opere
565 3679 684 3721 nec
729 3658 914 3723 nobis
944 3658 1364 3722 laborandum
1401 3663 1499 3720 est
1546 3656 1624 3720 de
1667 3655 2138 3721 haereticorum
2175 3657 2637 3721 criminationi·

326 3752 474 3830 bus,
537 3755 769 3838 quibus
831 3754 1179 3820 catholicae
1238 3754 1388 3818 fidei
1446 3754 1618 3818 zelus
1681 3758 1747 3818 et
1801 3753 2171 3818 constantia
2234 3754 2636 3819 commenda-

327 3848 555 3929 tur“.²)
599 3886 686 3895 —-
733 3850 1084 3915 Coelestini
1131 3852 1468 3933 potestatis
1515 3871 1664 3913 vero
1714 3850 1911 3914 etiam
1941 3847 2102 3912 illud
2148 3853 2245 3912 est
2290 3849 2635 3914 documen·

507 4073 546 4146 ¹)
590 4072 861 4139 SocrateS‚
899 4073 957 4126 L.
996 4072 1123 4125 VII.
1163 4089 1239 4128 ce.
1279 4074 1327 4127 7.
1369 4074 1450 4126 13.

503 4151 546 4219 ²)
582 4152 644 4207 L.
682 4168 728 4205 c.
767 4169 811 4206 c.
849 4155 933 4205 26.
