3270 5028
856 506 1103 559 Eventus
1140 509 1267 571 post
1306 504 1606 559 Concilium
1637 519 1747 558 oec.
1778 503 1932 558 VIII.
2451 507 2555 558 433

426 646 569 710 128.
626 646 766 711 Hac
810 648 1062 711 ratione
1116 647 1338 730 itaque
1397 647 1668 711 schisma
1724 645 2118 710 Photianum
2175 650 2551 710 renovatum
2576 645 2885 749 S‘illffjffimrss·

242 751 369 821 est,
427 766 499 808 eo
545 745 777 828 majori
837 744 1149 827 pericu10,
1213 744 1381 826 quod
1436 743 1505 808 in
1557 742 1826 807 Oriente
1884 742 2112 806 exinde
2159 764 2359 825 parva
2405 747 2554 806 tan·
2827 740 2836 749 ’

242 845 385 905 tum
445 863 594 923 pars
648 842 1014 924 praesulum
1064 863 1101 903 a
1145 839 1366 904 Photii
1415 840 1861 904 communione
1909 838 2289 902 abstineret.
2389 839 2554 903 Pho-

246 938 377 1001 tius
444 958 703 1020 scopum
766 958 951 1000 suum
1020 942 1374 1012 assecutus,
1448 937 1779 1000 nitebatur
1850 935 2158 1000 continuo
2228 936 2555 999 confirma·

242 1034 421 1097 tione
466 1030 573 1095 sui
603 1031 877 1097 Joannis
918 1037 985 1096 et
1031 1032 1503 1110 venerabilium,
1539 1033 1712 1096 illius
1756 1033 2135 1115 legatorum.
2208 1031 2555 1097 Damnatio

244 1131 384 1213 ejus
449 1129 771 1211 posterior
832 1129 903 1192 in
976 1128 1241 1193 Oriente
1309 1128 1482 1192 haud
1550 1127 1878 1210 publicata
1948 1128 2092 1192 fuit.
2217 1128 2556 1193 Probabile

244 1230 360 1300 est,
410 1226 605 1288 etiam
654 1224 888 1289 Marini
944 1225 1333 1309 legationem
1393 1227 1659 1309 ejusque
1715 1229 1902 1309 gesta
1957 1226 2113 1288 satis
2164 1226 2412 1289 occulta
2459 1247 2554 1288 re-

243 1322 587 1397 mansisse,
663 1344 934 1406 eumque
999 1344 1113 1405 pro
1178 1344 1353 1386 more
1419 1320 1827 1386 CPtanorum
1902 1321 2276 1404 impeditum
2341 1322 2558 1402 fuisse,

244 1418 591 1501 quominus
650 1440 794 1482 cum
841 1417 1204 1502 Ignatianis
1261 1419 1655 1483 conveniret.
1747 1418 2114 1501 Apostolica
2162 1417 2355 1483 Sedes
2411 1419 2557 1483 sub-

243 1515 662 1600 sequentibus
719 1515 944 1593 anniS,
1008 1513 1470 1580 Saracenorum
1523 1514 2026 1589 incursionibuS,
2085 1513 2313 1579 Italiae
2371 1518 2555 1579 moti-

241 1614 363 1677 bus
423 1616 488 1675 et
542 1612 682 1675 aliis
740 1611 1258 1688 difficultatibus,
1314 1615 1574 1689 vexata,
1639 1612 1809 1675 haud
1872 1612 2088 1694 potuit
2143 1614 2283 1676 toto
2339 1612 2557 1696 vigore

241 1708 559 1772 influxum
605 1730 793 1772 suum
848 1708 918 1771 in
969 1706 1301 1771 Orientem
1358 1730 1682 1788 exercere,
1740 1713 1936 1791 atque
1989 1707 2082 1771 ita
2128 1709 2384 1773 vivente
2429 1707 2557 1771 Ba·

243 1806 385 1869 silio
438 1804 834 1888 Imperatore
892 1804 1165 1868 Photius
1235 1804 1448 1869 sedem
1510 1804 1839 1869 CPtanam
1909 1805 2196 1869 retinuit.
2307 1804 2558 1869 Dixeris

245 1906 457 1964 autem
509 1900 1070 1985 Constantinopoli
1126 1903 1433 1985 plurimos
1488 1904 1846 1987 ignorasse,
1907 1923 2050 1964 eum
2100 1925 2136 1965 a
2183 1900 2344 1966 Sede
2391 1902 2557 1984 Apo·

247 1998 472 2062 stolica
528 2000 760 2061 iterum
822 1998 1019 2062 fuisse
1078 2000 1416 2082 rejectum,
1480 2000 1577 2062 vel
1642 2000 1870 2063 saltem
1937 2000 2001 2062 id
2062 2003 2233 2063 certo
2291 2000 2367 2063 iis
2424 2021 2553 2062 non

245 2095 635 2177 constitisse,
717 2099 911 2179 atque
979 2095 1129 2158 inde
1203 2096 1395 2159 etiam
1464 2096 1633 2159 viros
1711 2096 1849 2178 pios
1917 2118 2062 2160 eum
2139 2100 2213 2159 ut
2282 2096 2555 2178 patriar-

244 2191 428 2256 cham
474 2191 792 2256 habuisse.
884 2190 1182 2255 Mortuus
1231 2192 1402 2255 enim
1450 2196 1548 2255 est
1595 2214 1768 2256 anno
1815 2192 1942 2255 883
1992 2191 2556 2275 Constantinopoli

243 2288 312 2352 in
359 2286 579 2352 Photii
632 2290 1079 2352 communione
1136 2289 1272 2353 fere
1332 2289 1738 2352 centenarius
1790 2288 2110 2371 Josephus
2163 2279 2564 2372 hymnogra-'

242 2384 435 2467 phuS,
493 2385 603 2468 qui
649 2386 818 2448 inter
877 2390 1138 2448 sanctos
1199 2382 1507 2464 colitur.¹)
1598 2384 1794 2448 Pauci
1848 2385 1942 2448 illi
2001 2385 2109 2468 qui
2156 2386 2224 2448 in
2280 2388 2555 2469 patriar-

245 2480 436 2546 chatu
511 2480 777 2546 CPtano
838 2481 1145 2547 Photium
1208 2504 1337 2546 non
1412 2481 1878 2565 agnoscebant,
1943 2483 2039 2546 uti
2100 2481 2555 2566 Metrophanes

141 2622 142 2635 1
247 2577 657 2661 Smyrnensis
715 2583 780 2643 et
833 2579 1170 2663 Stylianus
1232 2578 1709 2656 Caesareensis,
1775 2601 1913 2643 sese
1975 2580 2294 2644 occultare
2352 2582 2553 2645 coacti

245 2678 460 2752 erant,
520 2683 715 2759 atque
771 2676 865 2739 ita
924 2677 1205 2741 accidere
1251 2676 1495 2758 potuit,
1555 2681 1627 2738 ut
1684 2699 1721 2739 a
1767 2676 2086 2759 plerisque
2134 2677 2400 2741 Photius
2447 2677 2556 2753 ha·

246 2771 506 2836 beretur
573 2777 645 2836 ut
720 2772 1080 2856 patriarcha
1146 2773 1499 2856 legitimus,
1612 2773 1737 2836 Hic
1805 2794 1956 2837 vero
2026 2794 2262 2856 magno
2338 2773 2555 2838 favore

246 2868 476 2932 exinde
532 2869 767 2933 fruitus
824 2874 922 2934 est
978 2867 1201 2932 Basilii
1258 2869 1701 2953 ImperatoriS,
1760 2872 1939 2953 cujus
1994 2870 2197 2933 filium
2244 2869 2556 2935 Constan-

245 2966 453 3029 tinum
490 2965 1033 3030 adolescentulum
1072 2971 1218 3048 post
1247 2970 1513 3030 mortem
1548 2967 1721 3030 inter
1762 2972 2016 3031 sanctos
2047 2968 2290 3044 retulit,
2339 2991 2555 3051 quem-

244 3084 367 3146 que
416 3061 803 3125 carminibus
852 3066 917 3126 et
963 3062 1358 3126 orationibus
1405 3064 1769 3128 celebravit.
1860 3064 2086 3127 Adfuit
2132 3086 2382 3148 quoque
2426 3064 2557 3128 Im-

245 3159 526 3243 peratori
592 3159 663 3221 in
730 3159 944 3242 legum
1014 3159 1451 3241 dispositione,
1521 3162 1778 3244 ipseque
1847 3160 2230 3224 revisionem
2294 3162 2559 3244 perfecit

195 3255 476 3320 ‘codicis
539 3258 755 3337 legum
821 3256 918 3319 cui
981 3253 1461 3319 Nomocanom's
1515 3258 1747 3321 titulus
1811 3254 1892 3340 (a.
1941 3254 2117 3338 883).
2211 3257 2422 3322 Etiam
2487 3261 2555 3322 in

244 3353 689 3434 promovendis
737 3352 1102 3416 litterarum
1149 3353 1401 3434 studiis,
1459 3359 1656 3437 atque
1707 3355 1775 3417 in
1824 3354 2233 3418 missionibus
2281 3355 2360 3419 ad
2408 3377 2583 3420 con--

244 3449 597 3512 versionem
656 3448 1025 3530 gentilium,
1092 3449 1342 3512 laudem
1405 3471 1477 3513 ac
1538 3450 1813 3533 gloriam
1873 3449 2146 3515 Photius
2203 3452 2324 3515 sibi
2388 3474 2552 3516 com-

244 3566 470 3627 parare
518 3545 693 3607 nisus
739 3551 855 3609 est.

424 3675 567 3737 129.
623 3674 897 3740 Joannis
923 3675 1106 3740 V111.
1170 3699 1488 3742 successor
1545 3678 1859 3744 Marinus
1916 3676 2320 3766 (883—884)
2379 3683 2550 3747 Pho-
2572 3702 2883 3744 Marinusaffl.

244 3771 409 3834 tium
455 3793 675 3836 rursus
722 3772 1052 3837 damnavit
1100 3775 1365 3858 ejusque
1407 3779 1547 3839 acta
1593 3773 1932 3859 rescidit.²)
2005 3778 2286 3842 Auctore
2317 3778 2553 3845 Photio

395 3995 467 4128 1¹1)
507 3995 614 4128 (ἐξ4
651 3997 793 4050 Acta
831 3997 1180 4063 Sanctorum,
1221 3998 1283 4051 Τ.
1323 3998 1367 4052 Ι.
1405 3997 1581 4065 April.
1622 4000 1709 4054 die
1749 4003 1796 4054 3.
1839 4033 1901 4037 ψ-
1941 4002 2372 4070 Hergenrother,
2411 4003 2551 4058 Pho-

244 4076 357 4129 tius
459 4117 470 4128 .
617 4117 628 4129 .
2596 4077 2602 4084 ’

422 4155 465 4221 ²)
502 4155 645 4207 Acta
682 4156 1104 4222 pseudo-synodi
1140 4156 1329 4210 Photii
1373 4155 1594 4210 interim
1630 4156 1688 4210 in
1728 4158 1973 4226 linguam
2010 4160 2238 4213 latinam
2275 4162 2552 4215 translata

242 4235 421 4300 fuere,
482 4239 644 4300 atque
695 4242 891 4302 postea
939 4236 1379 4303 compilatorum,
1435 4235 1517 4288 uti
1569 4236 1816 4303 videtur,
1874 4238 2188 4294 confusione
2239 4246 2294 4294 et
2342 4240 2552 4294 incuria

347 4330 609 4382 Jungmann‚
637 4331 994 4373 Dissertationes.
1050 4333 1172 4376 Tom.
1205 4333 1294 4374 ΙΙΙ.
2170 4330 2238 4379 28
