3270 5028
892 489 1142 544 Eventus
1180 495 1306 557 post
1344 489 1645 543 Concilium
1681 505 1793 544 oeo.
1820 489 1976 542 VIII.
2480 455 2590 544 4325

270 629 541 693 effectus
596 631 886 696 laborum
942 631 1149 697 Photii
1208 605 1276 695 in
1327 631 1702 711 Occidente,
1759 631 1870 695 sed
1918 631 1987 694 in
2037 628 2306 694 Oriente
2352 652 2586 715 magna

168 734 174 740 ’
269 747 354 788 ex
415 732 597 810 parte
657 727 825 811 quod
882 728 1265 791 intendebat
1322 732 1648 792 assecutus
1708 732 1836 804 est,
1899 727 2191 790 videlicet
2237 732 2310 790 ut
2360 726 2585 791 Orien-

268 822 515 886 talibus
561 824 806 887 odiosos
852 824 1150 903 redderet
1188 823 1631 888 Occidentales
1679 828 1990 907 tanquam
2042 824 2396 906 proditores
2440 824 2587 889 fidei

269 919 689 996 orthodoxae,
734 927 798 985 et
847 944 1121 987 errorem
1170 921 1245 984 de
1294 922 1699 1004 processione
1743 918 2023 1004 Spiritus
2057 918 2278 984 Sancti
2324 942 2401 984 ex
2449 922 2615 1002 solo,

268 1015 467 1080 Patre
513 1017 583 1080 in
634 1016 898 1081 Oriente
947 1020 1232 1081 firmaret
1277 1040 1351 1083 ac
1396 1018 1727 1083 schismati
1778 1017 2273 1081 fundamentum
2320 1017 2583 1099 dogma-

204 1194 215 1202 .
269 1113 470 1175 ticum
519 1119 793 1195 pararet.

455 1264 598 1327 130.
655 1262 779 1326 Sed
824 1262 1043 1327 Photii
1100 1285 1199 1327 res
1247 1262 1419 1327 haud
1472 1264 1566 1326 ita
1612 1265 1819 1326 multo
1874 1271 2022 1345 post
2074 1263 2310 1326 iterum
2360 1264 2429 1327 in
2476 1263 2587 1327 ad-

271 1378 520 1421 versam
567 1364 819 1424 mutata
867 1364 985 1423 est.
1062 1360 1337 1424 Basilius
1383 1361 1554 1423 enim
1601 1360 1962 1442 Imperator
2006 1359 2105 1421 die
2156 1357 2270 1422 29⁰
2311 1360 2590 1444 Augusti

270 1454 429 1516 anni
480 1456 607 1519 886
654 1460 925 1520 naturae
974 1458 1262 1521 debitum
1308 1454 1579 1538 solvit,¹)
1630 1459 1818 1539 eique
1864 1457 2170 1519 successit
2221 1454 2354 1519 Leo
2400 1458 2589 1532 filius,

271 1551 374 1613 cui
446 1556 671 1632 postea
739 1551 1065 1636 Sapientis
1135 1575 1243 1617 seu
1312 1552 1686 1634 Philosophi
1754 1557 1850 1616 est
1920 1573 2271 1636 cognomen
2345 1554 2586 1618 datum.

267 1644 336 1707 Is
385 1646 645 1725 Photio,
702 1650 1012 1732 quamvis
1044 1651 1215 1713 hunc
1262 1650 1595 1712 habuisset
1644 1652 2156 1732 praeceptorem,
2213 1670 2435 1731 parum
2484 1650 2595 1713 ad-

269 1741 480 1806 dictus
544 1748 708 1819 erat3
780 1746 907 1809 imo
975 1747 1378 1810 aversionem
1443 1768 1575 1809 non
1642 1745 2020 1808 mediocrem
2089 1746 2157 1808 in
2232 1768 2375 1808 eum
2442 1767 2594 1809 con-

271 1844 559 1920 ceperat,
633 1844 804 1924 quod
856 1841 1231 1906 Theodorus
1292 1840 1808 1916 SantabarenuS,
1871 1842 2272 1930 patriarchae
2339 1844 2595 1914 amicus,

2626 1273 2713 1313 Leo
2729 1272 2912 1324 Sapiens

2705 1336 2815 1387 Imp.

273 1933 555 1999 Leonem
615 1939 781 2019 patri
836 1937 1080 2003 Basilio
1142 1944 1499 2022 suspectum
1564 1939 1960 2014 reddiderat,
2023 1959 2420 2023 magnasque
2482 1939 2597 2003 ali·
2656 2015 2660 2022 ‚

277 2032 538 2114 quando
600 2034 945 2098 discordias
1002 2036 1175 2099 inter
1231 2035 1347 2098 hos
1401 2041 1886 2116 provocaverat,
1950 2035 2045 2098 ita
2109 2040 2183 2098 ut
2240 2036 2599 2117 Imperator

275 2129 480 2192 filium
537 2152 649 2213 per
689 2131 946 2214 aliquod
1008 2137 1262 2212 tempus
1308 2132 1375 2194 in
1428 2132 1717 2195 custodia
1768 2133 2105 2195 detineret.
2155 2169 2239 2177 ——
2287 2130 2600 2195 Pervene-

279 2230 436 2290 runt
490 2249 679 2309 porro
727 2228 807 2290 ad
855 2228 1139 2291 Leonem
1195 2229 1485 2307 litterae,
1543 2251 1705 2311 quas
1753 2226 2120 2311 Stephanus
2166 2227 2480 2293 Pontifex
2523 2231 2601 2293 ad

278 2322 594 2387 Basilium
641 2323 997 2407 direxerat,
1055 2329 1129 2389 ut
1177 2324 1414 2388 Marini
1459 2325 1829 2389 memoriam
1878 2324 2232 2388 vindicaret
2279 2331 2343 2387 et
2386 2325 2601 2389 Photii

282 2420 571 2484 facinora
616 2421 829 2485 denuo
876 2422 946 2485 in
993 2424 1273 2486 mentem
1322 2427 1669 2485 revocaret.
1751 2422 1977 2504 Itaque
2027 2420 2157 2484 Leo
2204 2422 2383 2485 brevi
2430 2428 2602 2504 post-

283 2539 472 2601 quam
536 2518 884 2601 Imperium
949 2521 1221 2603 adeptus
1283 2522 1415 2595 est,
1478 2517 1785 2581 Photium
1849 2539 1928 2580 ex
1990 2518 2132 2582 sede
2190 2517 2457 2582 OPtana
2520 2517 2600 2579 ob

283 2615 486 2677 multa
541 2616 678 2698 ejus
735 2616 1021 2680 facinora
1082 2617 1298 2700 ejecit,
1363 2619 1561 2698 atque
1620 2616 1692 2678 in
1750 2616 2209 2679 monasterium
2270 2614 2600 2696 relegavit.

284 2709 688 2775 Theodorum
736 2711 1256 2776 Santabarenum
1308 2733 1458 2776 vero
1514 2712 1734 2775 durius
1790 2712 2124 2784 tractavit;
2181 2711 2383 2793 primo
2432 2709 2600 2771 vide-

284 2809 435 2871 licet
480 2807 584 2870 hic
614 2808 984 2873 verberibus
1034 2809 1301 2873 affectus
1336 2807 1632 2872 Athenas
1681 2809 1750 2870 in
1786 2808 2050 2870 exilium
2080 2807 2328 2883 missus,
2377 2810 2603 2888 postea

290 2904 484 2967 etiam
534 2909 909 2967 excaecatus
958 2905 1105 2968 fuit.

472 3062 613 3125 131.
679 3062 1118 3127 Patriarcham
1180 3069 1337 3128 tunc
1398 3062 1532 3127 Leo
1595 3061 1955 3145 designavit
2017 3058 2413 3143 Stephanum
2476 3060 2603 3123 fra-

290 3166 456 3224 trem
512 3181 722 3234 snum,
774 3161 882 3242 qui
932 3162 1069 3244 jam
1130 3184 1167 3224 a
1225 3165 1405 3244 patre
1460 3160 1662 3223 statui
1719 3157 2145 3222 ecclesiastico
2202 3156 2487 3219 addictus
2541 3161 2605 3220 et

293 3280 329 3319 a
405 3255 635 3319 Photio
699 3255 1004 3320 diaconus
1077 3257 1408 3321 ordinatus
1486 3260 1640 3321 erat.
1740 3254 2040 3330 Quamvis
2113 3259 2330 3315 autem
2399 3253 2607 3316 adole-

293 3374 474 3416 scens
544 3357 709 3416 esset
770 3353 1042 3416 sedecim
1110 3376 1462 3432 annorum,
1535 3359 1757 3415 tamen
1828 3351 1991 3415 circa
2054 3351 2289 3415 festum
2351 3347 2606 3413 Natalis

298 3449 560 3513 Domini
619 3450 775 3511 anni
807 3452 951 3513 ‘886
1017 3449 1379 3533 Stephanus
1440 3473 1478 3512 a
1534 3448 1927 3531 Theophane
1984 3446 2396 3529 metropolita
2453 3445 2607 3510 Cae-

298 3546 580 3609 sareensi
625 3546 695 3608 in
743 3546 1166 3628 patriarcham
1204 3546 2006 3629 Constantinopolitanum
2038 3549 2443 3608 consecratus
2491 3548 2607 3607 est.

300 3643 466 3706 Dein
530 3642 776 3705 studuit
839 3642 970 3707 Leo
1039 3645 1236 3706 etiam
1293 3644 1439 3706 illos
1505 3643 1856 3726 praesuleS,
1922 3642 2030 3723 qui
2096 3639 2254 3703 duce
2312 3637 2608 3722 Styliano

300 3762 496 3823 usque
556 3741 635 3804 ad
693 3741 885 3804 finem
937 3740 1170 3805 Photio
1226 3740 1634 3819 restiterant,
1693 3761 1766 3803 eo
1813 3737 2151 3811 adducere,
2213 3740 2288 3799 ut
2335 3733 2608 3819 Stepha-

303 3858 455 3899 num
519 3840 828 3919 tanquam
893 3837 1320 3919 patriarcham
1381 3839 1834 3921 agnoscerent;
1900 3854 2223 3917 quumque
2289 3833 2358 3894 in
2414 3832 2609 3916 hujus

485 4063 525 4130 ¹)
574 4065 783 4133 Pagius
839 4064 1040 4132 aliique
1100 4069 1349 4117 auctores
1404 4061 1673 4115 Basilium
1733 4065 2004 4114 mortuum
2062 4073 2182 4113 esse
2243 4063 2467 4112 censent
2523 4057 2610 4111 die

309 4144 363 4195 1⁰
400 4143 593 4197 Martis
632 4160 679 4196 a.
719 4147 847 4210 8863
888 4143 984 4197 sed
1023 4159 1140 4197 eum
1180 4142 1363 4210 potius
1402 4140 1490 4194 die
1528 4139 1623 4192 29⁰
1666 4139 1906 4206 Augusti
1946 4137 2160 4203 obiisse,
2199 4137 2442 4191 ostendit
2478 4135 2611 4189 Her-

309 4223 615 4290 genrother,
653 4222 901 4287 Photius,
940 4222 1002 4274 T.
1027 4222 1103 4297 „II
1157 4238 1205 4288 1).
1247 4224 1365 4287 679,
1404 4227 1538 4274 nota
1574 4222 1660 4272 69.

2200 4302 2297 4355 28*

2668 3073 2849 3144 Photius
2874 3084 2897 3113 e

2623 3134 2721 3177 scdc
2758 3136 2936 3186 electus.
