3270 5028
924 434 1222 489 Concilium
1263 435 1663 490 oecumenicum
1701 441 1972 491 octavum.
2502 439 2614 493 381.

295 600 441 642 eum
488 579 721 654 evexit,
767 599 841 641 ac
886 577 1139 641 demum
1177 582 1321 660 post
1365 575 1614 640 Bardae
1669 599 1887 643 necem
1931 578 2296 661 Augustum
2343 579 2604 645 creavit.

295 674 385 738 At
433 696 579 739 mox
629 674 905 738 Michael
945 678 1310 757 suspectum
1358 672 1583 737 habuit
1629 672 1960 749 Basiliam,
2010 696 2202 758 quem
2251 674 2375 738 sibi
2420 696 2606 758 supe-

292 770 525 834 riorem
556 770 1130 846 animadvertebat,
1176 770 1497 853 hujusque
1526 770 1662 834 vita
1690 770 2037 853 periclitari
2068 772 2201 834 visa
2235 783 2350 835 est.
2423 770 2608 835 Tunc

294 865 533 931 Basilio
595 871 857 931 auctore
920 866 1277 949 conjuratio
1337 865 1408 928 in
1463 865 1921 949 Imperatorem
1992 868 2164 931 facta
2227 871 2358 946 est,
2423 868 2606 951 isque

255 973 256 976 ’
294 985 493 1047 quum
538 964 827 1028 ebriosus
868 963 1298 1042 decumberet,
1342 967 1534 1026 nocte
1581 964 1683 1026 23.
1715 961 2109 1046 Septembris
2156 965 2312 1027 anni
2362 965 2487 1034 867
2537 964 2607 1029 in

294 1060 584 1124 cubiculo
631 1081 748 1124 suo
789 1063 887 1124 est
932 1059 1311 1138 trucidatus.
1387 1057 1556 1123 Male
1601 1065 1859 1143 partum
1906 1061 2241 1143 imperium
2289 1083 2426 1125 non
2470 1061 2608 1124 sine

293 1156 481 1221 laude
516 1156 792 1221 Basilius
831 1156 1326 1231 administravit,
1357 1155 1646 1239 illudque
1677 1156 1990 1240 imprimis
2037 1157 2204 1220 bene
2236 1157 2410 1237 fecit,
2441 1156 2607 1240 quod

299 1252 1346 1338 Photium*pseudo-patriarcham
1390 1274 1424 1315 e
1472 1253 1618 1316 sede
1665 1252 2000 1337 dejiceret,
2043 1252 2374 1337 Ignatium
2421 1254 2605 1317 resti·

293 1354 535 1428 tueret,
597 1355 664 1413 et
704 1349 782 1413 de
828 1372 982 1433 pace
1026 1351 1097 1413 in
1158 1349 1422 1413 ecclesia
1468 1348 1735 1413 CPtana
1781 1350 2208 1414 instauranda
2265 1372 2332 1414 se
2378 1350 2607 1414 sollici·-

292 1451 429 1511 tum
473 1445 860 1512 ostenderet.

474 1544 577 1610 75.
632 1543 901 1620 Quidam
954 1548 1246 1608 auctores
1301 1543 1513 1627 graeci
1568 1548 1870 1617 narrant,
1926 1541 2235 1606 Photium
2282 1566 2320 1606 a
2366 1542 2605 1607 Basilio

293 1640 667 1705 destitutum
715 1642 944 1722 fuisse,
1003 1640 1171 1724 quod
1227 1641 1362 1723 ejus
1411 1640 1478 1703 in
1530 1638 1904 1703 Michaelem
1965 1639 2217 1703 facinus
2272 1644 2604 1724 argueret3

292 1737 405 1801 sed
450 1759 593 1801 cum
640 1737 1007 1802 charactere
1053 1736 1272 1802 Photii
1318 1736 1385 1800 id
1430 1758 1656 1819 parum
1704 1735 2033 1811 cohaeret,
2084 1741 2278 1820 atque
2325 1736 2605 1815 NicetaS,

293 1838 522 1898 auctor
567 1834 701 1898 fere
747 1856 1051 1911 coaevus,
1105 1835 1177 1897 in
1237 1830 1382 1895 Vita
1429 1831 1688 1915 Iynatii
1733 1834 1923 1916 plane
1971 1834 2162 1897 aliter
2207 1855 2344 1896 rem
2389 1834 2604 1898 refert.

293 1928 588 2007 Photius,
636 1931 877 2011 scribit,
922 1928 997 1994 in
1042 1928 1344 2011 operibus
1392 1948 1713 1994 manuum
1753 1947 2031 1994 suarum
2077 1927 2456 2011 maliqnans
2501 1949 2604 1994 ca-

2637 1553 2821 1595 Photius
2850 1553 2938 1594 dea

2689 1613 2886 1656 stitutus.

282 2025 610 2108 piebatur.
684 2025 815 2106 Qui
845 2046 1044 2107 quum
1074 2025 1313 2091 dubius
1357 2024 1670 2105 haereret,
1718 2026 1805 2090 ad
1838 2045 2025 2106 quem
2058 2025 2317 2090 tandem
2350 2046 2607 2090 summa
2656 2032 2667 2043 '

294 2122 558 2205 imperii
616 2127 776 2187 esset
820 2127 1251 2205 perventura,
1312 2122 1584 2188 subinde
1643 2122 1823 2205 apud
1864 2121 2247 2187 Asichae'lem
2305 2122 2607 2205 carpebat

295 2219 660 2299 Basiliam,
729 2225 791 2284 et
843 2219 1129 2285 vicissim
1186 2219 1364 2301 apud
1418 2218 1755 2283 Basiliam
1820 2217 2215 2283 obtrectabat
2277 2217 2618 2299 Mchae'li,

294 2320 509 2396 ratus,
570 2316 908 2382 amborum
964 2337 1031 2381 se
1081 2316 1178 2380 ita
1236 2315 1596 2381 amicitiam
1650 2315 1777 2380 sibi
1824 2319 2388 2399 comparaturum,
2450 2315 2609 2381 dum

293 2433 449 2495 crya
495 2417 845 2493 utrumque
900 2411 1399 2478 benevolentiam
1444 2411 1813 2490 simularet,
1869 2416 1945 2477 ut
2003 2416 2152 2476 uter
2205 2412 2464 2477 tandem
2526 2423 2625 2476 ex·

291 2509 428 2575 illis
469 2509 643 2576 solus
680 2509 1030 2594 imperium
1079 2509 1417 2588 obtineret,
1475 2507 1666 2574 illum
1724 2507 1850 2574 sibi
1895 2508 2448 2575 devinctis-simum
2494 2508 2606 2573 ha-

294 2607 481 2672 beret.
575 2609 782 2689 Atqui
825 2628 958 2672 non
992 2606 1299 2689 probavit
1341 2627 1406 2671 se
1452 2606 1739 2686 Basilio,
1798 2607 1914 2688 qui
1968 2607 2316 2671 admodum
2362 2611 2617 2671 vetera--

293 2703 454 2768 toris
508 2703 694 2768 illius
746 2703 1030 2787 strophis
1085 2702 1552 2787 offendebatur.
1643 2704 1778 2769 Nec
1836 2704 1934 2768 ita
1995 2702 2198 2767 multo
2248 2707 2401 2785 post
2466 2703 2606 2785 ipse

290 2800 574 2866 Michael
634 2800 720 2865 ad
781 2800 994 2866 sancti
1055 2800 1422 2866 Mamantis
1484 2801 1805 2883 martyris
1865 2801 2083 2865 aedem
2136 2819 2261 2881 per
2320 2799 2604 2864 insidias

290 2902 645 2975 mactatur,
703 2897 934 2961 merito
988 2896 1308 2979 diynoque
1364 2916 1488 2961 sua
1540 2897 1831 2962 amentia
1886 2896 2114 2961 scelere
2167 2900 2228 2959 et
2274 2894 2604 2977 impietate

287 2995 433 3076 fato
467 2993 900 3075 perfunctus:
938 3013 1083 3058 cum
1127 2992 1480 3075 imperium
1526 3013 1665 3058 una
1712 3013 1857 3057 cum
1902 2998 2110 3058 matre
2154 3012 2366 3057 annos
2410 2992 2599 3073 quin-

290 3089 510 3168 decim,
554 3110 800 3154 menses
843 3094 1005 3167 oct0,
1063 3089 1239 3154 solus
1283 3109 1507 3154 novem
1544 3110 1752 3172 prope
1810 3110 2017 3154 annos
2058 3088 2599 3167 administrasset,

291 3207 558 3268 cumque
592 3186 839 3251 malum
880 3186 1136 3268 fecisset
1179 3186 1254 3252 in
1281 3191 1618 3269 conspectu
1664 3185 1958 3251 ecclesiae
1989 3185 2121 3254 Dei
2156 3184 2377 3268 periit.
2454 3184 2598 3250 Ini-

290 3284 381 3349 tio
436 3288 655 3349 autem
700 3282 1096 3348 Indictionis
1141 3283 1433 3365 primae,
1491 3304 1663 3348 nono
1709 3282 2048 3347 Kalendas
2109 3280 2416 3361 Octobris,
2463 3281 2615 3345 Bam

289 3381 481 3447 silius
524 3380 707 3464 reqia
753 3383 1063 3462 occupata
1106 3379 1480 3462 Imperator
1539 3384 1632 3444 est
1678 3379 2158 3445 consalutatus:
2206 3378 2330 3459 qui
2383 3378 2602 3445 missis

289 3478 375 3542 ad
397 3476 842 3542 ‘revocandum
893 3497 972 3540 ex
1016 3476 1253 3541 itinere
1294 3475 1723 3554 Zachariam,
1772 3477 1960 3541 illum
2003 3498 2034 3540 e
2081 3475 2293 3540 media
2337 3475 2448 3539 via
2501 3494 2598 3538 re-

288 3574 514 3639 traoeit.
622 3573 1013 3654 Posteroque
1081 3572 1184 3638 die
1252 3593 1450 3654 quam
1515 3572 1941 3639 renuntiatus
2009 3576 2152 3638 erat
2208 3572 2597 3655 Imperator,

287 3671 600 3737 Photium
659 3671 734 3733 de
796 3668 1028 3734 throno
1073 3669 1490 3736 deturbatum
1546 3669 1620 3734 in
1667 3669 2036 3735 coenobium
2088 3668 2327 3751 Scepen
2385 3667 2615 3751 appel-j

287 3769 492 3834 latum
539 3767 713 3850 ejicit
726 3785 752 3846 ,·
789 3765 1229 3848 postridieque
1259 3766 1505 3845 Etiam,
1554 3765 2152 3848 splendidissimum
2184 3765 2401 3848 reyiae
2441 3765 2597 3830 clas-

285 3864 377 3928 sis
421 3862 892 3945 drunqarium,
948 3883 1092 3927 cum
1149 3863 1454 3928 dromone
1510 3863 1689 3946 reqio
1735 3883 1847 3927 seu
1896 3863 2117 3942 celoce,
2184 3864 2269 3926 ad
2326 3862 2598 3926 sanctis—¹

285 3960 524 4026 simum
558 3959 1013 4042 patriarcham
1053 3981 1141 4024 ea:
1195 3961 1419 4027 insula
1466 3959 2097 4042 Constantinopolim
2154 3979 2228 4024 ea
2285 3979 2415 4040 qua
2467 3978 2601 4040 par

284 4062 378 4121 est
422 4057 690 4122 honoris
722 4076 968 4139 pompa
1014 4055 1450 4123 reducendum
1481 4056 1723 4122 mittit:
1767 4056 1881 4136 qui
1926 4055 2114 4121 illum
2159 4055 2482 4137 tantisper
2526 4053 2609 4118 in>

276 4154 577 4236 paternis
622 4153 889 4218 aedibus
937 4153 1103 4233 suis,
1160 4174 1323 4235 quas
1368 4155 1713 4236 Manyaua
1771 4152 2133 4235 appellant,
2194 4151 2471 4217 collocat.
2521 4199 2535 4213 .
2586 4197 2617 4211 .-
