3270 5028
888 394 1095 463 Oausac
1133 408 1330 477 quibus
1364 410 1598 464 schisma
1632 419 2034 480 praeparatum.
2522 413 2631 467 329

311 549 492 632 gicae
553 567 899 634 omnesque
960 542 1204 615 errores
1264 553 1504 635 rejecti.
1614 554 1781 630 Quid
1840 556 2109 631 mirum,
2166 554 2333 639 quod
2399 554 2626 617 Graeci

312 651 473 710 tunc
516 646 917 711 tendentiam
962 668 1139 711 suam
1187 648 1562 731 polemicam
1612 650 1682 714 in
1729 650 2000 716 Latinos
2046 654 2408 726 verterent,
2469 672 2625 734 quo-

312 764 458 806 rum
504 742 831 827 theologia
876 765 1023 808 mox
1070 744 1224 828 ipsis
1270 747 1566 829 apparuit
1611 754 1932 831 suspecta,
1986 748 2238 812 influxu
2284 746 2625 811 nationum

313 840 797 999 perlegrinarum
832 862 906 905 ac
945 840 1360 906 barbararum
1396 849 1712 928 corrupta,
1763 851 1827 909 et
1873 845 2054 910 devia
2099 867 2137 908 a
2179 844 2419 928 regulis
2451 841 2631 926 Apo-²

315 941 416 1001 sto
445 957 646 1001 orum.

497 1080 595 1145 13.
643 1075 722 1142 In
757 1075 1102 1142 Occidente
1141 1080 1279 1163 ipsa
1326 1080 1658 1144 diversitas
1690 1081 2030 1145 nationum
2078 1085 2438 1165 opportuna
2469 1084 2626 1155 erat,
2650 1082 2976 1174 ssgafflgiffi

315 1180 392 1239 nt
446 1174 516 1238 in
563 1175 757 1238 variis
810 1176 1185 1259 regionibus
1246 1176 1620 1260 disciplinae
1677 1177 2077 1262 theologicae
2135 1182 2200 1240 et
2247 1175 2627 1240 ecclesiasti-

315 1294 425 1337 cae
487 1272 754 1336 solerter
823 1276 1287 1346 tractarentur,
1365 1279 1562 1357 atque
1629 1274 1894 1358 ingenia
1957 1275 2148 1339 variis
2230 1273 2625 1358 quaestioni-

315 1370 434 1433 bus
480 1373 949 1433 exercerentur.
1040 1368 1146 1433 Ita
1190 1369 1260 1434 in
1311 1371 1516 1449 Italia,
1570 1371 1637 1435 in
1684 1392 1886 1455 regno
1932 1367 2321 1436 Francorum
2363 1369 2626 1452 amplis-

316 1467 504 1545 sim0,
574 1466 643 1531 in
689 1464 1031 1548 Hispania,
1103 1468 1171 1530 in
1227 1465 1472 1550 Anglia
1541 1470 1738 1550 atque
1794 1466 2138 1545 Hibernia,
2209 1466 2402 1531 variis
2470 1470 2657 1556 tem-2

316 1562 576 1645 poribus
640 1561 818 1627 vario
882 1558 1087 1645 gradu
1147 1563 1348 1627 vitam
1412 1562 1755 1647 quamdam
1817 1564 2123 1644 alacrem,
2206 1564 2487 1647 vigorem
2554 1584 2630 1626 ac

316 1660 629 1723 fervorem
707 1659 1069 1723 invenimus
1139 1660 1206 1723 in
1282 1660 1633 1742 disciplinis
1713 1660 2152 1725 ecclesiasticis
2213 1659 2634 1743 profanisque

319 1754 712 1839 excolendis;
775 1755 1195 1839 nationesque
1250 1758 1577 1821 recentius
1639 1758 1744 1828 ad⁴
1775 1757 2308 1821 christianismum
2366 1777 2631 1820 conver-

297 1869 419 1915 xsas
484 1850 871 1915 advertimus
928 1851 1269 1929 sollicitas,
1341 1856 1411 1916 ut
1478 1859 1545 1917 et
1607 1855 1783 1937 ipsae
1837 1853 2152 1918 thesauris
2219 1852 2632 1918 scientiarum

318 1948 686 2030 potiantur,
746 1953 979 2032 eosque
1039 1949 1299 2032 ingenio
1358 1971 1473 2013 suo
1529 1949 2027 2015 accommodent.
2120 1948 2394 2013 Romani
2455 1946 2635 2012 Pon-

320 2044 523 2109 tifices
584 2065 735 2107 vero
797 2045 1198 2110 auctoritatis
1254 2067 1406 2110 suae
1466 2045 1717 2110 influxu
1778 2068 1880 2111 res
1935 2046 2471 2123 moderabantur,
2530 2050 2637 2109 at·

322 2163 446 2225 que
489 2141 571 2205 ab
616 2140 941 2205 erroribus
986 2145 1215 2225 gentes
1264 2140 1629 2207 Occidentis
1676 2143 1882 2207 varias
1930 2143 2302 2208 tuebantur.
2393 2142 2629 2218 Quam-

320 2239 415 2301 vis
468 2241 681 2302 autem
732 2235 1097 2302 Orientales
1152 2238 1514 2304 eruditione
1571 2243 1635 2303 et
1693 2239 1937 2324 ingenii
1988 2240 2166 2304 cultu
2227 2238 2396 2304 forte
2452 2260 2640 2322 prae-

322 2335 632 2399 cellerent
676 2335 1001 2417 plerisque
1050 2334 1594 2413 OccidentalibuS,
1652 2336 1872 2419 vigore
1910 2342 2147 2416 ,tamen
2192 2336 2302 2400 illo
2357 2357 2431 2399 ac
2479 2335 2632 2409 vita,

324 2453 519 2514 quam
588 2432 657 2497 in
717 2432 995 2495 ecclesiis
1054 2430 1417 2496 Occidentis
1492 2433 1878 2517 reperimus,
1961 2433 2228 2498 omnino
2307 2433 2641 2497 carebant..

326 2528 550 2592 Mente
613 2532 891 2613 angusta
949 2530 1489 2614 stagnationeque
1549 2531 1756 2614 rigida
1812 2535 2072 2595 tantum
2135 2530 2214 2594 ad
2283 2530 2639 2614 praeterita

324 2623 618 2708 tempora
672 2647 810 2689 sese
868 2627 1235 2704 vertebant,
1289 2626 1362 2689 in
1416 2627 1621 2710 iisque
1679 2649 1840 2711 quae
1897 2649 1975 2690 ex
2031 2626 2318 2710 antiquis
2378 2626 2638 2710 collige-

325 2723 489 2786 bant
555 2722 740 2787 unice
807 2724 1261 2799 versabantur3
1341 2721 1783 2789 Occidentales
1858 2745 2009 2787 vero
2083 2726 2305 2788 futura
2383 2743 2647 2806 quoque

327 2818 830 2903 praeparabant,
891 2824 958 2882 et
1001 2826 1258 2902 recepta
1315 2819 1395 2883 ab
1448 2821 1733 2904 antiquis
1789 2820 2063 2884 ulterius
2122 2821 2410 2884 evolvere
2465 2824 2643 2883 sata·

328 2915 587 2998 gebant.

511 3064 611 3128 14.
666 3061 809 3126 Hae
870 3068 1120 3139 tamen,
1180 3085 1339 3146 quas
1396 3062 1858 3140 recensuimus,
1920 3060 2349 3141 differentiae,
2411 3085 2525 3146 per
2570 3084 2649 3126 se

330 3160 613 3224 nondum
662 3162 851 3223 erant
895 3159 1085 3235 taleS,
1139 3164 1212 3223 ut
1259 3159 1479 3222 unitas
1528 3156 1847 3222 Ecclesiae
1905 3156 2075 3220 haud
2132 3159 2449 3241 potuisset
2494 3180 2641 3223 cum

331 3257 490 3341 ipsis
546 3255 892 3320 consistere
951 3259 1018 3319 et
1078 3254 1461 3320 conservari.
1577 3252 1714 3318 Nec
1780 3275 1897 3337 per
1952 3275 2021 3318 se
2081 3256 2410 3339 stagnatio
2467 3256 2651 3320 vitae·

332 3359 527 3438 atque
573 3352 812 3436 vigoris
859 3373 1023 3436 quae
1078 3351 1147 3416 in
1192 3349 1478 3416 Ecclesia
1536 3351 1836 3415 orientali
1895 3350 2212 3416 acciderat
2267 3351 2645 3436 languorem
2696 3362 2701 3369 “

332 3449 770 3515 constituebat
830 3448 1169 3534 ejusmodi,
1236 3451 1306 3511 ut
1370 3470 1487 3532 per
1544 3449 1712 3513 viros
1773 3452 2030 3512 sanctos
2095 3453 2162 3512 et
2223 3447 2443 3513 doctos
2506 3470 2644 3514 non

332 3547 644 3630 potuisset
718 3545 821 3610 hic
887 3567 1099 3611 rerum
1163 3549 1375 3611 status
1447 3544 1717 3623 mutari,
1793 3544 2205 3627 intimiorque
2273 3526 2429 3608 uilio
2497 3566 2645 3608 cum

335 3642 495 3708 Sede
553 3641 932 3726 Apostolica
992 3632 1269 3707 restitui.
1381 3641 1548 3705 Illud
1610 3640 2148 3706 animadvertitur
2207 3641 2652 3706 consolatione

333 3742 626 3823 plenum,
683 3739 1224 3804 Iconoclastarum
1287 3743 1569 3823 tempore
1616 3731 1944 3821 praesules
1995 3743 2061 3802 et
2106 3737 2445 3802 monachos
2454 3785 2473 3816 ,
2532 3737 2646 3822 qui

334 3837 681 3902 sanctitate
753 3841 818 3901 et
883 3836 1242 3900 eruditione
1310 3836 1685 3900 eminebant
1750 3839 1816 3899 et
1876 3833 2318 3899 Iconomachis
2386 3835 2646 3900 resiste·

336 3934 524 4011 bant,
594 3933 789 3997 etiam
855 3936 1119 3997 sanctae
1184 3930 1334 3997 Sedi
1404 3931 1586 3996 valde
1653 3930 1938 3996 addictos
2007 3931 2231 4005 fuisse,
2303 3937 2496 4016 atque
2565 3936 2651 3995 ex

341 4028 684 4094 Occidente
730 4029 962 4094 solatia
1019 4033 1084 4093 et
1138 4027 1377 4093 aufflia
1421 4028 1701 4111 petiisse.
1753 4065 1825 4072 —
1875 4026 1998 4093 Sed
2053 4028 2375 4092 scissionis
2422 4032 2488 4092 et
2542 4049 2655 4093 se·

337 4127 690 4209 parationis
749 4126 1099 4209 periculum
1164 4126 1482 4209 quoddam
1543 4127 1904 4208 proximum
1965 4126 2448 4190 constituebant
2505 4147 2655 4189 sae—
