3270 5028
666 420 770 472 356
1347 419 1525 472 XVII.
1562 420 1645 473 De
1676 419 1971 474 schismate
2008 419 2291 473 Photian0.
2324 451 2336 484 ,

665 559 859 624 dedit.
969 561 1062 622 At
1125 582 1200 624 ex
1263 561 1469 623 altera
1528 566 1713 643 parte
1772 562 1841 623 in
1900 562 2094 644 impia
2156 560 2453 644 superbia
2505 563 2569 623 et
2623 558 2993 622 ambitione

664 677 1097 740 perseverans,
1142 657 1440 740 pessimis
1488 658 1735 723 artibus
1777 658 2258 741 usurpationem
2304 678 2482 721 suam
2528 655 2857 720 vindicare
2907 675 2994 717 ac

661 753 831 816 tueri
876 775 1007 817 non
1045 753 1317 828 destitit.

331 877 476 919 Photii
504 881 643 930 gesta.
841 851 945 915 45.
1004 848 1236 913 Servili
1291 851 1483 933 plane
1539 850 1846 934 obsequio
1894 849 2268 932 Imperatori
2329 855 2394 913 et
2435 848 2660 931 aulicis
2698 849 2983 931 junctus

663 951 786 1023 est,
845 950 910 1009 et
955 968 1086 1009 non
1131 947 1335 1009 solum
1377 947 1650 1030 publicis
1696 969 1911 1010 eorum
1958 946 2600 1028 vitiis‘moribusque
2644 942 2983 1006 dissolutis

660 1043 960 1119 indulsit,
1024 1042 1135 1106 sed
1181 1041 1251 1106 in
1308 1043 1515 1126 epulis
1572 1048 1638 1107 et
1699 1043 2261 1108 comessationibus
2312 1041 2572 1106 ludicris
2629 1041 2823 1104 etiam
2872 1061 2979 1102 so-

661 1140 827 1205 cium
875 1139 1030 1222 ipsis
1075 1160 1144 1203 se
1198 1140 1542 1222 praestitit.
1633 1140 1944 1223 Epistolis
1999 1138 2377 1223 quibusdam
2430 1137 2774 1221 suppositis
2824 1136 2976 1217 jam

661 1242 1006 1319 antequam
1067 1236 1316 1319 legatus
1365 1236 1777 1318 Imperatoris
1838 1236 2042 1300 Roma
2095 1235 2331 1299 rediret
2373 1234 2618 1299 studuit
2672 1254 2971 1315 compro-

660 1332 841 1412 bare,
900 1354 967 1396 se
1010 1337 1084 1396 ut
1134 1333 1494 1416 legitimum
1554 1332 1989 1415 patriarcham
2036 1355 2073 1395 a
2119 1330 2387 1396 Nicolao
2434 1330 2726 1414 agnosci,
2783 1328 2968 1411 rejici

658 1429 1007 1514 Ignatium.
1100 1429 1306 1504 Quum
1352 1451 1501 1493 vero
1553 1428 1684 1494 Leo
1727 1431 1978 1514 legatus
2022 1428 2332 1501 rediisset,
2381 1432 2448 1491 et
2494 1426 2796 1509 epistolae
2842 1425 2967 1488 Ni-

658 1526 819 1591 colai
862 1526 1096 1609 quibus
1127 1526 1463 1608 usurpatio
1510 1528 1648 1609 ejus
1695 1527 2125 1590 damnabatur
2152 1522 2778 1606 Constantinopolim
2822 1544 2967 1605 per-

657 1623 1011 1700 venissent,
1061 1627 1347 1706 quantae
1393 1627 1564 1687 esset
1605 1623 2043 1706 perversitatis
2073 1623 2460 1686 luculentius
2506 1619 2965 1685 manifestavit.

657 1720 956 1795 Quamvis
1020 1720 1189 1783 enim
1258 1720 1633 1803 frequenter
1702 1725 2157 1793 asseverasset,
2223 1718 2484 1783 nonnisi
2550 1717 2825 1781 invitum
2898 1720 2967 1778 et

656 1824 940 1880 coactum
1008 1838 1075 1880 se
1132 1815 1603 1892 formidandum
1665 1817 2066 1900 episcopatus
2132 1837 2293 1879 onus
2358 1815 2703 1898 suscepisse
2764 1818 2964 1895 atque

655 1918 933 1997 portare,
980 1915 1357 1996 neutiquam
1405 1913 1618 1977 sedem
1668 1935 1858 1997 quam
1888 1913 2212 1976 invaserat
2256 1911 2534 1994 reliquit,
2580 1910 2689 1988 sed
2729 1910 2964 1983 effecit,

656 2017 731 2073 ut
783 2010 1097 2093 rescripta
1140 2008 1476 2074 Pontificis
1530 2011 1721 2073 annis
1772 2010 1896 2073 862
1953 2015 2018 2073 et
2074 2010 2200 2073 863
2257 2009 2631 2072 transmissa
2687 2007 2965 2072 occulta-

653 2112 900 2182 rentur,
942 2111 1136 2189 atque
1166 2105 1547 2189 Imperatori
1593 2128 1666 2169 ac
1697 2105 1943 2170 Bardae
1987 2106 2145 2170 illud
2189 2106 2508 2189 persuasit
2552 2103 2962 2188 principium,

655 2203 949 2266 Romano
997 2202 1296 2267 Pontifici
1346 2203 1456 2285 jus
1511 2224 1643 2266 non
1699 2224 1860 2278 esse,
1924 2212 1999 2266 ut
2044 2224 2114 2267 se
2166 2203 2460 2266 misceret
2504 2202 2779 2285 negotiis
2826 2201 2963 2264 Im-

651 2300 831 2383 perii,
878 2299 1161 2382 adeoque
1216 2299 1403 2362 irrita
1447 2321 1586 2363 esse
1633 2301 1773 2382 ejus
1833 2298 2091 2363 decreta
2136 2300 2207 2363 in
2248 2321 2434 2363 causa
2477 2298 2737 2383 Ignatii.
2828 2297 2963 2362 Eos

652 2417 831 2470 vero,
890 2396 1001 2478 qui
1044 2394 1305 2476 Ignatio
1366 2395 1830 2474 adhaerebant,
1893 2398 1990 2459 vel
2035 2396 2364 2460 blanditiis
2419 2396 2485 2458 in
2532 2417 2677 2459 suas
2740 2400 2962 2478 partes

650 2491 909 2557 trahere
956 2495 1224 2556 conatus
1266 2496 1389 2569 est,
1450 2492 1553 2556 vel
1598 2492 1799 2576 ipsoS,
1859 2493 1953 2558 uti
2012 2497 2078 2557 et
2122 2491 2482 2583 Ignatium,
2541 2492 2693 2558 diris
2747 2513 2960 2576 perse·

652 2590 1013 2653 cutionibus
1057 2589 1331 2652 vexavit.
1440 2587 1650 2669 Usque
1692 2588 1768 2653 iu
1802 2609 2134 2671 praeseri&
2181 2591 2432 2673 scripsit
2481 2589 2713 2654 Photio
2759 2589 2818 2653 N
2822 2591 2959 2653 ico·

650 2687 788 2749 laus
835 2708 1006 2749 anuo
1054 2686 1200 2765 866,
1246 2684 1604 2750 Ecclesiam
1654 2684 1786 2749 Dei
1829 2685 2103 2750 diversis
2139 2684 2695 2768 persecutionibus
2736 2685 2956 2768 impu-

644 2801 854 2864 qnare
897 2802 1028 2846 non
1085 2780 1343 2871 desinis.
1435 2781 1547 2846 Ita
1603 2787 1665 2846 et
1686 2858 1691 2865 f
1716 2782 1998 2864 fratrem
2051 2787 2111 2846 et
2167 2782 2601 2865 coepiscopum
2654 2787 2955 2848 nostrum

649 2876 1009 2960 Iynatium,
1056 2877 1539 2943 sanctissimum
1583 2878 2052 2960 patriarcham,
2098 2878 2424 2944 inauditis
2454 2879 2685 2961 poenis
2713 2884 2773 2943 et
2802 2878 2955 2943 hor-

646 2973 949 3038 ribilibus
982 2974 1320 3039 tormentis
1352 2974 1612 3056 afficere
1633 2996 1763 3040 ‘non
1805 2975 2117 3057 quiescis,·
2163 2975 2272 3039 sed
2304 2980 2365 3040 et
2397 2996 2613 3041 omnes
2634 2981 2958 3058 quotquot

637 3091 764 3152 pro
794 3069 1066 3134 veritate
1096 3074 1156 3134 et
1190 3091 1318 3153 pro
1361 3071 1484 3150 fide
1516 3062 1832 3136 commode
1857 3072 2204 3154 persistere
2234 3071 2668 3155 deprehendis,
2717 3072 2955 3154 quibus

636 3167 977 3248 praevales
1017 3167 1224 3231 modis
1266 3167 1530 3249 perdere
1576 3167 2124 3250 impraetermisse
2166 3168 2492 3252 moliris.¹)
2573 3170 2687 3233 Vir
2732 3175 2952 3234 autem

647 3264 977 3347 hypocrita
1010 3265 1278 3329 Photius
1308 3265 1458 3328 dum
1499 3268 1594 3330 ita
1620 3267 1916 3343 saeviret,
1964 3267 2249 3351 fingebat
2278 3289 2345 3330 se
2380 3267 2709 3331 ecclesiam
2741 3266 2951 3331 CPta-

648 3382 797 3424 nam
843 3365 1069 3425 contra
1114 3361 1404 3423 homines
1450 3362 1812 3426 insensatos
1859 3368 2054 3446 atque
2097 3385 2424 3446 perversos
2470 3362 2829 3428 defendere.

314 3461 628 3563 ss‘lggnggontra
819 3458 923 3522 46.
989 3455 1141 3520 Sese
1189 3456 1466 3521 accinxit
1527 3480 1716 3540 porro
1775 3459 2404 3542 pseudopatriarcha,
2468 3463 2539 3524 ut
2588 3459 2949 3524 Romanum

376 3534 431 3562 ⁰¹¹
501 3535 607 3564 aem.
642 3553 1022 3619 Pontificem
1077 3551 1414 3617 Nicolaum
1468 3555 1732 3637 ejusque
1790 3556 2134 3638 primatum
2192 3561 2257 3620 et
2311 3556 2759 3621 auctoritatem
2808 3559 2950 3640 jam

641 3653 860 3734 aperte
903 3651 1329 3734 impugnaret.
1420 3651 1727 3713 Animum
1779 3653 1835 3715 ei
1884 3651 2257 3716 addiderant
2301 3653 2731 3727 difficultateS,
2783 3675 2952 3737 quae

625 3768 716 3810 eo
758 3750 1046 3830 tempore
1091 3747 1163 3808 in
1195 3744 1540 3814 Occidente
1571 3752 1797 3810 contra
1831 3746 2162 3812 Nicolaum
2198 3750 2509 3813 excitatae
2552 3755 2721 3814 sunt.
2795 3750 2944 3815 Non

640 3844 846 3908 solum
894 3842 1064 3907 enim
1095 3847 1251 3907 tunc
1282 3842 1349 3907 in
1397 3864 1594 3927 regno
1628 3842 2022 3909 Francorum
2070 3867 2147 3908 ex
2194 3850 2375 3928 parte
2407 3845 2743 3910 Hincmari
2776 3845 2947 3909 Rhe·

644 3941 877 4004 mensis
926 3939 1324 4022 aliorumque
1379 3941 1745 4023 praesulum
1798 3941 2113 4024 oppositio
2172 3942 2485 4024 quaedam
2544 3946 2767 4007 contra
2822 3944 2950 4027 pri-

822 4149 860 4213 ¹>
898 4148 1072 4217 Epist.
1114 4150 1230 4216 1123
1269 4148 1451 4202 Labbe
1477 4148 1628 4202 v111.
1673 4152 1790 4204 371.
