3270 5028
914 412 1117 468 Causae
1154 412 1347 480 quibus
1385 411 1618 468 schisma
1654 418 2051 480 praeparatum.
2533 416 2635 467 327

324 552 500 620 tinos
546 554 729 618 valde
774 554 1059 639 vulgaris
1115 554 1272 630 fuit;
1334 554 1484 619 inde
1544 576 1583 618 a
1637 555 1889 620 saeculo
1952 557 2184 638 quarto
2249 555 2319 618 in
2368 552 2636 620 Oriente

325 648 523 713 simul
568 672 712 716 cum
767 652 991 736 lingua
1045 671 1276 736 graeca
1322 650 1517 717 etiam
1572 650 1781 715 latina
1837 651 2194 730 colebatur,
2258 653 2634 735 praesertim

327 746 399 810 in
445 746 522 809 iis
578 746 797 827 rebus,
852 770 1019 831 quae
1077 747 1461 830 reipublicae
1509 747 1612 814 vel
1659 746 1956 831 justitiae
2010 748 2634 816 administrationem

322 844 729 927 spectabant.
838 845 881 911 J
885 837 1194 912 ustiniani
1259 843 1672 928 Imperatoris
1745 844 1918 928 leges
1984 851 2050 909 et
2111 846 2355 911 codices
2413 845 2635 930 lingua

326 940 533 1005 latina
592 942 887 1006 confecta
949 945 1105 1007 sunt
1167 939 1481 1025 (exceptis
1539 938 1884 1023 Novellis)‚
1950 945 2016 1004 et
2087 962 2162 1006 ea
2231 945 2445 1008 aetate
2515 942 2634 1007 tri-

327 1036 593 1103 bunalia
638 1059 780 1102 suas
838 1038 1195 1104 sententias
1239 1037 1463 1121 lingua
1516 1037 1726 1101 latina
1771 1037 1957 1103 edere
2011 1038 2325 1102 solebant.
2419 1038 2636 1123 Atque

328 1155 529 1216 usque
592 1133 672 1197 ad
734 1156 808 1198 ea
865 1138 1157 1217 tempora
1214 1134 1310 1199 illi
1376 1131 1767 1215 OrientaleS‚
1826 1134 1937 1217 qui
1997 1133 2346 1218 disciplinis
2402 1135 2634 1199 libera-

328 1228 594 1295 lioribus
652 1231 890 1296 exculti
943 1233 1158 1307 erant,
1221 1231 1599 1314 plerumque
1630 1229 1981 1296 'idiomatis
2043 1230 2233 1297 latini
2288 1231 2476 1314 periti
2535 1232 2635 1296 in-

326 1326 773 1394 veniebantur.
869 1325 994 1391 Sed
1056 1326 1233 1391 brevi
1304 1330 1450 1409 post
1517 1326 1559 1392 J
1563 1326 1962 1392 ustinianum
2027 1326 2391 1392 Orientales
2453 1350 2635 1396 usum

328 1423 588 1507 linguae
648 1425 893 1489 latinae
956 1424 1385 1508 neglexerunt
1442 1428 1507 1488 et
1572 1423 1708 1488 fere
1769 1424 2170 1509 abjecerunt,
2248 1429 2442 1508 atque
2498 1429 2637 1510 jam

259 1538 270 1546 “
324 1517 395 1609 S
445 1518 795 1603 Gregorius
840 1520 927 1584 M.
986 1520 1208 1585 scribit
1268 1519 1348 1583 ad
1394 1518 1766 1585 Narsetem:
1823 1520 2005 1585 Bene
2058 1520 2179 1585 scit
2234 1525 2448 1594 vestra
2494 1542 2636 1587 ma-

317 1616 630 1701 ym‘tudO,
697 1616 853 1698 quia
920 1616 1106 1681 hodie
1167 1615 1241 1680 in
1307 1614 1578 1681 CPtana
1638 1613 1928 1695 civitate,
1992 1616 2107 1698 qui
2169 1616 2245 1681 de
2298 1616 2502 1682 latino
2562 1617 2637 1682 in

324 1733 635 1800 maecum
682 1713 926 1778 dictata
960 1711 1111 1778 bene
1155 1713 1589 1794 transferunt,
1637 1735 1771 1779 non
1801 1718 1994 1793 sunu
2037 1714 2194 1779 dum
2223 1714 2398 1779 enim
2441 1713 2638 1780 verba

329 1810 704 1877 custodiunt
766 1813 827 1874 et
878 1830 1105 1876 sensus
1163 1810 1431 1876 minime
1491 1810 1866 1891 attendunt,
1928 1831 2043 1877 nec
2100 1810 2296 1876 verba
2355 1811 2637 1895 intelliqi

318 1906 590 1990 faciunt
635 1911 697 1971 et
739 1927 966 1972 sensus
1007 1907 1411 1991 summumst)
1487 1908 1702 1974 Etiam
1749 1909 1954 1974 clerus
1998 1910 2328 1974 orientalis
2359 1912 2637 1975 maxime

328 2006 745 2090 promovebat
804 2025 990 2069 usum
1047 2006 1311 2090 linguae
1359 2026 1667 2089 graecae,
1729 2005 2048 2089 hujusque
2102 2004 2426 2071 idiomatis
2487 2028 2638 2090 prae

323 2103 532 2167 latino
580 2102 1027 2167 excellentiam
1075 2102 1406 2168 evehebat.
1487 2101 1968 2178 Gloriabantur‚
2013 2102 2241 2186 lingua
2278 2125 2396 2167 sua
2440 2103 2638 2169 libros

329 2220 545 2263 sacros
592 2196 673 2263 N.
721 2198 794 2261 Τ.
853 2220 989 2263 esse
1041 2200 1466 2282 conscriptam,
1526 2203 1730 2282 eaque
1786 2220 1931 2264 usos
1985 2200 2321 2284 plerosque
2381 2204 2638 2265 sanctos

320 2293 579 2370 Patres;
645 2295 935 2380 linguam
999 2317 1149 2359 vero
1206 2295 1477 2360 latinam
1531 2294 1734 2359 veluti
1791 2295 2242 2360 inconcinnam
2303 2304 2370 2360 et
2428 2297 2638 2362 verbis

323 2394 583 2476 inopem
630 2391 1089 2475 despiciebant.
1154 2429 1241 2437 —
1297 2391 1378 2456 In
1426 2389 1774 2457 Occidente
1826 2396 2045 2456 autem
2104 2393 2346 2475 pariter
2405 2394 2640 2458 notitia

325 2489 590 2574 linguae
657 2509 925 2574 graecae
995 2488 1206 2574 magis,
1270 2489 1604 2573 magisque
1670 2481 1931 2567 defecit.
2001 2492 2068 2553 et
2132 2512 2328 2574 quum
2392 2490 2542 2554 inde
2599 2512 2638 2554 a

325 2586 576 2651 saeculo
620 2590 804 2651 sexto
849 2588 1120 2651 ineunte
1174 2588 1529 2650 universim
1576 2586 1660 2650 ob
1714 2586 2012 2651 incursus
2065 2586 2483 2652 barbarorum
2530 2588 2637 2651 lit-

326 2687 503 2748 terae
551 2685 763 2748 minus
819 2683 1056 2747 ibidem
1102 2684 1225 2748 coli
1274 2687 1569 2767 possent,
1627 2705 1775 2747 mox
1822 2684 2128 2771 perpauci
2181 2688 2439 2749 tantum
2494 2684 2637 2749 fue-

321 2785 484 2845 runt
546 2779 793 2858 Latini,
855 2781 969 2864 qui
1025 2780 1313 2864 linguam
1368 2801 1664 2862 graecam
1717 2779 2058 2844 callebant.
2151 2779 2428 2844 Multum
2457 2803 2636 2850 *sane

315 2879 452 2942 ,ista
520 2877 887 2942 differentia
956 2877 1334 2941 idiomatum
1396 2877 1704 2952 contulit,
1771 2880 1846 2941 ut
1906 2877 2399 2943 communicatio
2466 2878 2639 2942 inter

328 2973 741 3038 Occidentem
787 2979 855 3036 et
888 2972 1221 3037 Orientem
1254 2973 1572 3037 difficilior
1621 2977 1687 3037 et
1725 2973 1929 3037 rarior
1962 2976 2146 3049 esset,
2195 2977 2394 3056 utque
2441 2974 2636 3039 etiam

324 3071 527 3135 animi
574 3069 1034 3133 alienarentur.

507 3211 607 3274 11.
665 3206 894 3293 Neque
957 3208 1190 3292 exigua
1236 3213 1374 3272 erat
1427 3208 1666 3287 cultus,
1731 3206 2066 3290 lituryiae,
2129 3207 2384 3273 rituum
2429 3207 2637 3273 diver-

320 3305 491 3370 sitas
566 3307 740 3370 inter
817 3303 1258 3369 Occidentales
1334 3308 1399 3368 et
1477 3296 1859 3370 Orientale&
1978 3303 2075 3369 Ea
2146 3300 2638 3390 quidens'liafid

329 3393 653 3469 ffiiebat
715 3401 1048 3487 religionis
1110 3405 1411 3466 naturam
1476 3408 1541 3466 et
1605 3401 1966 3465 essentiam.
2072 3401 2210 3466 Imo
2275 3423 2353 3466 ex
2418 3403 2636 3486 primis

325 3500 598 3566 saeculis
673 3499 1041 3564 differentia
1114 3497 1391 3576 exstitit,
1474 3519 1750 3582 suasque
1834 3497 2115 3562 habebat
2160 3499 2482 3574 ‚rationes
2559 3520 2635 3564 ex

319 3597 675 3662 traditione
747 3595 1133 3681 veneranda.
1260 3593 1347 3659 Et
1422 3594 1726 3679 quamdiu
1808 3594 2143 3659 concordia
2218 3600 2284 3659 et
2357 3596 2638 3660 amicitia

327 3695 619 3779 vigebat,
690 3715 768 3757 ex
832 3694 959 3758 ista
1025 3692 1395 3757 diversitate
1463 3692 1857 3756 detrimenta
1918 3691 2087 3756 haud
2154 3693 2637 3776 proveniebant,

321 3812 604 3874 suosque
663 3789 827 3854 ritus
891 3810 1101 3855 sacros
1141 3788 1363 3865 ‚etiam
1416 3787 1642 3853 Latini
1708 3789 1777 3853 in
1839 3787 2103 3854 Oriente
2160 3794 2225 3855 et
2279 3788 2506 3855 Graeci
2568 3790 2638 3853 in

323 3886 674 3953 Occidente
757 3889 983 3950 mutua
1056 3907 1202 3950 cum
1286 3886 1647 3950 animorum
1725 3885 2182 3950 benevolentia
2265 3887 2640 3951 solemniter

465 4145 470 4150 ’
512 4145 551 4213 ¹)
588 4148 786 4203 Baron.
825 4147 1023 4200 Annal.
1063 4147 1132 4203 ad
1170 4162 1257 4200 an.
1294 4149 1412 4201 593.
1452 4163 1503 4200 n.
1543 4148 1627 4199 62.

2694 3215 2831 3257 Diver

2648 3296 2669 3303 -
2725 3277 2839 3317 rituu

2833 3216 2941 3256 sitas
