3270 5028
1205 449 1374 504 Initia
1413 450 1712 505 scissionis.
2510 450 2613 502 351

305 593 421 659 hoc
493 592 620 657 ista
668 590 1033 673 nequiverit
1098 589 1350 656 adscire
1415 587 1641 670 quovis
1703 590 1886 655 modo
1950 609 2355 667 consensum,
2425 587 2615 670 cujas

295 688 654 773 pessimam
700 687 1160 753 exsecrabatur
1202 707 1337 752 non
1376 684 1702 751 immerito
1746 687 2078 769 sensum.¹)

484 788 587 851 39.
649 786 946 871 Ignatius
1006 788 1152 869 post
1206 785 1361 850 haec
1422 784 1639 867 aliquo
1699 788 1988 869 tempore
2053 781 2614 864 Constantinopoli
2714 781 2877 833 {Wffl

306 884 615 948 remansit
659 885 728 947 in
774 882 1015 966 palatio
1046 882 1227 946 Posis
1273 881 1462 955 dicto,
1510 880 1682 964 quod
1719 882 1871 947 olim
1919 884 2130 947 fuerat
2175 879 2370 945 matri
2415 878 2615 962 ipsius

303 980 668 1063 Procopius,
714 980 933 1063 ibique
980 979 1336 1062 composuit
1382 975 1669 1041 libellum
1716 980 1795 1043 ad
1842 977 2182 1043 Nicolaum
2212 976 2617 1056 Pontificem,

305 1099 432 1162 quo
489 1083 755 1141 eventus
811 1076 932 1159 ipsi
984 1080 1245 1140 enarrat
1297 1078 1366 1139 et
1413 1063 1500 1138 ad
1548 1072 1774 1138 Sedem
1825 1074 2258 1158 Apostolicam
2313 1071 2614 1156 appellat.

215 1207 218 1214 ·
306 1174 498 1238 Hisce
543 1174 833 1247 libellum
864 1172 1216 1238 concludit:
1264 1169 1446 1234 Haec
1493 1168 1790 1235 brevibus
1827 1169 1949 1235 tibi
1992 1167 2431 1252 manifestavi.
2514 1167 2617 1233 Ta

305 1290 481 1348 vere,
539 1267 945 1334 sanctissime
990 1266 1301 1345 Domine,
1359 1265 1615 1331 ostende
1670 1266 1744 1331 in
1803 1287 1901 1332 me
1958 1266 2208 1332 viscera
2251 1264 2614 1330 misericor-

305 1366 480 1445 diae,
543 1369 603 1429 et
659 1365 863 1448 juxta
906 1363 1093 1429 illam
1144 1382 1454 1447 maynum
1500 1361 1788 1429 Paulum
1851 1363 1955 1428 dic
2000 1363 2233 1428 etiam:
2292 1361 2453 1442 Quis
2512 1361 2613 1426 in-

301 1462 641 1543 firmatur,
700 1465 762 1525 et
807 1482 917 1544 eqo
972 1480 1105 1525 non
1164 1457 1516 1540 infirmor?
1606 1457 1694 1523 In
1747 1463 2020 1525 mentem
2076 1479 2300 1524 revoca
2345 1457 2619 1541 praede-

305 1578 578 1624 cessores
623 1562 769 1623 tuos
808 1556 1262 1640 patriarchas,
1309 1554 1706 1633 Fabianum,
1751 1555 2043 1638 inquam,
2094 1556 2355 1621 Juliam
2399 1559 2460 1620 et
2499 1555 2615 1620 In-

303 1654 704 1733 nocentiam,
768 1654 1080 1733 Leonem,
1143 1658 1230 1732 et,
1296 1656 1373 1717 ut
1438 1651 1714 1716 breviter
1773 1652 1985 1718 dicam
2045 1673 2263 1718 omnes
2323 1651 2438 1735 qai
2490 1672 2621 1734 pro

302 1752 576 1817 veritate
637 1751 947 1816 adversus
1003 1749 1408 1833 iniustitiam
1468 1748 1757 1813 viriliter
1816 1770 1881 1814 se
1941 1754 2310 1831 yesserunt,
2383 1752 2444 1814 et
2503 1748 2619 1814 hos

304 1847 596 1927 imitare,
657 1851 718 1912 et
763 1846 850 1911 ad
892 1846 1250 1912 vindictam
1295 1845 1508 1911 nostri
1562 1844 1678 1927 qui
1724 1850 1816 1911 tot
1860 1845 2115 1929 injusta
2158 1845 2348 1930 passi
2392 1867 2622 1912 samus

305 1943 652 2030 eaesurye.2)
745 1945 1015 2009 Photius
1058 1966 1210 2010 vero
1241 1944 1571 2028 Ignatium
1603 1965 1828 2029 cogere
1873 1945 2219 2009 meditatus
2266 1949 2383 2023 est,
2430 1948 2506 2008 ut
2548 1946 2619 2009 in

306 2042 569 2108 ecclesia
612 2042 866 2126 publice
921 2042 1361 2126 profiteretur,
1415 2062 1482 2104 se
1529 2061 1663 2104 non
1723 2041 2029 2106 canonice
2076 2043 2350 2106 electum
2395 2041 2621 2117 fuisse,

304 2161 500 2224 seque
555 2161 691 2202 non
742 2143 963 2203 sancte
1018 2137 1129 2203 sed
1193 2140 1530 2221 tyrannice
1591 2138 1922 2203 ecclesiam
1983 2139 2399 2222 gubernasse.
2495 2136 2616 2201 Sed

305 2258 502 2320 quum
548 2255 811 2317 vespere
845 2233 1265 2299 Pentecostes
1312 2234 1368 2299 d.
1407 2234 1512 2297 25.
1546 2232 1708 2319 Maji
1757 2257 1814 2300 a.
1849 2236 1974 2299 861
2023 2235 2336 2319 palatium
2382 2234 2617 2298 milites

296 2335 433 2417 jam
480 2329 1074 2410 circumdedissent,
1123 2334 1198 2395 ut
1242 2329 1565 2415 Ignatium
1615 2332 1677 2395 vi
1723 2336 2058 2411 tenerent,
2106 2331 2158 2396 is
2204 2331 2472 2396 mutatis
2518 2351 2619 2393 ve-

303 2429 508 2494 stibus
554 2428 768 2491 salvus
813 2427 1099 2511 aufugit,
1147 2448 1221 2491 ac
1265 2427 1412 2491 dein
1457 2448 1574 2511 per
1619 2427 1874 2511 aliquod
1919 2428 2227 2512 spatium,
2278 2428 2501 2491 multis
2545 2428 2615 2491 in

303 2524 643 2610 angustiis,
683 2524 877 2589 variis
924 2525 1076 2591 locis
1120 2545 1258 2589 sese
1303 2523 1662 2591 abscondit.
1749 2523 2040 2590 Libellus
2092 2530 2306 2590 autem
2353 2524 2616 2589 interim

302 2624 573 2688 Romam
635 2621 886 2686 delatus
945 2627 1045 2686 est
1106 2642 1220 2704 per
1265 2620 1750 2705 Theognostum
1806 2622 2048 2688 socium
2105 2622 2281 2686 illius
2342 2620 2617 2704 fidelem,

301 2720 414 2805 qui
469 2721 610 2782 erat
661 2717 1160 2783 archimandrita
1213 2738 1325 2782 seu
1381 2717 1579 2781 abbas
1624 2718 1999 2783 monasterii
2054 2718 2135 2783 ad
2180 2717 2487 2789 Fontem,
2551 2720 2616 2781 et

303 2814 576 2880 exarcha
621 2813 860 2898 Ignatii
925 2814 994 2878 in
1057 2814 1307 2898 aliquot
1365 2814 1712 2897 provinciis
1771 2836 1887 2897 pro
1930 2816 2126 2881 variis
2189 2815 2619 2893 monasteriiS,

304 2910 373 2996 (i.
424 2934 476 2975 e.
526 2911 799 2974 vicarius
846 2908 1088 2994 Ignatii
1149 2908 1361 2993 quoad
1405 2931 1773 2992 supremam
1816 2911 2354 2995 gubernationem
2401 2932 2616 2975 mona·

303 3009 672 3088 steriorum‚
727 3028 894 3089 quae
939 3012 1237 3090 exempta
1295 3010 1483 3070 erant
1533 3006 1616 3070 ab
1664 3004 2023 3072 Ordinariis
2071 3014 2137 3071 et
2183 3006 2619 3092 jurisdictioni

303 3102 720 3188 patriarchali
777 3102 1142 3167 immediate
1203 3098 1547 3186 subjecta).
1642 3100 1951 3166 Pervenit
2009 3108 2228 3167 tamen
2284 3103 2618 3187 Theogno·

305 3204 440 3264 stus
489 3198 691 3263 serius
739 3198 1031 3277 Romam,
1080 3221 1273 3282 quam
1317 3198 1517 3283 legati
1548 3197 1801 3262 Nicolai
1847 3198 2193 3264 redeuntes
2239 3200 2312 3264 in
2352 3198 2618 3277 Urbem,

307 3307 374 3360 et
418 3297 510 3360 sic
538 3295 843 3359 Pontifex
891 3295 1152 3359 nonnisi
1197 3294 1443 3359 tardius
1485 3316 1703 3358 rerum
1748 3295 2087 3361 veritatem
2133 3299 2423 3361 accurate
2468 3295 2618 3360 edo·

307 3397 448 3458 ctus
492 3398 608 3457 est.
641 3396 670 3446 Ι

481 3489 585 3553 40.
635 3487 912 3554 Profecti
935 3494 1113 3553 -sunt
1155 3488 1452 3553 videlicet
1494 3486 1864 3559 Rodoaldus
1913 3492 1980 3553 et
2016 3488 2352 3555 Zacharias
2396 3490 2615 3574 legati,
2660 3481 2929 3586 Ljeggfflm

303 3587 524 3651 favore
558 3591 623 3650 et
648 3585 1024 3650 muneribus
1048 3586 1377 3662 cumulati,
1407 3606 1630 3649 versus
1663 3605 1950 3648 mensem
1974 3586 2344 3672 Augustum
2375 3609 2431 3652 a.
2467 3586 2616 3665 861,
2869 3576 2880 3587 ’

303 3689 379 3748 ut
426 3681 700 3747 Romam
758 3685 1255 3748 reverterentur.
1349 3681 1474 3746 Eos
1537 3679 1757 3745 statim
1812 3686 2066 3746 secutus
2127 3688 2230 3748 est
2274 3682 2435 3760 Le0,
2492 3682 2618 3746 Mi-

304 3779 509 3844 chaeli
551 3778 932 3862 Imperatori
981 3800 1019 3842 a
1061 3778 1340 3854 secretis,
1388 3778 1487 3841 vir
1533 3777 1605 3841 in
1651 3776 1929 3861 negotiis
1972 3779 2269 3863 gerendis
2305 3787 2615 3856 versatuS,

305 3875 417 3958 qui
460 3874 795 3939 Michaelis
842 3875 1208 3958 epistolam,
1266 3874 1482 3939 Photii
1538 3873 1796 3938 litteras
1841 3873 2304 3960 apologeticas,
2360 3881 2428 3941 et
2471 3880 2616 3940 acta

304 3971 554 4036 concilii
590 3971 889 4036 deferret.
960 3970 1203 4036 Versus
1247 3973 1439 4036 finem
1489 3971 1645 4035 anni
1695 3970 1840 4048 861,
1879 3970 1979 4034 vel
2026 3972 2217 4038 initio
2263 3974 2420 4038 anni
2465 3971 2617 4043 862,
2728 3977 2733 3982 ’

488 4179 525 4243 ¹)
565 4179 707 4233 Ibid.
1133 4179 1175 4246 ²)
1212 4178 1371 4247 Apud
1408 4180 1612 4235 Baron.
1652 4179 1687 4232 l.
1727 4195 1774 4233 c.
1809 4195 1863 4232 n.
1900 4180 1988 4234 31.

2665 842 2934 885 libellus»
3016 871 3037 890 .
