3270 5028
358 3543 619 3587 Hincmarus

357 3604 625 3649 RhemensiS.

678 438 783 488 242
1015 435 1164 489 XVI.
1206 436 1412 490 Causae
1449 436 1689 489 celebres
1727 440 1783 489 et
1819 435 2139 490 Decretales
2175 435 2629 490 Pseudo-Isidori.

677 577 927 642 catione
980 577 1049 641 in
1109 598 1247 641 eam
1294 577 1425 642 lata
1480 578 1693 641 soluta
1752 582 1872 641 est.
1964 577 2174 652 Quum
2231 599 2402 642 anno
2460 576 2586 642 869
2634 576 2999 642 Lotharius

677 663 833 739 cu‘ih'
868 672 1200 737 Hadriano
1244 674 1314 737 in
1360 674 1746 738 monasterio
1791 672 2033 739 Montis
2081 673 2329 738 Cassini
2375 676 2813 752 convenisset,
2862 674 2996 738 ibi·

675 771 818 835 dem
876 761 1012 852 ipse
1064 773 1339 835 testatus
1396 774 1519 847 est,
1584 792 1655 834 se
1715 772 2019 834 mandato
2073 769 2321 835 Nicolai
2383 771 2857 855 obtemperasse
2920 774 3000 833 et

675 867 1204 932 consuetudinem
1261 889 1404 931 cum
1468 867 1818 932 Waldrada
1882 868 2156 950 amplius
2221 890 2350 932 non
2415 867 2741 950 habuisse3
2807 871 2995 950 pete-

675 965 788 1028 bat
854 969 1104 1038 tamen,
1181 967 1257 1027 ut
1325 985 1514 1028 causa
1587 964 2079 1029 matrimonialis
2152 965 2349 1048 ipsius
2416 986 2529 1048 per
2596 963 2988 1029 Pontificem

675 1062 776 1125 vel
861 1062 1000 1145 ejus
1088 1062 1336 1145 legatos
1418 1062 1656 1125 iterum
1746 1061 2253 1138 examinaretur,
2350 1083 2424 1125 eo
2507 1061 2677 1144 quod
2761 1082 2991 1124 cense-

673 1161 804 1233 ret,
881 1178 1100 1220 causas
1171 1158 1510 1224 canonicas
1586 1156 1930 1221 dirimendi
2013 1157 2409 1222 matrimonii
2479 1158 2718 1222 adesse.
2841 1156 2988 1220 Ha-

672 1253 934 1317 drianus
980 1253 1063 1320 II.
1120 1254 1359 1319 ibidem
1416 1276 1629 1319 coram
1689 1254 1992 1318 Lothario
2048 1254 2278 1319 missae
2330 1255 2642 1319 solemnia
2697 1254 2988 1318 celebra-

673 1351 793 1426 vit,
860 1372 1204 1435 regemque
1274 1356 1336 1416 et
1403 1348 1605 1417 socios
1675 1353 1811 1436 ejus
1884 1351 1963 1415 ad
2023 1373 2268 1416 sacram
2336 1354 2634 1435 synaxim
2697 1351 2990 1415 admisit.

674 1447 1015 1512 Lotharius
1071 1470 1181 1511 rex
1242 1448 1389 1512 dein
1438 1448 1710 1513 Romam
1759 1449 2074 1525 visitavit,
2132 1448 2242 1512 sed
2297 1449 2661 1532 receptione
2715 1448 2993 1512 honori-

670 1545 789 1608 fica
852 1567 984 1609 non
1049 1544 1352 1627 dignatus
1418 1549 1532 1610 est.
1626 1545 1932 1609 Pontifex
1992 1535 2208 1609 tamen
2273 1547 2352 1611 ad
2410 1545 2764 1609 convivium
2827 1567 2986 1608 eum

672 1641 962 1718 admisit,
1015 1642 1514 1726 muneribusque
1562 1643 1643 1706 ab
1691 1664 1765 1707 eo
1811 1642 2044 1706 oblatis
2097 1643 2407 1727 quaedam
2456 1662 2723 1706 munera
2772 1640 2996 1706 reddi—

672 1737 784 1803 dit.
832 1774 917 1782 —
965 1737 1061 1800 Ex
1110 1737 1460 1802 Hincmaro
1520 1738 1870 1802 Rhemensi
1925 1738 2135 1822 quoad
2190 1761 2448 1803 causam
2497 1738 2786 1803 Lotliarii
2843 1743 2998 1802 sta-

670 1838 883 1898 tutum
945 1839 1073 1913 est,
1139 1839 1212 1898 ut
1268 1834 1637 1899 Hadrianus
1693 1834 2072 1901 Formosum
2131 1835 2490 1919 episcopum
2559 1834 2988 1899 portuensem

670 1952 812 1995 cum
854 1931 978 1995 alio
1028 1931 1321 2016 episcopo
1377 1932 1667 1996 mitteret
1711 1933 1781 1995 in
1831 1931 2108 1996 Galliam
2165 1938 2239 1995 ut
2294 1934 2571 2017 legatos,
2633 1933 2744 2015 qui
2788 1953 2992 1996 accu—

670 2028 870 2091 ratius
916 2049 1049 2092 rem
1094 2028 1496 2113 inquirerent
1540 2029 1616 2092 de
1666 2051 1863 2113 eaque
1909 2051 2050 2094 cum
2099 2030 2404 2112 episcopis
2438 2032 2725 2113 agerent.
2802 2028 2985 2091 Dein

669 2125 737 2187 in
800 2123 1042 2206 synodo
1104 2123 1397 2189 Romana
1456 2125 1833 2189 celebranda
1897 2125 1997 2189 die
2069 2127 2124 2189 1.
2173 2124 2394 2189 Martii
2459 2126 2613 2189 anni
2678 2125 2831 2201 870,
2893 2124 2982 2187 ad

668 2242 859 2304 quam
915 2220 1129 2303 plures
1188 2220 1433 2285 Galliae
1489 2222 1763 2304 episcopi
1816 2224 2262 2300 convenirent,
2320 2221 2650 2286 definitiva
2707 2226 2986 2307 senten-

666 2317 760 2381 tia
818 2318 1150 2382 Pontificis
1209 2340 1311 2381 res
1373 2318 1758 2405 dirimenda
1789 2318 2010 2400 erat.1)
2118 2319 2327 2383 Roma
2389 2302 2742 2383 Lotbarius
2777 2298 2982 2382 brevi

666 2412 982 2489 discessit,
1052 2413 1160 2477 sed
1225 2436 1419 2498 quum
1485 2415 1555 2479 in
1622 2436 1825 2499 regna
1890 2438 2004 2479 sua
2067 2416 2332 2491 rediret,
2394 2417 2459 2479 in
2527 2416 2760 2479 itinere
2824 2437 2986 2479 cum.

667 2510 955 2594 pluribus
1029 2511 1368 2576 comitibus
1445 2513 1728 2577 violenta
1803 2513 1979 2578 febre
2052 2520 2382 2597 correptus
2458 2513 2612 2594 fuit,
2683 2535 2755 2578 ac
2827 2519 2978 2576 tum

662 2609 878 2691 plures
923 2611 1057 2693 ejus
1102 2610 1255 2684 socii
1314 2610 1736 2687 interierunt,
1793 2616 1932 2676 tum
1980 2611 2114 2694 ipse
2164 2611 2265 2674 die
2323 2607 2395 2672 8⁰
2441 2609 2717 2694 Augusti
2773 2632 2986 2693 prope

662 2703 1057 2770 Placentiam
1115 2711 1320 2771 morte
1379 2707 1684 2791 abreptus
1741 2714 1856 2774 est.
1959 2708 2257 2772 Plurimis
2313 2730 2388 2772 ea
2448 2710 2661 2771 aetate
2716 2728 2982 2789 persua-

660 2823 803 2865 sum
848 2799 1004 2884 fuit,
1053 2804 1232 2886 justa
1282 2804 1396 2868 Dei
1458 2805 1742 2868 vindicta
1800 2805 1968 2869 hanc
2024 2809 2296 2868 mortem
2351 2804 2752 2886 inopinatam
2814 2807 2982 2867 acci—

661 2898 844 2962 disse.
939 2901 996 2964 A
1042 2900 1261 2983 paucis
1317 2902 1520 2964 servis
1568 2902 1681 2985 qui
1739 2901 2116 2985 superstites
2176 2905 2392 2976 erant,
2451 2898 2796 2977 lothar-ius
2853 2921 2974 2963 rex

660 2995 729 3058 in
777 2996 1037 3061 ecclesia
1085 2992 1148 3060 S.
1180 2997 1500 3062 Antonini
1547 3020 1747 3082 prope
1779 2997 2180 3063 Placentiam
2215 2996 2505 3080 sepultus
2551 2996 2692 3059 fuit.
2772 2995 2970 3070 'Leut-

662 3092 854 3177 berga
901 3093 1191 3178 ingressa
1246 3099 1346 3159 est
1390 3096 1855 3160 monasterium
1904 3093 1966 3158 S.
2017 3093 2480 3168 Chlodesindis,
2541 3094 2721 3177 cujus
2775 3092 2969 3155 abba·

659 3189 817 3253 tissa
864 3190 992 3254 fuit
1039 3213 1239 3275 usque
1286 3192 1364 3255 ad
1423 3198 1723 3267 mortem;
1778 3193 1887 3255 sed
1933 3196 1999 3255 et
2047 3189 2393 3254 Waldrada
2448 3189 2822 3272 perhibetur
2867 3210 2969 3252 us·

662 3306 786 3367 que
833 3286 913 3349 ad
961 3288 1209 3351 obitum
1254 3310 1439 3352 suum
1488 3290 1555 3352 in
1603 3288 1999 3361 monasterio
2030 3287 2508 3351 Remiremonte
2555 3290 2629 3349 ut
2674 3285 2981 3387 monialis

662 3383 1100 3471 poenitentem
1146 3384 1343 3448 vitam
1387 3387 1611 3470 egisse.
1621 3382 1674 3466 Β)

839 3523 941 3587 26.
1003 3523 1308 3589 Romanis
1369 3525 1787 3590 Pontificibus
1840 3522 2102 3607 negotia
2166 3523 2402 3606 pluries
2458 3522 2715 3585 facessit
2768 3522 2970 3585 etiam·

663 3616 1070 3738 Hincmarus
1131 3619 1516 3685 Rhomensis
1578 3620 1936 3722 episcopas„
2004 3620 2282 3703 illaeque
2357 3640 2585 3682 causae
2663 3640 2735 3682 eo
2807 3619 2969 3681 cele-

839 3846 882 3912 ¹)
920 3846 1159 3901 Annales
1196 3847 1404 3901 Bertin.
1444 3863 1491 3901 a.
1530 3851 1651 3902 869.
1725 3848 1919 3901 Utrum
1956 3846 2092 3899 haec
2119 3845 2236 3912 jam
2274 3844 2331 3898 in
2368 3844 2557 3897 Monte
2596 3843 2834 3905 Cassino,
2872 3842 2967 3896 vel

658 3924 864 3980 Romae
902 3930 1113 3980 statuta
1146 3926 1368 3993 fuerint,
1405 3926 1855 3994 controvertitur3
1894 3942 1959 3981 ea
1996 3926 2066 3978 de
2103 3940 2161 3978 re
2197 3922 2422 3977 inferius
2460 3931 2678 3990 agetur.

835 4003 880 4072 2)
924 4005 1006 4059 De
1053 4021 1214 4060 causa
1249 4006 1499 4060 Lotharii
1540 4007 1633 4059 cfr.
1679 4004 1965 4073 praecipue
2012 4003 2235 4069 Hefele,
2287 4002 2342 4054 C.
2383 4002 2476 4067 G„
2526 4002 2586 4054 B.
2625 4001 2743 4068 IV.;
2797 4001 2965 4053 Dam-

658 4086 868 4153 berger,
907 4085 969 4137 B.
1007 4084 1126 4153 IV.;
1178 4086 1317 4153 Pagi
1356 4085 1698 4139 Breviarium
1745 4085 1842 4137 sub
1890 4084 2116 4137 Nicolao
2154 4082 2196 4134 Ι.
2246 4088 2301 4136 et
2338 4080 2616 4134 Hadriano
2653 4080 2752 4148 H.;
2801 4080 2974 4134 Sura-⁴

657 4165 747 4220 lek
784 4181 867 4231 op.
907 4164 998 4218 cit.
