3270 5028
1170 429 1254 484 De
1270 418 1273 423 ’
1290 445 1452 483 causa
1491 429 1750 484 Wulfadi.
2510 435 2614 484 245

308 596 364 634 a..
416 572 541 635 863
587 571 860 635 similem
907 570 1132 676 synodi
1192 571 1743 640 confirmationem
1793 573 2104 648 obtinuit,
2167 570 2341 653 salvo
2396 575 2612 634 tamen

309 668 648 732 Romanae
695 665 880 732 Sedes
925 666 999 751 in
1032 665 1328 731 omnibus
1359 667 1562 749 jussu
1606 672 1669 732 et
1699 668 2029 750 judicio.1)
2107 672 2199 734 At
2247 670 2424 733 brevi
2472 675 2615 750 post

307 764 762 829 animadvertit
823 745 1156 846 Nicolaus,
1217 764 1297 827 ab
1357 764 1710 831 Hincmaro
1772 789 1904 830 non
1964 772 2259 831 accurate
2316 787 2418 830 res
2480 785 2616 826 esse

306 862 564 925 relatas.
659 859 1022 925 Renovavit
1067 815 1362 925 videlicet
1406 860 1785 946 Wulfadus,
1833 885 2020 946 quem
2070 862 2337 927 Carolus
2385 858 2617 924 Calvus

308 958 386 1022 ad
417 959 856 1042 episcopatum
889 957 1334 1040 Biturigarum
1369 956 1710 1043 (Bourges)
1754 960 1937 1024 evehi
1973 959 2394 1034 desiderabat,
2443 977 2617 1019 anno

309 1057 433 1118 866
491 1055 987 1138 appellationem
1044 1054 1124 1117 ad
1180 1059 1471 1119 sanctam
1530 1052 1781 1118 Sedem.
1882 1055 2065 1119 Tunc
2116 1053 2420 1118 Nicolaus
2477 1056 2621 1114 acta.

307 1150 537 1233 synodi
583 1149 1058 1215 suessionensis
1104 1150 1182 1214 ad
1228 1151 1432 1234 ipsum
1479 1153 1851 1216 transmissa
1900 1151 2247 1236 diligenter
2292 1147 2615 1232 expendit,

310 1257 377 1311 et
441 1248 646 1311 multa
708 1248 775 1310 in
840 1247 917 1310 iis
976 1247 1503 1330 reprehendenda
1565 1248 1837 1312 invenit.
1952 1246 2353 1331 Significavit
2417 1246 2620 1329 igitur

307 1343 691 1419 Hincmam,
758 1365 836 1406 ex
885 1344 1066 1407 Actis
1112 1366 1243 1408 non
1304 1342 1544 1427 colligi,
1603 1343 1863 1408 clericos
1909 1345 2052 1407 illos
2102 1345 2249 1428 jure
2296 1342 2617 1424 depositos

311 1463 472 1516 esse,
542 1441 827 1523 adeoque
891 1461 958 1504 se
1023 1441 1228 1524 ipsum
1285 1439 1560 1518 hortari,
1627 1445 1701 1503 ut
1765 1462 1870 1505 eos
1936 1440 2266 1514 restituat3
2340 1437 2512 1522 quod
2567 1438 2620 1498 s}

308 1538 517 1601 facere
565 1536 763 1617 nolit,
818 1559 855 1598 a
911 1559 1077 1600 nova
1133 1537 1379 1619 synodo
1427 1556 1665 1619 magna
1711 1534 2155 1600 Suessionibus
2214 1534 2621 1599 convocanda

313 1655 584 1697 examen
631 1633 724 1696 rei
770 1632 1239 1698 instituendum
1289 1654 1446 1696 esse.

489 1784 592 1848 30.
653 1779 947 1862 Synodus
1001 1780 1159 1845 haec
1212 1781 1434 1844 habita
1480 1786 1578 1845 est
1634 1802 1806 1844 anno
1855 1744 2000 1845 866.
2091 1780 2168 1844 In
2220 1780 2435 1844 eadem
2492 1780 2646 1861 epi-1

313 1882 518 1963 scopi,
577 1878 869 1963 quamvis
928 1877 1316 1942 Hincmarus
1371 1878 1840 1961 aliquantisper
1891 1879 2348 1954 reluctaretur,
2410 1875 2619 1939 decre·

317 1981 580 2055 verunt,
642 1981 717 2039 ut
772 1976 866 2038 illi
929 1974 1142 2109 clerici
1201 1974 1735 2051 restituerentur,
1772 1995 1934 2083 non
1951 1971 2235 2061 quidem
2292 1971 2459 2056 quod
2513 1974 2622 2054 jus

402 2158 623 2172 ..ff-...fu‘b
639 2161 643 2164 ,

208 2291 216 2296 ·
317 2291 460 2333 cum
505 2266 858 2330 Hincmaro
908 2264 1256 2328 Rhemensi
1316 2264 1649 2347 epistolam
1713 2263 2081 2346 synodicam
2148 2262 2225 2326 ad
2288 2261 2623 2325 Nicolaum

322 2364 698 2429 Pontificem
746 2362 1088 2439 dederunt,
1143 2360 1209 2423 in
1257 2384 1384 2446 qua
1434 2361 1705 2444 professi
1752 2367 1940 2435 sunt,
1997 2382 2064 2425 se
2120 2365 2325 2425 totam
2371 2380 2623 2422 causam

318 2461 694 2527 submittere
742 2461 881 2544 ejus
919 2457 1162 2543 judicio
1218 2463 1285 2522 et
1328 2457 1609 2522 fideliter
1661 2462 2036 2523 executuros
2090 2478 2257 2537 esse,
2319 2454 2624 2541 quidquid

319 2560 455 2643 ipse
515 2557 923 2621 decrevisset.
1033 2554 1343 2618 Pontifex
1406 2556 1874 2638 comprobavit,
1941 2554 2110 2639 quod
2170 2554 2427 2619 clericos
2481 2552 2625 2615 illos

319 2659 387 2720 in
436 2677 584 2719 suos
645 2655 882 2738 gradus
943 2651 1323 2733 receperint.
1418 2652 1782 2716 Postulavit
1838 2657 2091 2727 tamen,
2153 2655 2227 2714 ut
2288 2649 2502 2714 omnia
2557 2649 2624 2711 in

318 2775 509 2817 causa
567 2748 843 2834 depositi
890 2746 1177 2812 Ebbonis
1237 2751 1303 2810 et
1348 2746 1603 2812 illorum
1660 2747 2032 2811 clericorum
2092 2751 2236 2810 acta
2289 2745 2367 2809 ad
2421 2746 2626 2827 ipsum

318 2850 755 2921 mitterentur,
804 2845 1353 2926 Hincmarumque
1401 2845 1637 2928 arguit,
1690 2844 1856 2927 quod
1903 2843 2131 2927 prioris
2178 2841 2402 2925 synodi
2442 2836 2630 2903 Sues·

321 2945 642 3011 sionensis
689 2947 833 3006 acta
892 2942 1077 3024 plura
1133 2937 1485 3023 corruperit
1538 2945 1603 3005 et
1659 2941 2003 3023 obreptitio
2060 2938 2247 3003 modo
2297 2937 2628 3001 confirma-

320 3045 566 3107 tionem
610 3041 784 3104 illius
831 3034 1269 3121 obtinuerit.²)

499 3195 602 3259 31.
671 3191 1127 3256 Convenerunt
1191 3187 1391 3271 igitur
1457 3188 1806 3251 mandante
1869 3185 2185 3250 Pontifice
2247 3185 2436 3247 iidem
2510 3185 2633 3266 epi·

320 3292 494 3374 scopi
561 3310 734 3353 anno
798 3287 921 3350 867
985 3284 1229 3373 Trpcis,
1293 3283 1801 3367 relationemque
1861 3282 2240 3365 completam
2302 3281 2378 3344 de
2442 3301 2635 3343 causa

325 3388 612 3452 Ebbonis
675 3385 753 3448 ad
809 3382 1148 3447 Nicolaum
1207 3378 1586 3444 mittendam
1648 3382 2159 3463 composuerunt.
2260 3375 2385 3440 Sed
2449 3376 2637 3441 Caro-

323 3487 424 3549 lus
489 3481 751 3559 CalvUS,
829 3502 905 3543 ex
971 3479 1153 3572 cujus
1229 3478 1442 3559 gratia
1506 3475 1767 3539 interim
1840 3475 2221 3539 Hincmarus
2296 3474 2638 3550 exciderat,

325 3692 623 3759 roboiast1‘3
675 3690 725 3745 si
760 3691 842 3744 ita
877 3693 955 3744 est
988 3693 1274 3756 nostroque
1310 3692 1375 3743 ut
1413 3686 1632 3756 scriptis
1674 3685 2023 3756 praesulatui
2069 3683 2341 3738 intimasti
2388 3686 2440 3737 et
2471 3687 2639 3752 θεείο-

324 3791 457 3827 rum
503 3771 640 3827 serie
694 3768 1096 3836 demonstrasti,
1152 3771 1306 3822 ratas
1362 3766 1575 3835 quidem
1621 3782 1715 3821 eas
1772 3764 2115 3819 definitiones
2162 3762 2464 3867 apostolica
2518 3778 2639 3829 pro-

324 3853 633 3921 mulgamus
678 3850 795 3904 fore
841 3848 1199 3913 auctoritate,
1250 3862 1564 3914 semperque
1610 3860 1829 3899 manere
1879 3844 2221 3897 statuimusst
2299 3844 2401 3909 Ap.
2440 3841 2637 3894 Baron.

326 3933 396 3985 ad
435 3947 483 3984 a.
522 3932 626 3983 853
663 3946 714 3982 n.
756 3930 839 3982 15.

504 4008 545 4075 ¹)
582 4008 648 4061 V.
690 4009 888 4062 Baron.
926 4006 993 4059 ad
1034 4022 1082 4059 a.
1122 4008 1225 4059 863
1261 4022 1314 4058 n.
1353 4009 1436 4058 64.

2679 1787 2919 1829 Restitutio

2651 1880 2652 1887 ,
2668 1848 2937 1890 clericorum.

505 4087 547 4153 ²)
585 4088 690 4141 Cfr.
740 4103 858 4156 epp.
906 4085 1119 4139 Nicolai
1170 4086 1240 4138 ad
1289 4085 1568 4153 episcopos
1618 4081 1842 4150 synodi,
1889 4085 1947 4135 et
1992 4081 2062 4133 ad
2104 4073 2453 4131 Hincmarum
2495 4077 2641 4130 Rhe·
2713 4111 2716 4112 ν

326 4185 590 4236 mensem;
628 4169 812 4223 Labbe
840 4167 993 4220 VIII.
1035 4166 1133 4219 col.
1172 4164 1276 4218 843
1313 4170 1369 4218 et
1406 4166 1524 4218 851.
