3270 5028
634 450 756 501 ’130
1176 446 1322 499 XIV.
1361 446 1443 501 De
1480 443 1630 500 civili
1669 445 1735 499 R.
1772 444 2057 499 Pontificis
2094 444 2421 512 principatu.

655 595 908 665 menta,
965 589 1133 672 quod
1180 589 1372 652 nimis
1435 587 1687 653 crudele
1746 586 1907 652 edici
1965 597 2090 662 est,
2153 588 2513 652 auferentes
2558 588 2629 651 in
2684 585 2955 669 propriis

653 685 1047 749 utilitatibus
1104 685 1204 750 usi
1259 690 1431 748 sunt.
1526 681 1754 748 Servos
1801 682 1922 747 Dei
1979 684 2351 762 monach08‚
2418 685 2530 767 qui
2584 705 2702 767 pro
2746 682 2955 746 officio

650 777 870 845 divino
915 781 984 844 in
1030 781 1438 845 monasteriis
1485 779 1933 856 morabantur,
1991 781 2195 864 plagis
2251 781 2547 844 maximis
2592 778 2957 859 tundenteS,

651 879 862 961 plures
935 878 1364 942 laniaverunt.
1484 877 1572 940 Et
1647 877 2162 942 sanctimoniales
2233 877 2505 941 feminas
2586 881 2784 959 atque
2858 897 2953 940 re·

647 976 858 1039 clusas
873 974 899 1054 ‚'
960 997 1122 1058 quae
1201 975 1282 1036 ab
1358 973 1642 1038 infantia
1716 978 1781 1036 et
1851 974 2212 1056 pubertatis
2287 980 2574 1056 tempore
2646 995 2761 1055 pro
2833 971 2955 1035 Dei

650 1093 864 1135 amore
928 1093 1065 1134 sese
1127 1072 1456 1135 clausurae
1525 1069 1936 1134 tradiderunt
1997 1070 2446 1135 abstrahentes
2515 1092 2652 1134 cum
2720 1090 2955 1153 magna

651 1167 1032 1231 crudelitate
1091 1169 1491 1250 polluerunt3
1554 1167 1664 1248 qui
1725 1167 1920 1230 etiam
1973 1171 2039 1230 et
2091 1167 2160 1230 in
2220 1167 2359 1249 ipsa
2411 1167 2955 1230 contaminatione

648 1265 807 1329 alias
882 1265 1243 1329 interficere
1325 1265 1443 1328 visi
1505 1269 1678 1326 sunt.
1744 1312 1758 1326 .
1828 1311 1843 1326 .
1907 1313 1921 1328 .
1986 1264 2078 1328 Et
2144 1285 2350 1346 neque
2418 1263 2634 1327 domui
2697 1266 2956 1327 sanctae

651 1365 910 1424 nostrae
956 1361 1286 1436 ecclesiae,
1345 1382 1554 1443 neque
1610 1359 1910 1441 cuiquam
1955 1359 2196 1437 in·hac
2246 1359 2540 1423 Romana
2587 1360 2743 1424 urbe
2789 1381 2953 1423 com-

650 1457 929 1533 moranti
973 1479 1122 1540 spes
1177 1458 1490 1521 remansit
1537 1455 1826 1529 vivendi3
1895 1457 2076 1540 quia,
2140 1461 2213 1519 ut
2266 1455 2507 1519 dictum
2554 1461 2678 1533 est,
2740 1455 2957 1519 omnia

652 1554 818 1617 ferro
865 1559 931 1618 et
976 1555 1128 1638 igne
1161 1556 1714 1636 consumpserunt,
1764 1556 1829 1615 et
1864 1554 2100 1617 multos
2133 1552 2425 1617 homines
2472 1551 2953 1616 interfecerunt.

649 1649 776 1714 Sed
841 1655 906 1714 et
932 1679 935 1683 ·
966 1651 1281 1733 copiosam
1348 1649 1662 1715 familiam
1725 1651 1899 1714 beati
1960 1650 2141 1714 Petri
2206 1650 2306 1712 vel
2375 1649 2661 1713 omnium
2727 1647 2954 1712 Roma-

652 1769 912 1825 norum,
973 1752 1108 1811 tam
1155 1749 1323 1810 viros
1369 1768 1689 1831 quamque
1738 1746 2067 1822 mulieres,
2123 1747 2620 1831 jugulaverunt,
2686 1748 2752 1809 et
2797 1745 2956 1808 alios

654 1844 859 1925 plures
934 1844 1219 1926 captivos
1296 1844 1665 1909 duxerunt..
1769 1843 1935 1908 Nam
2012 1847 2077 1907 et
2152 1845 2527 1906 innocentes
2599 1840 2957 1904 infantulos

653 1962 689 2001 a
771 1939 1066 2002 mamillis
1143 1944 1415 2002 matrum
1496 1963 1755 2006 suarum
1828 1945 2235 2023 separantes,
2311 1938 2607 2021 ipsasque
2683 1936 2748 1999 vi
2819 1935 2957 2018 pol-

651 2037 933 2109 luenteS‚
991 2037 1467 2100 interemerunt
1510 2039 1628 2120 ipsi
1677 2039 1853 2121 impii
1904 2036 2331 2120 Lougobardi.
2422 2034 2508 2097 Et
2561 2037 2749 2097 tanta
2793 2032 2963 2096 mala

651 2134 722 2196 in
786 2132 905 2195 hac
970 2131 1263 2195 Romana
1327 2134 1658 2215 provincia
1724 2136 2045 2210 fecerunt,
2121 2136 2368 2216 quanta
2430 2136 2602 2195 certe
2666 2151 2786 2194 nec
2847 2151 2957 2211 pa-

653 2250 860 2313 ganae
927 2233 1154 2311 gentes
1219 2229 1561 2312 aliquando
1631 2236 2035 2315 perpetratae
2102 2234 2276 2294 sunt.
2323 2220 2330 2225 ’
2386 2227 2548 2302 Quia
2610 2227 2833 2306 etiam,
2904 2226 2959 2288 si

653 2325 778 2389 dici
841 2328 1080 2407 potest,
1158 2328 1225 2388 et
1292 2325 1410 2407 ipsi
1479 2327 1749 2409 lapides,
1820 2332 2075 2391 nostras
2148 2324 2574 2389 desolationes
2650 2323 2959 2397 videntes,

655 2423 909 2485 ululant
953 2418 1401 2504 nobiscum.“¹)
1493 2423 1905 2508 Exaggerata
1957 2423 2112 2487 haec
2157 2422 2414 2505 quidam
2462 2420 2792 2500 dixerunt,
2848 2418 2957 2483 sed

652 2520 832 2583 nullo
902 2518 1088 2583 modo
1163 2519 1226 2582 id
1295 2520 1747 2602 probaverunt.
1816 2557 1901 2567 -
1969 2520 2047 2584 In
2109 2520 2372 2583 summis
2440 2518 2567 2581 illis
2638 2516 2958 2601 angustiis

319 2620 630 2673 Stephaniepi·
651 2618 897 2699 positus
944 2614 1283 2693 Pontifex,
1346 2638 1473 2699 quo
1536 2618 1854 2683 efficacior
1915 2622 2087 2682 esset
2147 2617 2402 2699 petitio,
2460 2615 2729 2680 Petrum
2783 2614 2958 2697 Apo-

399 2683 536 2725 '⁸t⁰¹⁰”
651 2714 958 2776 stolorum
1039 2713 1389 2795 principem
1469 2736 1901 2798 prosopopoea
1980 2714 2251 2797 quadam
2329 2735 2461 2775 una
2538 2734 2750 2776 secum
2833 2712 2955 2775 cla·

651 2813 933 2872 mantem
1007 2807 1348 2887 inducen8‚
1421 2809 1601 2874 Petri
1675 2813 1872 2895 ipsius
1941 2811 2204 2875 nomine
2274 2810 2351 2873 ad
2426 2808 2718 2874 eumdem
2784 2808 2958 2891 prin-

650 2906 880 2988 cipem*
922 2905 1172 2969 litteras
1233 2907 1502 2989 scripsit.
1520 2903 1568 2986 2)
1693 2906 2049 2991 Scriptores
2118 2906 2372 2990 quidam
2449 2904 2758 2990 ejusmodi
2827 2904 2959 2987 epi-

653 3003 883 3066 stolam
943 2998 1272 3084 Stephano
1348 2996 1793 3068 vehementius
1868 3004 2367 3087 exprobrarunt,
2444 3025 2515 3066 ac
2573 3003 2627 3064 si
2700 3002 2959 3065 fictione

650 3097 956 3181 Pipinum
1018 3096 1306 3180 decipere
1353 3097 1718 3184 voluerit33)
1781 3101 1921 3176 alii,
1988 3101 2110 3165 etsi
2170 3097 2526 3164 a'fictione
2580 3097 2957 3164 Pontificem

654 3195 1012 3270 vindicant,
1070 3198 1288 3258 tamen
1335 3196 1649 3279 ejusmodi
1698 3197 1902 3261 media
1959 3197 2038 3260 ab
2096 3198 2232 3279 ipso
2278 3195 2569 3260 adhibita
2614 3216 2779 3271 esse,
2838 3196 2958 3258 im-

654 3289 1001 3373 probant.⁴)
1109 3288 1235 3355 Sed
1299 3293 1544 3356 nullam
1603 3316 1677 3357 ea
1737 3296 1805 3357 in
1868 3314 1936 3357 re
1997 3292 2197 3357 fuisse
2252 3293 2575 3356 fictionem
2637 3291 2762 3354 nisi
2815 3291 2955 3354 rhe-

653 3387 922 3451 toricam
967 3409 1080 3470 per
1133 3409 1200 3451 se
1247 3393 1455 3470 patet,
1515 3394 1712 3474 atque
1777 3391 2126 3454 universim
2182 3390 2261 3453 ab
2321 3389 2687 3452 auctoribus
2742 3387 2955 3472 gravi-

653 3485 770 3546 bus
834 3484 1127 3567 agnitum
1196 3483 1342 3548 fuit.
1450 3485 1991 3560 Quemadmodum
2046 3508 2196 3550 vero
2271 3506 2619 3562 censemUS‚
2682 3482 2953 3567 Stepha-

652 3602 803 3643 num
851 3581 917 3642 in
965 3580 1042 3642 iis
1089 3602 1254 3662 quae
1300 3580 1482 3660 fecit,
1539 3587 1612 3645 ut
1657 3582 1857 3647 Italos
1912 3606 1949 3647 a
1996 3582 2337 3665 tyrannide
2389 3580 2953 3665 Longobardorum

651 3677 1005 3741 vindicaret
1054 3682 1119 3740 et
1163 3681 1302 3740 tum
1347 3678 1728 3760 reipublicae
1784 3685 1923 3743 tum
1972 3680 2294 3744 Ecclesiae
2349 3678 2517 3742 bono
2576 3677 2953 3761 provideret,

834 3934 874 3999 1)
914 3934 1040 3987 Cod.
1080 3934 1200 3988 Car.
1241 3951 1322 4002 ep.
1363 3940 1411 3989 9.
1452 3953 1503 4003 p.
1542 3938 1624 3989 50.
1842 3938 1886 4001 ²)
1926 3938 2051 3991 Cod.
2093 3938 2209 3991 Car.
2251 3954 2331 4005 ep.
2372 3941 2455 3991 10.

640 4063 648 4073 ,
830 4012 873 4079 ³)
922 4013 1128 4081 Fleury
1176 4015 1228 4067 h.
1281 4030 1324 4068 e.
1373 4015 1409 4068 1.
1459 4016 1663 4070 XLIII.
1711 4014 1758 4085 ἓ.
1808 4019 1895 4084 14;
1948 4016 2351 4085 GregoroviuS,
2403 4017 2598 4072 Gesch.
2652 4018 2749 4071 der
2794 4017 2956 4071 Stadt

651 4092 808 4156 Rom,
846 4093 918 4145 ΙΙ.
959 4095 1086 4160 3223
1125 4093 1299 4147 Janus
1337 4093 1389 4147 S.
1431 4097 1548 4148 146.

828 4171 872 4239 ⁴)
913 4172 977 4225 V.
1016 4172 1260 4226 Martens
1297 4173 1334 4226 1.
1374 4189 1418 4227 c.
1459 4173 1510 4227 S.
1547 4177 1669 4228 252.
