3270 5028
1049 465 1281 520 Photius
1319 466 1857 534 pseudopatriarcha.
2508 467 2611 516 377

231 613 243 666 l
297 609 548 674 sidente
615 607 929 672 Michaele
993 607 1399 690 Imperatore
1463 604 1735 688 colliqit,
1803 605 2008 687 falsos
2069 603 2360 676 homines
2423 606 2614 686 quasi

299 704 584 770 vicarios
647 704 1067 770 orientalium
1120 703 1370 769 sedium
1427 703 1705 785 format,
1769 705 2174 767 accusatores
2232 701 2615 766 muneribus

245 829 276 853 ⁶
297 806 521 872 armat
566 805 627 866 et
671 800 1025 866 mendaciis
1071 798 1408 874 construit,
1457 802 1645 863 testes
1690 820 1793 863 eos
1838 798 2155 878 adsciscit,
2204 818 2362 880 quos
2406 803 2467 863 et
2512 819 2611 865 ac·

297 903 629 963 cusatores
679 897 957 980 opponit.
1046 896 1314 962 Judices
1367 916 1842 978 nonnunquam
1891 901 1953 960 et
1995 895 2071 960 in
2129 896 2417 961 accusati
2461 917 2610 978 per-

301 1015 530 1060 sonam
561 994 869 1070 admittit,
916 991 1209 1058 eoecessus
1247 993 1558 1075 quosdam
1603 992 1796 1074 quasi
1832 993 2130 1075 praefati
2173 992 2413 1057 summi
2443 992 2611 1057 Pon-

301 1091 497 1173 tificis
538 1091 758 1174 finqit,
801 1090 1130 1173 impinqit,
1177 1095 1238 1154 et
1281 1089 1450 1154 sicut
1484 1090 1799 1172 putabat,
1847 1088 2266 1155 damnatione
2310 1088 2508 1154 simul
2553 1093 2614 1153 et

294 1187 714 1253 anathemate
748 1186 1025 1270 punit.¹)
1080 1224 1168 1234 —
1223 1187 1331 1251 Ita
1371 1189 1593 1251 etiam‘
1623 1189 1966 1270 scriptores
2017 1188 2229 1272 graeci
2268 1210 2322 1252 e.
2369 1208 2430 1270 g.
2480 1186 2612 1251 Me-

303 1286 653 1369 trophanes
706 1295 773 1350 et
814 1284 1079 1350 Nicetas
1132 1287 1324 1350 istam
1380 1285 1696 1367 synodum
1755 1306 1975 1349 revera
2030 1284 2417 1354 celebratam
2474 1305 2612 1347 esse

297 1388 631 1446 enarrant.

481 1478 580 1543 70.
630 1479 932 1555 Quamvis
962 1481 1180 1542 autem
1208 1476 1800 1560 pseudo-synodum
1847 1478 2027 1542 illam
2056 1499 2284 1541 revera
2324 1478 2612 1542 habitam
2643 1475 2931 1577 ngigsffflu·

294 1598 439 1640 esse
486 1597 874 1653 censeamuS,
921 1574 1092 1639 haud
1139 1575 1404 1639 dubium
1451 1582 1578 1651 est,
1626 1575 1844 1657 plures
1890 1575 2099 1657 quoad
2145 1574 2265 1639 hoc
2309 1575 2612 1658 concilia·
2818 1568 2827 1578 ⁶

302 1671 525 1735 bulum
591 1671 810 1736 Photii
870 1671 1066 1735 fuisse
1125 1670 1380 1734 fraudes
1443 1674 1510 1733 et
1567 1671 1876 1736 fictiones
1983 1670 2204 1735 Finxit
2262 1675 2329 1736 in
2394 1672 2637 1736 eadem'

302 1769 958 1851 repraesentationem
1043 1767 1554 1851 patriarcharum
1622 1766 1907 1831 Orientis
1979 1790 2093 1850 per
2167 1769 2612 1852 apocrisiarios

298 1866 468 1929 falso
512 1865 918 1948 substitutos3
971 1863 1222 1927 videtur
1265 1863 1401 1946 ipse
1431 1862 1603 1927 hunc
1651 1862 2080 1927 characterem
2129 1865 2426 1929 tribuisse
2472 1867 2612 1949 qui·

290 1962 576 2036 ,busdam
619 1961 1016 2043 hominibuS,
1072 1961 1313 2024 clericis
1363 1962 1461 2024 vel
1506 1959 1868 2033 monachis,
1929 1961 2126 2044 ipsius
2172 1962 2453 2040 assecliS‚
2502 1963 2613 2045 qui

298 2058 471 2122 forte
529 2080 606 2121 ex
672 2059 864 2123 variis
923 2057 1209 2122 Orientis
1270 2057 1642 2141 regionibus
1701 2056 2263 2142 Constantinopoli
2330 2060 2615 2124 aderant.

301 2153 547 2239 Magna
606 2159 789 2237 parte
854 2154 1087 2218 dixeris
1146 2153 1463 2237 synodum
1522 2153 1938 2235 compositam
2001 2176 2076 2217 ex
2140 2156 2447 2239 episcopis
2502 2158 2609 2239 qui

296 2251 870 2334 Constantinopoli
918 2251 1251 2315 viciniores
1298 2255 1518 2326 erant,
1575 2253 1643 2314 et
1699 2272 1775 2313 ex
1833 2251 2003 2326 aliis⁸
2031 2252 2439 2334 quibusdam,
2503 2255 2610 2336 qui

301 2349 402 2411 uti
446 2349 511 2412 id
558 2352 880 2411 assuetum
931 2352 1100 2423 erat,
1151 2347 1717 2429 Constantinopoli
1761 2348 1842 2412 ob
1888 2349 2151 2432 negotia
2199 2355 2357 2414 tunc
2401 2372 2610 2414 versa·

302 2445 544 2507 bantur
607 2444 900 2527 (σύνοδος
945 2441 1262 2528 ἔνδημος).
1352 2442 1519 2507 Acta
1564 2444 1715 2507 dein
1779 2443 1972 2530 hujus
2029 2446 2286 2528 synodi,
2352 2451 2500 2511 vota
2548 2452 2613 2511 et

293 2542 799 2624 subscriptiones
845 2543 1181 2625 plurimaS,
1238 2543 1373 2624 ipse
1418 2541 1693 2606 Photius
1749 2541 2190 2607 fraudulenter
2238 2546 2612 2628 composuit,

304 2644 378 2702 ut
422 2639 844 2702 conciliabulo
874 2639 1145 2720 speciem
1192 2638 1417 2720 synodi
1451 2639 1899 2703 oecumenicae
1947 2639 2290 2714 tribueret;
2338 2641 2610 2705 subscri·

297 2736 590 2818 ptionem
641 2735 972 2798 Michaelis
1021 2735 1431 2818 Imperatoris
1487 2736 1768 2799 refertur
1821 2737 2484 2819 pseudo-patriarcha
2533 2739 2614 2801 ab

297 2832 439 2913 ipso
502 2831 676 2895 ebrio
738 2832 1118 2908 obtinuisse,
1178 2831 1403 2895 Basilii
1465 2832 2001 2915 subscriptionem
2061 2834 2353 2915 finxisse3
2419 2835 2614 2916 (forte

296 2932 523 2990 tamen
571 2926 844 2991 Basilius
892 2929 1291 3012 subscripsit,
1352 2928 1461 2993 sed
1516 2934 1744 3011 postea
1799 2928 1863 2991 id
1915 2930 2236 2994 inficiatus
2284 2934 2423 3013 est).
2516 2932 2615 2995 Ex

304 3025 656 3087 Anastasio
717 3024 924 3088 adhuc
977 3026 1135 3089 haec
1189 3025 1267 3088 de
1332 3027 1502 3090 illius
1558 3025 1786 3107 synodi
1834 3026 2048 3090 indole
2094 3027 2278 3091 citari
2325 3034 2613 3109 possunt.

317 3117 584 3198 Verum,
631 3121 855 3184 scribit
899 3123 968 3184 in
1018 3121 1232 3185 Praef.
1280 3122 1358 3184 ad
1407 3121 1596 3186 Conc.
1626 3122 1835 3195 VIII..
1885 3121 2006 3186 iste
2049 3122 2374 3204 falsarius
2419 3122 2616 3210 (Pho-

303 3218 459 3296 tius)
506 3216 830 3298 falsorum
875 3238 1250 3282 excessuum
1292 3217 1603 3282 adversus
1648 3217 1987 3298 insontem,
2034 3219 2374 3300 absentem,
2421 3225 2481 3284 et
2510 3220 2612 3286 in-

301 3312 567 3390 victum,
616 3314 980 3406 mendacem
1027 3314 1298 3379 codicem
1345 3314 1666 3397 compilat,
1717 3315 1889 3379 mille
1935 3316 2193 3381 circiter
2237 3317 2613 3383 antistitum

305 3408 808 3492 subscriptiones
861 3411 1071 3493 falsas
1123 3410 1483 3490 interserit,
1541 3411 1669 3476 sibi
1722 3412 1979 3478 nemine
2024 3434 2305 3495 prorsus
2350 3435 2612 3479 consen-

301 3505 505 3570 tiente
547 3507 645 3570 vet
692 3507 1123 3573 conscribente
1169 3528 1249 3572 ea:
1293 3528 1640 3573 numerosa
1687 3508 2128 3592 episcoporum
2175 3511 2612 3587 multitudine,

304 3602 443 3668 nisi
486 3623 618 3668 uno
665 3608 725 3668 et
779 3603 1019 3687 viqinti
1066 3603 1555 3686 praesulibusfl)
1647 3609 1759 3671 An
1807 3607 1961 3671 haec
2013 3610 2276 3672 omnino
2322 3617 2614 3674 accurate

302 3701 475 3765 dicta
519 3702 672 3777 sint,
721 3702 1164 3765 dubitaverim.

485 3799 584 3862 71.
637 3797 862 3862 Basilii
912 3795 1325 3880 Imperatoris
1366 3800 1616 3882 legatus
1672 3804 1893 3882 postea
1946 3801 2065 3862 sub
2110 3799 2440 3864 Hadriano
2490 3801 2613 3866 Ro-

307 3918 473 3958 mam
524 3896 780 3972 missus,
833 3895 1132 3959 Pontifici
1182 3900 1248 3959 et
1292 3896 1536 3979 synodo
1585 3895 1914 3960 Romanae
1960 3897 2245 3961 libellum
2295 3921 2333 3961 a
2378 3897 2612 3963 Photio

297 3995 749 4076 compositum,
807 4015 934 4075 quo
982 3992 1151 4056 Acta
1209 3992 1438 4075 synodi
1495 3993 2028 4070 continebantur,
2093 4001 2160 4057 et
2215 3996 2283 4058 in
2331 3995 2613 4060 archivio

2744 2043 2753 2084 Ξ

490 4201 531 4267 1)
568 4201 633 4254 v.
673 4201 854 4254 Labbc
885 4200 1039 4252 vm.
1079 4202 1197 4253 965.
1414 4199 1459 4266 ²)
1496 4199 1561 4254 V.
1602 4199 1786 4254 Labbe
1824 4201 1860 4255 l.
1901 4218 1945 4255 e·
