3270 5028
650 409 757 461 218
1116 407 1233 460 XV.
1272 407 1356 462 De
1391 406 1628 474 Imperio
1670 410 1725 460 et
1763 406 1829 460 de
1866 405 2117 459 Ecclesia
2155 420 2295 459 saec.
2334 421 2492 459 nono.

653 549 1030 633 principum.
1145 548 1315 613 Jam·
1361 570 1414 613 a.
1478 548 1606 612 876
1674 546 1962 612 Joannes
2029 548 2274 630 plureS.
2316 546 2570 611 nobiles
2636 544 2978 629 Rpmaiios

655 646 738 711 ob
784 647 963 710 varia
1018 646 1288 710 crimina
1342 667 1415 709 ac
1462 644 1974 728 conjurationem
2028 635 2386 725 politicam,
2451 643 2695 707 Romae
2741 648 2976 707 coacta.

312 745 615 788 Diffissulssates
655 743 902 826 synodo
962 743 1032 807 in
1081 742 1342 807 ecclesia
1390 739 1450 806 S.
1497 741 1744 805 Mariae
1801 740 1881 804 ad
1941 738 2267 823 Martyres
2326 739 2675 819 damnavit.
2776 737 2977 803 Inter

392 808 569 850 mma&
655 861 762 904 eos
827 844 1243 903 recensentur
1311 838 1657 923 Gregorius
1724 836 2212 916 Nomenclator,
2285 835 2650 921 Stephanus
2718 835 2970 903 Secun-

653 935 954 1012 diceriuS,
1019 934 1334 1020 Georgius
1385 934 1678 1019 Gregorii
1742 934 2069 1031 cpjusdam
2126 932 2482 998 Primicerii
2544 933 2713 997 filius
2727 981 2745 1011 ,
2812 932 2970 998 Ser-

649 1032 791 1117 gius
858 1033 1168 1116 magister
1236 1033 1512 1096 militum
1584 1035 1650 1095 et
1714 1053 1793 1095 ex
1862 1052 2061 1094 uxore
2121 1028 2389 1096 Nicolao
2448 1028 2751 1094 Pontifici
2821 1031 2966 1094 affi-

650 1130 781 1204 niS,
845 1137 910 1193 et
957 1128 1346 1193 Constantia
1393 1127 1687 1212 Gregorii
1735 1126 2252 1192 Nomenclatoris
2307 1127 2458 1192 filia.
2561 1127 2708 1192 Jam
2755 1126 2967 1192 Roma

646 1247 871 1290 omnes
946 1225 1054 1288 isti
1132 1225 1585 1302 discesserant,
1666 1246 1738 1288 ac
1805 1224 1846 1289 J
1851 1245 2092 1290 oannes
2156 1223 2340 1289 VIII.
2417 1246 2553 1303 eOS,
2629 1225 2755 1289 nisi
2828 1228 2964 1288 sta-

651 1325 798 1385 tuta
859 1321 959 1385 die
1028 1319 1179 1385 Sedi
1248 1322 1662 1404 Apostolicae
1729 1342 1796 1384 se
1869 1320 2173 1385 sisterent
2240 1323 2558 1385 rationem
2626 1321 2962 1398 reddituri,

644 1441 687 1481 a
761 1419 1210 1483 communione
1276 1418 1628 1482 christiana
1697 1417 2065 1500 suspendit,
2144 1417 2525 1502 litterasque
2596 1418 2672 1481 de
2738 1440 2959 1483 eornm

644 1515 1062 1579 damnatione
1125 1514 1302 1579 misit
1361 1514 1427 1578 in
1488 1514 1767 1579 Galliam
1827 1520 1894 1577 et
1949 1513 2381 1580 Germaniam.
2473 1514 2692 1579 Etiam
2748 1521 2962 1580 motus

650 1611 941 1694 politicos
1016 1614 1244 1675 contra
1307 1610 1610 1675 Carolum
1674 1610 1940 1675 Calvum
2005 1616 2200 1694 atque
2237 1610 2330 1674 .in
2395 1612 2677 1676 favorem
2742 1611 2962 1677 Ludo-

648 1709 769 1772 vici
835 1706 1198 1772 Germanici
1261 1708 1356 1771 illi
1424 1708 1895 1783 excitaverant,
1972 1706 2202 1791 hisque
2267 1708 2542 1772 motibus
2608 1706 2959 1791 implexum

648 1803 843 1868 fuisse
913 1803 1146 1867 dixeris
1214 1802 1600 1890 Fgrjmosum
1667 1806 2031 1888 episcopum
2100 1804 2522 1868 Portuensem
2591 1826 2664 1879 ac
2737 1809 2963 1888 postea

552 1894 559 1899 ⁴
648 1898 1052 1965 Pontificem.
1170 1901 1297 1966 Hic
1363 1902 1433 1964 in
1504 1923 1578 1965 ea
1651 1901 1894 1985 synodo
1967 1899 2296 1983 depositus
2360 1906 2484 1977 est,
2561 1907 2629 1965 et
2704 1906 2963 1984 praeter

643 1997 776 2061 alia
821 1998 1060 2060 motiva
1114 1998 1535 2081 depositionis
1591 2003 1658 2061 et
1721 1997 2273 2062 condemnationis
2319 1997 2515 2080 ipsius
2570 1998 2730 2062 illud
2776 1998 2959 2063 affer-

649 2100 783 2170 tur,
849 2092 1016 2177 quod
1072 2095 1212 2158 sine
1263 2094 1528 2159 licentia
1579 2093 1914 2158 Pontificis
1971 2094 2327 2158 deseruerit
2385 2095 2709 2178 propriam
2764 2095 2962 2159 eccle-

486 2128 834 2414 )s'Nsiam,
911 2192 993 2254 ab
1059 2190 1233 2255 Urbe
1306 2190 1696 2268 discesserit,
1772 2200 1838 2254 et
1914 2195 2141 2255 contra
2216 2192 2486 2255 salutem
2565 2190 2958 2274 reipublicae

550 2278 561 2291 ’
641 2289 714 2349 et
773 2285 1185 2369 Imperatoris
1247 2309 1389 2352 cum
1449 2287 1581 2350 suis
1646 2287 2009 2353 fautoribus
2073 2288 2552 2371 conspiraverit.
2642 2287 2959 2371 Reliquae

644 2383 1081 2448 accusationes
1140 2385 1210 2447 in
1282 2405 1425 2447 eum
1495 2385 1668 2447 latae
1731 2384 1903 2448 haud
1973 2384 2281 2449 fundatae
2339 2384 2669 2467 videntur,
2743 2387 2810 2448 et
2878 2405 2960 2447 ex

647 2501 859 2545 errore
906 2481 1008 2546 vel
1064 2481 1244 2546 falsis
1298 2480 1721 2545 relationibus
1777 2485 1985 2557 ortae3
2048 2482 2207 2546 alias
2263 2476 2398 2546 ista
2436 2481 2512 2546 de
2579 2480 2961 2565 quaestione

640 2598 932 2661 agemus.

825 2675 926 2738 61.
995 2675 1204 2751 Quum
1254 2672 1566 2760 'Saraceni
1629 2674 1886 2740 tristem
1951 2676 2020 2738 in
2082 2675 2339 2739 modum
2403 2674 2631 2739 Italiae
2695 2678 2960 2760 provin-

639 2771 774 2834 cias
834 2775 1198 2846 vastarent,
1261 2777 1327 2835 et
1378 2759 1525 2835 {irbi
1574 2770 1821 2836 Romae
1879 2772 2187 2836 continuo
2247 2770 2736 2848 minitarentur,
2793 2772 2960 2838 varii

645 2867 963 2952 principes
1018 2867 1245 2931 Italiae
1308 2868 1511 2952 magis
1575 2867 1996 2933 stabiliendae
2061 2869 2353 2951 propriae
2416 2867 2961 2950 independentiae

640 2969 712 3029 *et
779 2963 1089 3048 augendis
1159 2964 1543 3042 ditionibus,
1618 2986 1816 3049 quam
1881 2964 2160 3049 gerendo
2229 2964 2395 3028 bello
2464 2970 2691 3029 contra
2761 2962 2959 3029 Sara-

636 3083 833 3126 cenos
891 3061 1164 3138 intenti,
1230 3083 1373 3125 cum
1433 3061 1532 3125 his
1593 3062 1854 3126 foedera
1908 3061 2193 3141 inibant,
2256 3066 2321 3125 et
2372 3060 2615 3126 Joanni
2666 3059 2960 3126 Romano

646 3158 974 3234 Pontifici,
1033 3159 1145 3242 qui
1192 3158 1438 3223 frustra
1485 3180 1708 3222 omnes
1767 3158 2086 3241 principes
2128 3158 2207 3221 ad
2252 3157 2689 3240 reprimendos
2736 3157 2958 3222 hostes

637 3256 1036 3338 conjungere
1094 3254 1458 3331 nitebatur,
1523 3276 1869 3319 aerumnas
1926 3254 2137 3337 potius
2196 3276 2386 3338 quam
2442 3255 2743 3318 solatium
2800 3275 2959 3319 con-

640 3351 948 3416 citarunt.
1055 3351 1353 3427 Quinimo
1416 3349 1804 3416 Lambertus
1868 3350 1996 3415 dux
2062 3349 2447 3435 Spoletanus
2511 3354 2577 3414 et
2639 3351 2955 3417 Adalber-

636 3451 747 3510 tus
792 3447 1077 3510 marchio
1121 3446 1406 3520 Tusciae,
1455 3448 1564 3529 qui
1610 3446 1911 3512 factionis
1960 3446 2375 3512 Germanicae
2420 3452 2636 3531 partes
2679 3447 2957 3513 tueban—

639 3549 770 3620 tur,
820 3547 1066 3607 armata
1123 3564 1316 3605 manu
1376 3562 1598 3626 agrum
1646 3542 2008 3607 Romanum
2057 3543 2349 3626 praedati
2393 3548 2577 3620 sunt,
2637 3549 2702 3608 et
2748 3545 2958 3627 specie

644 3639 1051 3723 protectionis
1097 3639 1319 3702 urbem
1354 3638 1646 3722 ingressi,
1694 3640 2202 3704 dominationem
2248 3639 2612 3703 ambierunt
2658 3644 2724 3704 et
2751 3640 2956 3705 Joan-

641 3758 789 3800 nem
849 3734 1030 3799 VIII.
1106 3736 1361 3820 injuriis
1425 3736 1792 3800 affecerunt.
1905 3735 2146 3820 Magna
2205 3737 2580 3802 constantia
2641 3735 2955 3802 Pontifex

636 3834 732 3897 eis
778 3832 1049 3910 restitit,
1109 3853 1433 3915 quumque
1490 3832 1748 3898 infectis
1803 3832 1992 3896 rebus
2052 3832 2303 3896 demum
2354 3825 2597 3897 Urbem
2656 3834 2955 3917 reliquis·

635 3933 818 4008 sent,
879 3951 983 3994 eos
1040 3929 1614 3993 excommunicavit
1672 3952 1817 3993 cum
1876 3928 2286 4011 complicibus
2341 3929 2643 4012 ipsorum.
2743 3929 2953 4006 Quum

641 4048 791 4091 vero
862 4048 1040 4089 arma
1108 4028 1330 4090 contra
1387 4023 1767 4089 Pontificem
1836 4031 2169 4108 pararent,
2245 4026 2380 4109 ipse
2458 4026 2692 4109 itinere
2759 4028 2958 4091 mari-

636 4123 800 4188 timo
865 4124 944 4187 ad
1003 4118 1474 4205 implorandum
1541 4143 1764 4206 regum
1827 4121 2218 4185 Francorum
2280 4122 2591 4186 auxilium
2662 4124 2729 4188 in
2794 4122 2953 4187 Gal-
