3270 5028
330 2121 604 2174 Explicatur.

648 452 750 503 182
1190 449 1274 502 De
1311 447 1545 515 Imperio
1585 452 1642 501 et
1678 449 1745 502 de
1781 447 2031 503 Ecclesia
2068 464 2207 502 saec.
2246 464 2404 503 non0.

644 590 803 653 toris
852 590 1109 654 nomine
1168 590 1293 654 toti
1355 589 1623 673 imperio
1683 589 2022 667 darentur,
2089 594 2154 653 et
2208 590 2261 654 si
2312 591 2479 654 alter
2540 591 2680 655 sine
2734 591 2958 654 liberis

645 685 1019 759 decedebat,
1084 686 1164 749 ad
1228 686 1501 750 alterum
1573 687 1775 750 totins
1832 686 2090 769 Imperii
2156 687 2542 770 gubernatio
2613 694 2680 752 et
2744 687 2955 771 provi·

645 783 869 847 dentia
924 783 1296 866 pertineret.
1389 783 1696 859 Quocirca
1743 783 1983 847 Paulus
2033 782 2295 848 Orosius
2342 785 2383 850 1.
2434 784 2470 846 7
2518 785 2775 861 scribit,
2830 784 2954 848 Ar-

645 881 823 946 cadio
904 878 1221 956 OrientiS,
1296 879 1588 943 Honorio
1669 879 2032 945 Occidentis
2105 882 2465 963 provincias
2537 881 2958 965 gubernanti-

644 978 794 1053 bus,
853 997 1189 1041 commune
1233 975 1617 1059 Imperium,
1683 976 1901 1041 divisis
1947 980 2207 1039 tantum
2254 978 2534 1056 sedibus,
2600 978 2825 1041 fuisse:
2884 983 2954 1041 at

643 1080 791 1158 post
852 1078 1141 1157 tempora
1199 1071 1411 1136 Caroli
1476 1071 1563 1135 M.
1645 1095 1853 1157 neque
1921 1073 2096 1158 leges
2168 1096 2206 1137 a
2269 1073 2507 1139 Latino
2579 1074 2952 1158 Graecoque

645 1171 1039 1255 Imperatore
1100 1168 1524 1233 communiter
1582 1169 1753 1234 latae
1809 1176 1992 1248 sunt,
2050 1192 2260 1255 neque
2320 1171 2617 1254 deinceps
2664 1192 2951 1254 unquam

645 1273 758 1332 aut
818 1265 1098 1331 Latinus
1160 1265 1487 1331 Orientem
1554 1270 1671 1330 aut
1728 1266 2011 1333 Graecus
2076 1266 2485 1333 Occidentem
2546 1268 2953 1352 gubernavit.

645 1366 989 1441 Quaeritur
1036 1363 1267 1445 igitur,
1332 1363 1631 1446 quisnam
1699 1363 1889 1447 hujus
1947 1364 2394 1428 translationis
2451 1368 2673 1428 auctor
2732 1363 2951 1442 fuerit,

644 1463 910 1548 quisque
974 1458 1202 1523 Carolo
1263 1457 1505 1542 Magno
1569 1480 1645 1522 ac
1696 1460 2161 1524 successoribus
2225 1463 2362 1545 ejus
2419 1483 2684 1536 nomen,
2744 1461 2952 1544 digni-

642 1565 880 1635 tatem,
958 1579 1030 1621 ac
1106 1560 1493 1639 potestatem
1552 1556 1966 1639 Imperatoris
2032 1556 2465 1621 Romanorum
2532 1579 2604 1620 ac
2665 1556 2953 1621 Caesaris

644 1654 928 1739 Augusti
974 1654 1041 1716 in
1076 1652 1424 1717 Occidente
1470 1653 1794 1717 tribuerit.
1871 1653 2350 1736 Respondemus
2395 1654 2461 1718 id
2501 1653 2672 1736 quod
2717 1654 2955 1718 clamat

647 1773 998 1817 consensus
1063 1751 1349 1814 omnium
1387 1750 1719 1833 gentium,
1780 1748 2068 1813 Leonem
2121 1749 2241 1814 ΙΙΙ.
2305 1750 2683 1815 Pontificem
2743 1749 2948 1814 Maxi·

646 1871 816 1912 mum
867 1852 982 1911 aut
1013 1850 1220 1911 solum
1268 1851 1383 1909 aut
1417 1847 1829 1929 praecipuum
1863 1850 1928 1909 et
1973 1837 2346 1929 primarium
2387 1851 2711 1911 auctorem
2757 1846 2951 1931 hujus

643 1944 1094 2009 translationis
1141 1943 1380 2007 fuisse?
1388 1940 1462 2025 ‘¹)

827 2099 928 2162 17.
1005 2098 1154 2161 Alio
1221 2100 1387 2162 loco:
1454 2099 1634 2193 „Nec
1705 2100 2128 2181 affirmamuS‚
2205 2099 2429 2164 scribit
2496 2098 2952 2180 Bellarminus,

648 2199 929 2263 Leonem
975 2195 1352 2260 Pontificem
1396 2190 1591 2260 armis
1638 2196 1977 2280 Imperium
2027 2195 2104 2260 de
2151 2219 2349 2260 manu
2395 2196 2779 2261 Graecorum
2829 2200 2951 2261 eri-

644 2295 887 2378 puisse,
937 2315 1009 2357 ac
1055 2293 1282 2356 deinde
1327 2294 1417 2357 sic
1461 2302 1720 2375 partum
1767 2296 1832 2356 et
1879 2294 2262 2376 acquisitum
2311 2291 2536 2358 Carolo
2584 2293 2948 2369 donavisse3

644 2391 828 2456 sed
841 2413 914 2454 us
981 2391 1190 2472 ipsum
1251 2390 1416 2472 quod
1480 2388 1759 2453 Graecus
1813 2388 2171 2471 Imperator
2228 2390 2297 2453 in
2361 2391 2719 2473 provincias
2775 2389 2953 2454 Occi-

644 2488 919 2554 dentahs
964 2480 1228 2570 Imperii
1275 2486 1583 2562 habebat,
1648 2507 1900 2551 necnon
1948 2487 2202 2567 titulos,
2262 2485 2564 2564 honores,
2620 2509 2693 2552 ac
2736 2488 2949 2570 digni-

642 2592 812 2651 tates
860 2585 1307 2669 Augustorum
1354 2606 1391 2645 a
1439 2583 1658 2646 Leone
1706 2582 2020 2647 Pontifice
2070 2582 2299 2648 Carolo
2355 2584 2715 2667 impertitas
2781 2607 2950 2648 asse-

642 2685 861 2747 rimus,
953 2682 1093 2758 Qua
1157 2680 1730 2746 communicatione
1787 2680 2033 2743 factum
2093 2685 2223 2753 est,
2294 2684 2367 2744 ut
2419 2680 2682 2745 Carolus
2746 2685 2811 2745 et
2875 2704 2952 2745 ea

642 2801 805 2864 quae
849 2780 1019 2843 bello
1069 2776 1189 2840 sibi
1235 2781 1569 2859 pepererat
1607 2778 1790 2860 justo
1853 2778 2043 2841 titulo
2098 2781 2172 2840 ut
2216 2777 2544 2860 legitimus
2593 2777 2953 2861 Imperator

643 2875 1023 2959 possideret,
1085 2879 1149 2938 et
1197 2874 1303 2957 jus
1358 2873 1514 2937 item
1561 2873 1830 2938 haberet
1888 2874 1966 2937 ad
2013 2897 2089 2938 ea
2135 2873 2566 2956 recuperanda
2612 2896 2774 2958 quae
2822 2874 2949 2939 Ro-

642 2973 819 3036 mani
860 2970 1278 3055 Imperatoris
1332 2975 1484 3034 ante
1542 2967 1936 3054 fuissent.“²)
2030 2969 2277 3034 Ultima
2334 2971 2692 3035 accuratius
2755 2971 2949 3053 expli-

643 3074 746 3133 cat
810 3069 1108 3145 inferius,
1179 3067 1326 3130 dum
1397 3067 1703 3144 advertit,
1774 3065 2110 3144 „Carolum
2170 3066 2255 3129 M.
2324 3072 2477 3130 ante
2538 3065 2772 3132 Leonis
2827 3066 2948 3131 ΙΙΙ.

644 3165 1104 3230 Pontificatum
1161 3165 1340 3248 justo
1388 3164 1558 3229 bello
1622 3185 1961 3245 occupasse
2022 3184 2094 3226 ac
2155 3164 2435 3227 tenuisse
2497 3187 2628 3228 non
2694 3163 2948 3247 quidem

642 3263 1012 3326 universum
1062 3312 1075 3326 .
1112 3312 1124 3325 .
1159 3308 1173 3324 .
1225 3259 1589 3324 Occidentis
1633 3259 2013 3342 Imperium,
2062 3309 2076 3323 .
2115 3308 2129 3324 .
2165 3310 2178 3323 .
2225 3260 2337 3323 sed
2382 3281 2684 3344 magnam
2730 3267 2951 3325 tamen

644 3361 782 3443 ejus
829 3363 1097 3441 partem.
1147 3407 1161 3421 .
1210 3408 1225 3423 .
1275 3407 1288 3421 .
1340 3357 1678 3421 Caeterum
1740 3379 1816 3420 ea
1871 3358 2009 3440 ipsa
2063 3356 2200 3420 loca
2259 3379 2390 3420 non
2440 3358 2589 3440 jure
2637 3356 2949 3432 CaesariS,

642 3453 751 3518 sed
816 3455 1050 3537 partim
1103 3456 1249 3536 jure
1306 3453 1476 3537 regis
1533 3454 1772 3535 partim
1830 3455 1974 3536 jure
2035 3454 2303 3537 patricio
2372 3452 2669 3518 Carolum
2732 3475 2950 3536 posse-

644 3551 826 3616 disse.
919 3548 994 3612 Id
1039 3549 1242 3634 igitur
1282 3548 1541 3632 Imperii
1588 3550 1929 3613 translatio
1979 3551 2217 3628 effecit,
2270 3553 2344 3613 ut
2391 3549 2656 3614 Carolus
2702 3548 2790 3614 M.
2836 3549 2950 3614 illa

642 3648 779 3730 ipsa
838 3668 1003 3730 quae
1053 3648 1189 3729 jam
1246 3645 1554 3723 habebat,
1621 3668 1749 3709 non
1813 3651 2067 3710 tantum
2133 3654 2205 3712 ut
2253 3647 2392 3711 Rex
2453 3651 2565 3711 aut
2615 3646 2949 3724 Patricius,

644 3743 753 3807 sed
823 3752 893 3808 ut
962 3764 1149 3807 verus
1208 3741 1568 3826 Imperator
1640 3750 1706 3807 et
1772 3745 2101 3827 Augustus
2170 3745 2506 3821 retineret,
2581 3749 2783 3827 utque
2840 3744 2954 3826 jus

643 3839 909 3905 haberet
972 3839 1051 3903 ad
1111 3840 1270 3904 alias
1330 3841 1487 3903 item
1551 3841 1941 3922 provincias,
2004 3862 2162 3924 quas
2222 3841 2631 3905 occidentalis
2690 3840 2950 3922 Imperii

645 3936 836 4001 fuisse
884 3940 1080 4020 atque
1126 3937 1362 4020 injuria
1410 3938 1491 4001 ab
1537 3937 1681 4000 aliis
1731 3943 2073 4019 occupatas
2132 3959 2267 4001 esse
2314 3941 2664 4012 constaret3
2718 3941 2794 4000 ut
2838 3937 2951 3999 de-

829 4179 870 4244 1)
906 4177 969 4232 L.
1009 4195 1052 4232 c.
1092 4178 1208 4232 Lib.
1249 4180 1293 4234 I.
1333 4196 1375 4232 c.
1413 4182 1463 4232 4.
1830 4134 1833 4139 Ι
2104 4178 2146 4245 2)
2183 4178 2321 4232 Ibid.
2361 4195 2406 4233 c.
2446 4182 2495 4233 7.
