3270 5028
682 421 784 473 146
1203 422 1352 476 XIV.
1390 423 1474 477 De
1512 422 1663 477 civili
1699 423 1765 477 R.
1803 423 2089 478 Pontificis
2126 423 2452 493 principatu.

678 562 846 627 deris
890 563 1320 628 roborationis
1373 565 1661 643 firmare,
1718 570 2036 647 quantum
2090 588 2157 630 se
2203 567 2495 649 plurimis
2548 568 2989 634 tribulationi-

676 659 798 723 bus
860 663 1118 724 auctum
1181 660 1334 725 hinc
1391 662 1541 726 inde
1605 663 1771 725 circa
1828 662 2229 727 vicinitatem
2292 685 2474 727 suam
2539 660 2987 750 perferebatst)

673 753 888 839 Igitur
930 778 1044 839 per
1082 757 1368 841 legatum
1416 758 1699 843 ejusdem
1728 760 2133 842 imperatoris
2179 760 2438 824 nomine
2472 760 2728 826 Marino
2776 767 2990 827 utrae-

674 874 798 935 que
851 850 1054 917 Nobis
1116 855 1427 936 epistolae
1491 855 1746 919 oblatae
1804 860 1988 919 sunt:
2050 856 2316 939 insuper
2377 857 2573 921 etiam
2626 857 2987 941 Apostolici

673 950 944 1033 epistola
1002 950 1072 1013 in
1135 973 1261 1034 qua
1319 952 1698 1016 continebat
1754 973 1826 1015 ac
1879 951 2168 1015 insinuat
2222 959 2565 1037 praecepta
2611 955 2730 1020 Dei
2779 958 2987 1020 omni-

670 1048 957 1131 potentis
1004 1047 1268 1131 ejusque
1313 1048 1603 1113 coelestis
1642 1049 1949 1132 janitoris
1993 1049 2214 1133 magni
2258 1051 2529 1132 apostoli
2568 1050 2764 1132 Petri,
2809 1055 2984 1117 inter

668 1132 764 1209 illi
806 1143 1139 1226 pacificum
1174 1166 1287 1208 nos
1328 1144 1611 1229 adusque
1648 1144 2058 1228 properandi,
2105 1167 2233 1229 qua
2271 1145 2778 1230 parcisemuS.“²)
2852 1148 2981 1214 Ex-

668 1240 936 1323 ponitur
994 1261 1216 1322 porro,
1282 1263 1421 1305 cum
1478 1240 1824 1325 Aistulpho
1887 1239 2456 1324 Longobardorum
2522 1265 2675 1328 rege
2737 1245 2981 1309 frustra

666 1337 744 1400 de
789 1358 942 1419 pace
988 1340 1336 1400 tractatum
1385 1358 1553 1414 esse,
1616 1337 1997 1402 Pontificem
2039 1359 2188 1401 vero
2238 1340 2378 1422 regi
2423 1341 2841 1423 supplicasse,
2902 1347 2979 1406 ut

657 1435 794 1518 jam
859 1434 1055 1496 armis
1122 1433 1421 1496 ecclesiae
1484 1433 1820 1499 Romanae
1894 1434 2282 1500 subveniret.
2397 1435 2567 1500 Hinc
2639 1434 2976 1520 procerum

666 1533 1053 1594 conventum
1116 1533 1264 1611 post
1327 1534 1582 1594 octavas
1646 1529 1932 1595 Paschae
1991 1537 2407 1596 convocatum
2474 1533 2692 1598 fuisse.
2802 1533 2974 1598 Dein

663 1627 958 1711 sequitur
1020 1626 1155 1710 ipsa
1215 1627 1566 1709 promissio.
1683 1627 2013 1712 „Cumque
2070 1630 2321 1712 jussum
2389 1633 2684 1693 nostrum
2749 1630 2976 1694 fuisset

663 1723 999 1807 impletum
1058 1727 1123 1786 et
1181 1744 1402 1795 omnes
1464 1723 1684 1786 eadem
1738 1724 1840 1787 die
1898 1745 2112 1788 coram
2157 1722 2360 1788 Nobis
2417 1725 2784 1804 adstarent,
2843 1730 2974 1791 sta-

661 1822 902 1886 tuimus
949 1842 1092 1884 cum
1139 1841 1452 1884 consensu
1501 1825 1565 1884 et
1613 1823 1888 1885 clamore
1934 1819 2241 1895 omnium,
2289 1824 2364 1882 ut
2411 1820 2529 1885 III.
2579 1821 2724 1886 Kal.
2769 1821 2971 1907 Maja-

662 1940 804 1982 rum
867 1918 936 1980 in
998 1914 1236 1980 Christi
1301 1918 1561 1981 nomine
1624 1916 2048 1981 hostilitatem
2115 1914 2702 2000 Longombardiam
2767 1919 2970 1983 addis-

661 2036 902 2096 semus;
965 2013 1082 2076 sub
1127 2014 1276 2092 hoc,
1337 2013 1507 2096 quod
1552 2035 1669 2097 pro
1713 2012 2027 2096 pactionis
2072 2012 2356 2091 foedere,
2415 2036 2527 2096 per
2572 2015 2737 2097 quod
2785 2016 2968 2099 polli-

662 2113 862 2176 cimus
923 2114 988 2173 et
1047 2110 1461 2193 spondemuS,
1524 2112 1644 2175 tibi
1704 2109 2067 2173 beatissimo
2120 2108 2347 2186 Petro,
2407 2111 2723 2195 clavigero
2782 2113 2968 2197 regni

661 2207 950 2275 coelestis
998 2211 1062 2270 et
1106 2207 1380 2290 principi
1427 2208 1879 2291 apostolorum,
1923 2209 1989 2269 et
2032 2227 2148 2288 pro
2193 2210 2259 2271 te
2297 2205 2446 2270 huic
2493 2208 2661 2272 almo
2708 2207 2965 2274 Vicario

659 2311 772 2371 tuo
828 2302 1186 2386 Stephano,
1251 2304 1634 2388 egregioque
1695 2303 1911 2385 Papae
1975 2324 2352 2387 summoque
2397 2302 2730 2383 Pontifici,
2798 2307 2967 2389 ejus·

661 2422 783 2485 que
837 2399 1302 2464 successoribus
1363 2422 1560 2483 usque
1621 2401 1688 2464 in
1736 2401 1931 2464 finem
1987 2400 2255 2475 saeculi,
2306 2421 2419 2482 per
2469 2423 2855 2465 consensum
2900 2408 2969 2466 et

658 2498 1062 2563 voluntatem
1109 2497 1396 2561 omnium
1443 2496 1830 2581 Imperator,
1880 2494 2073 2580 (forte
2121 2493 2591 2578 episcoporum)
2637 2498 2963 2579 abbatum,

656 2596 920 2670 ducum,
983 2594 1285 2657 comitum
1334 2592 1759 2671 Francorum,
1818 2593 1990 2678 quod
2044 2594 2098 2656 si
2147 2593 2463 2658 Dominus
2512 2594 2685 2658 Deus
2745 2600 2967 2660 noster

653 2714 769 2776 pro
815 2691 946 2755 suis
995 2691 1239 2755 meritis
1295 2691 1615 2774 sacrisque
1672 2690 1965 2773 precibus
2009 2690 2284 2754 victores
2341 2712 2460 2755 nos
2515 2691 2587 2755 in
2642 2698 2839 2775 gente
2897 2697 2964 2756 et

651 2810 850 2873 regno
885 2785 1452 2871 Longobardorum
1500 2808 1637 2850 esse
1683 2787 2114 2867 constituerit,
2161 2808 2383 2850 omnes
2425 2787 2721 2853 civitates
2768 2792 2965 2872 atque

652 2887 883 2950 ducata
942 2905 1055 2947 seu
1111 2888 1349 2958 castra,
1412 2883 1628 2967 sicque
1683 2883 1947 2947 insimul
2009 2905 2152 2947 cum
2212 2883 2562 2948 exarchatu
2623 2884 2962 2948 Ravenna-

651 2989 819 3061 tum,
888 3002 1142 3045 necnon
1216 2985 1281 3043 et
1338 2981 1583 3057 omnia,
1656 3002 1820 3064 quae
1887 2980 2134 3063 pridem
2198 2984 2299 3045 tot
2365 3002 2481 3064 per
2546 2981 2959 3065 imperatores

650 3079 845 3162 (forte
909 3076 1409 3159 imperatorum)
1488 3076 1866 3161 largitiones
1938 3077 2377 3141 subsistebant
2453 3078 2711 3156 ditioni,
2790 3077 2960 3163 quod

649 3176 1016 3260 specialiter
1089 3174 1360 3238 inferius
1434 3195 1550 3256 per
1623 3173 1965 3239 adnotatos
2040 3174 2199 3238 fines
2275 3174 2473 3239 fuerit
2548 3175 2961 3257 declaratum,

648 3273 863 3339 omnia
921 3294 1085 3356 quae
1141 3271 1315 3334 infra
1376 3271 1549 3354 ipsos
1615 3271 1776 3334 fines
1838 3270 2086 3335 fuerint
2147 3272 2282 3335 ullo
2349 3271 2536 3335 modo
2601 3272 2960 3335 constituta

648 3372 747 3434 vel
817 3372 1102 3452 reperta,
1180 3390 1346 3452 quae
1420 3369 1822 3452 iniquissima
1892 3366 2461 3452 Longobardorum
2538 3367 2956 3451 generatione

643 3468 1008 3544 devastata,
1088 3465 1343 3541 invasa,
1429 3466 1759 3529 subtracta
1833 3465 2156 3528 ullatenus
2238 3466 2523 3529 alienata
2596 3466 2783 3541 sunt,
2861 3461 2956 3526 Te

824 3692 865 3761 ²)
906 3694 1140 3746 Textum
1185 3692 1427 3745 Martens
1476 3690 1559 3744 ita
1596 3689 1854 3758 corrigit:
1909 3690 2082 3759 „quod
2130 3690 2305 3745 eidem
2341 3688 2603 3743 Pontifici
2641 3702 2954 3742 concessam

646 3772 872 3826 haberet
906 3769 1188 3824 licentiam
1227 3768 1523 3823 amicitiam
1560 3768 1842 3822 nobiscum
1882 3769 2218 3834 contrahere,
2259 3775 2315 3822 et
2352 3772 2577 3821 sanctae
2617 3781 2748 3820 suae
2785 3766 2954 3821 eccle·

646 3852 760 3905 siae
808 3848 1128 3915 senatuique
1166 3848 1411 3902 Romano
1458 3855 1622 3913 atque
1668 3853 1861 3901 cuncto
1908 3841 2229 3901 exarchatui
2265 3846 2461 3899 Italico
2510 3844 2596 3898 illi
2645 3843 2953 3913 subjacenti

643 3934 992 3999 patronatum
1040 3926 1274 3982 foederis
1311 3926 1660 3980 roboratione
1695 3925 1940 3991 firmare,
1991 3925 2203 3992 quando
2240 3924 2625 3979 tribulationes
2661 3923 2790 3977 hinc
2825 3923 2952 3978 inde

644 4010 787 4064 circa
822 4008 1165 4063 vicinitatem
1202 4021 1355 4059 suam
1389 4004 1712 4072 perferret.“

819 4086 862 4155 ²)
899 4088 1142 4140 Martens
1183 4084 1414 4153 corrigit
1450 4084 1554 4137 itax
1597 4085 1778 4152 „inter
1813 4083 1939 4137 illos
1965 4097 2064 4136 nos
2101 4081 2325 4150 pacifice
2365 4081 2647 4150 operandi,
2685 4081 2742 4135 in
2779 4096 2952 4149 quan-

642 4175 759 4222 tum
793 4162 1214 4235 potuissemuS.“
