3270 5028
1168 418 1466 473 Concilium
1503 419 1804 474 Nicaenum
1839 420 1912 473 II.
2058 421 2064 434 “
2622 422 2692 475 55

377 560 779 645 quaesierint
824 585 861 625 a
907 560 1170 625 Tarasio
1218 568 1284 625 et
1337 584 1373 625 a
1420 559 1733 638 Concili0,
1792 584 1877 625 an
1923 562 2364 626 consentirent
2417 562 2514 625 illi
2558 562 2691 646 epi-

376 657 616 732 stolae;
688 661 753 722 et
817 658 1012 722 citato
1073 656 1323 722 Tarasii
1383 680 1692 741 responso
1757 657 2066 724 advertit:
2134 659 2368 736 „Ainsi
2430 657 2691 723 Taraise

375 757 524 818 tout
590 777 670 818 en
729 755 1129 838 proclamant
1192 755 1253 819 la
1308 756 1486 838 juste
1550 755 1864 820 auctorite
1920 755 1997 819 de
2058 754 2319 839 l’Eglise
2384 755 2692 831 romaine‚

376 853 600 915 centre
661 850 739 914 de
796 849 1021 915 l'unite
1092 850 1488 936 catholique,
1552 851 1802 916 declare
1861 853 2268 930 hautement,
2348 849 2512 936 qu'il
2580 852 2692 916 ad-

380 947 535 1011 here
599 951 636 1010 a
696 949 758 1012 la
818 949 1015 1012 lettre
1074 947 1385 1012 d'Adrien
1434 970 1621 1031 parce
1665 947 1818 1032 qu'il
1878 949 1961 1013 l'a
2021 950 2353 1014 examinee
2415 957 2481 1014 et
2540 949 2693 1014 s'est

375 1044 734 1109 couvaincu
786 1067 910 1130 que
968 1046 1031 1108 la
1091 1045 1380 1109 doctrine
1438 1044 1668 1130 qu’elle
1726 1048 2048 1111 renferme
2108 1051 2207 1110 est
2267 1046 2594 1111 conforme
2654 1049 2690 1109 a

375 1141 538 1205 celle
587 1142 664 1206 de
707 1139 1046 1206 l’Ecriture
1094 1147 1159 1205 et
1206 1142 1282 1206 de
1327 1143 1392 1205 la
1435 1142 1809 1207 tradition.“
1856 1178 1943 1188 —
1989 1141 2499 1209 Commemorata
2544 1143 2689 1207 dein

376 1240 740 1320 spontanea
804 1238 1184 1303 adhaesione
1242 1237 1513 1322 Synodi,
1591 1237 1817 1303 Illmus
1883 1245 2106 1305 auctor
2167 1240 2407 1323 pergit:
2485 1239 2692 1319 „Mais

374 1356 542 1418 pour
587 1334 748 1399 faire
794 1337 1033 1400 eclater
1078 1358 1148 1400 ce
1195 1341 1689 1401 consentement
1733 1336 1924 1401 d'une
1961 1336 2249 1400 maniere
2294 1336 2438 1420 plus
2485 1336 2692 1401 mani·

371 1431 544 1495 feste
612 1453 878 1513 encore,
944 1433 1035 1497 les
1106 1434 1313 1517 legats
1392 1433 1871 1518 interrogerent
1941 1434 2014 1509 le„
2066 1435 2308 1498 concile
2374 1456 2455 1497 en
2524 1438 2691 1498 cette

371 1528 611 1592 forme:
675 1527 860 1593 Nous
910 1527 1146 1611 priores
1210 1528 1266 1592 le
1321 1528 1510 1594 saint<
1557 1528 1794 1595 concile
1854 1529 1930 1594 de
1989 1527 2130 1593 dire
2185 1527 2287 1592 s'il
2348 1527 2547 1609 refovit
2605 1549 2687 1593 ou

371 1644 513 1688 ‘non
559 1623 647 1688 les
694 1624 911 1689 lettres
954 1625 1043 1690 du
1085 1625 1279 1708 Pape.
1334 1627 1452 1690 ¹Le
1501 1628 1743 1692 concile
1799 1626 2119 1710 repondit:
2178 1624 2365 1690 Nous
2406 1624 2690 1705 mivone,

376 1741 546 1786 ‘nous
604 1741 930 1801 recevo‘nS,
986 1734 1161 1788 ‘nous
1223 1723 1582 1788 admettons
1645 1743 1742 1788 ces
1773 1722 2040 1788 *lettres
2104 1759 2181 1769 —-
2251 1722 2322 1787 Si
2374 1724 2437 1787 la
2496 1724 2690 1788 lettre

372 1817 683 1883 d’Adrien
713 1827 912 1883 avant
956 1818 1400 1904 l'acceptation
1432 1822 1518 1885 du
1550 1820 1790 1885 concile
1839 1825 1951 1886 eut
1983 1823 2084 1885 ete
2114 1818 2415 1904 regar-dee
2449 1841 2690 1884 comme

360 1937 508 1978 fune
552 1916 729 2000 regle
779 1917 1045 1981 absolue
1092 1917 1168 1981 de
1216 1916 1326 1998 foi,
1372 1918 1887 2001 l'interrogation
1934 1918 2043 1982 des
2089 1919 2293 2002 legats
2342 1921 2409 1982 et
2453 1917 2689 1984 l'alter-

376 2014 598 2075 native
653 2012 884 2096 qu'elle
940 2035 1125 2097 pose,
1184 2037 1266 2079 ne
1323 2016 1694 2098 pourraient
1750 2037 1862 2097 pas
1920 2014 2310 2101 s'expliquer
2361 2016 2691 2081 raisonna·

376 2107 788 2192 blement“.¹)

554 2223 657 2285 64.
734 2222 913 2290 Haec
979 2225 1263 2305 profecto
1333 2226 1538 2290 multa
1605 2226 1947 2291 continent
2012 2248 2173 2311 quae
2242 2227 2497 2292 admitti
2572 2248 2687 2291 ne-

370 2325 655 2402 queunt,
717 2341 836 2385 nec
895 2321 986 2384 rei
1050 2323 1313 2386 veritati
1376 2322 1788 2406 respondent.
1891 2321 2285 2388 Nullatenus
2351 2346 2425 2388 eo
2489 2324 2686 2408 perti-

375 2419 490 2478 net
552 2416 843 2481 recitatio
909 2417 1213 2500 epistolae
1279 2418 1621 2497 Hadriani,
1691 2422 1766 2481 ut
1833 2438 2104 2483 eoeame'n
2154 2417 2526 2501 juridicum
2586 2422 2687 2485 in-

370 2512 683 2577 stituatur
756 2510 1157 2594 decadem,
1235 2519 1300 2580 et
1376 2514 1603 2581 Patres
1679 2521 1993 2601 tanquam
2060 2517 2307 2601 judices
2385 2517 2687 2583 Pontifici

368 2611 731 2693 superiores
777 2612 878 2674 vel
940 2613 1240 2696 aequales
1298 2613 1661 2697 inquirant,
1729 2636 1814 2678 an
1866 2614 2005 2697 ipsa
2061 2618 2274 2678 rectae
2334 2613 2483 2679 fidei
2542 2637 2687 2680 con·

375 2729 536 2771 sona
602 2708 713 2785 sit,
782 2711 846 2772 et
909 2710 962 2772 si
1029 2710 1124 2773 ita
1190 2710 1564 2774 inveniatur
1628 2732 1769 2774 eam
1832 2710 2203 2775 admittant.
2321 2711 2686 2790 Pontifices,

368 2826 574 2887 quum
639 2803 883 2887 Synodi
946 2806 1472 2885 celebrabantur,
1538 2830 1686 2873 suas
1750 2808 2004 2872 litteras
2066 2807 2309 2872 dabant
2371 2814 2685 2892 tanquam

371 2901 662 2985 regulam
721 2901 869 2965 fidei
931 2903 1278 2983 tenendae,
1347 2903 1417 2967 in
1482 2925 1625 2967 eum
1691 2904 1919 2989 finem,
1992 2908 2064 2968 ut
2121 2905 2190 2967 in
2253 2904 2537 2970 Concilio
2595 2906 2687 2968 le-

367 3003 682 3083 gerentur
746 3003 810 3063 et
864 3000 1215 3064 secundum
1277 3000 1637 3065 doctrinam
1700 3001 2054 3083 expositam
2112 3000 2370 3065 decreta
2430 3001 2682 3064 fierent.

373 3094 798 3178 Imperatores
860 3097 929 3160 in
993 3118 1108 3160 sua
1173 3097 1441 3180 epistola
1505 3095 1584 3161 ad
1650 3095 1980 3179 Synodum
2042 3096 2535 3173 mandaverant,
2611 3100 2684 3159 ut

370 3194 695 3275 legeretur
754 3193 1086 3258 Pontificis
1142 3194 1414 3277 epistola
1469 3194 1814 3257 secundum
1865 3194 1975 3277 jus
2032 3214 2365 3257 canonum.
2469 3194 2685 3269 Quon-

365 3290 517 3354 dam
587 3291 655 3353 in
725 3291 1062 3355 latrocinio
1128 3289 1456 3373 Ephesino
1525 3289 1868 3354 Dioscorus
1942 3289 2389 3355 recitationem
2456 3291 2686 3373 episto-

369 3389 474 3452 lae
520 3387 757 3452 Leonis
819 3388 899 3451 ad
952 3386 1331 3452 Flavianum
1393 3387 1801 3469 impedierat,
1866 3408 1939 3450 ac
2001 3386 2346 3451 voluerunt
2408 3387 2685 3451 fortasse

366 3483 800 3567 Imperatores
876 3485 1145 3549 sollicite
1220 3483 1581 3567 providere,
1659 3505 1740 3546 ne
1817 3506 1854 3547 a
1927 3483 2287 3547 fautoribus
2354 3481 2681 3549 Iconocla-

367 3587 616 3645 starum
664 3582 957 3645 recitatio
1015 3580 1448 3664 impediretur.
1538 3578 1931 3643 Nullatenus
1986 3580 2189 3665 igitur
2244 3580 2558 3662 agebatur
2605 3580 2682 3644 de

554 3755 594 3821 ¹)
632 3756 720 3807 Du
757 3754 974 3809 Concile
1013 3757 1136 3821 gen.
1177 3754 1241 3807 T.
1279 3753 1323 3806 I.
1360 3753 1422 3806 L.
1461 3753 1534 3806 II.
1575 3752 1670 3806 Ch.
1711 3753 1806 3805 IX.
1846 3768 1934 3820 pp.
1972 3753 2076 3804 308
2114 3767 2227 3819 sqq.
2279 3784 2346 3793 -
2391 3751 2563 3805 Plane
2611 3751 2681 3805 si-

366 3834 520 3889 milia
559 3835 723 3888 habet
758 3834 1019 3887 Bossuet:
1074 3833 1259 3900 „Quod
1296 3833 1362 3886 de
1397 3848 1456 3887 re
1495 3831 1810 3899 explorata,
1849 3832 2020 3898 deque
2059 3829 2442 3885 irreformabili
2471 3829 2680 3899 judicio

365 3913 582 3980 quaeri,
632 3929 805 3980 neque
856 3919 1008 3967 recta
1054 3911 1195 3965 ratio
1241 3927 1415 3978 neque
1459 3911 1594 3965 fides
1648 3909 1828 3964 sinit.“
1881 3911 1944 3964 L.
1995 3928 2038 3964 c.
2096 3941 2163 3947 —
2211 3909 2445 3964 Videtur
2492 3908 2682 3962 Illmus

369 3994 550 4047 Maret
587 3996 806 4046 secutus
853 3991 1023 4045 fuisse
1060 3990 1595 4059 argumentationem
1633 3989 1919 4056 Bossueti‚
1970 3988 2277 4043 accuratius
2321 3993 2508 4042 tamen
2546 3988 2682 4042 citat

365 4078 558 4127 textus
607 4072 879 4139 integrm,
927 4071 1053 4123 dum
1090 4070 1390 4124 Bossuetus
1437 4069 1649 4123 omittit
1695 4084 1831 4135 quae
1881 4068 2189 4124 sententiae
2229 4083 2357 4122 suae
2395 4068 2684 4122 vehemen-

369 4149 480 4205 tius
520 4153 879 4218 opponuntur.
955 4148 1034 4203 Of.
1073 4148 1393 4202 Muzzarelli
1429 4148 1464 4201 1.
1505 4165 1548 4202 c.

2745 2245 2986 2319 Reffiaffi·
