3270 5028
642 473 749 525 264
992 472 1141 524 XVI.
1182 471 1392 525 Causae
1431 470 1670 526 celebres
1708 476 1766 526 et
1802 472 2120 526 Decretales
2153 471 2611 526 Pseudo-Isidori.

643 617 1099 678 sanctorum
1144 610 1472 676 Patrum
1503 609 1901 696 potuisset.¹)
1990 612 2112 677 Sed
2159 614 2342 677 nulla
2386 612 2643 677 decreta
2697 616 2969 677 sancto·

643 732 784 774 rum
848 709 1120 774 Patrum
1186 708 1425 792 aliquid
1491 707 1858 793 hujusmodi
1930 713 2262 788 statuunt,
2342 711 2467 774 nisi
2534 709 2972 774 Pseudo-De·

645 807 913 870 cretales
983 805 1236 882 Isidori,
1306 804 1441 868 ubi
1484 806 1766 889 allegata
1835 806 1916 869 ab
1987 807 2278 872 Ebbonis
2351 807 2600 871 clericis
2664 806 2743 870 ad
2810 827 2963 870 ver·

643 903 796 966 bum
861 902 993 967 fere
1059 904 1367 985 leguntur
1427 901 1498 964 in
1556 901 1828 983 epistola
1889 901 2121 967 Felicis
2184 899 2236 969 I.
2295 924 2434 986 cap.
2495 903 2576 965 10
2642 906 2710 967 et
2775 902 2969 986 epist.

641 999 685 1064 J
689 1000 803 1064 ulii
866 1021 917 1064 c.
983 998 1051 1074 5;
1114 997 1346 1061 similia
1409 1018 1560 1061 vero
1628 997 1824 1061 etiam
1887 1000 1956 1062 in
2022 1000 2162 1064 aliis
2228 999 2670 1064 Decretalibus
2738 1020 2962 1063 occur-

642 1098 816 1159 runt.
927 1095 1321 1179 Allegantur
1382 1093 1641 1178 quidem
1709 1094 1821 1157 illa
1891 1117 1970 1159 ex
2035 1097 2308 1180 epistola
2371 1095 2630 1174 Felicis,
2699 1100 2766 1160 et
2832 1094 2975 1158 alia.

642 1193 837 1276 plane
893 1191 1127 1255 similia
1184 1190 1380 1254 etiam
1436 1191 1504 1254 in
1548 1190 1961 1274 Angilramni
2018 1194 2302 1277 capitulo
2356 1189 2429 1255 2⁰
2486 1196 2552 1256 et
2608 1189 2709 1271 4⁰,
2775 1191 2962 1256 adeo-

643 1309 769 1372 que
815 1288 1032 1372 quaeri
1077 1287 1310 1370 possit,
1367 1291 1584 1352 utrum
1632 1287 2048 1371 Angilramni
2095 1288 2393 1372 Capitula
2448 1311 2534 1354 an
2582 1287 2970 1354 Decretales

570 1470 577 1477 1
642 1383 873 1448 Isidori
936 1383 1032 1448 illi
1099 1383 1310 1447 clerici
1384 1406 1536 1467 prae
1604 1384 1805 1449 oculis
1872 1384 2239 1450 habuerint.
2367 1385 2683 1449 Attamen
2758 1406 2965 1469 quum

644 1479 898 1544 decreta
952 1485 1321 1544 sanctorum
1380 1484 1638 1563 patrum
1695 1486 2221 1558 commemorent,
2285 1482 2788 1547 concludendum
2843 1502 2963 1564 po-

643 1578 777 1642 tius
825 1580 949 1655 est,
1006 1577 1085 1640 ad
1132 1576 1505 1641 Decretales
1550 1575 2057 1642 Pseudo-Isidori
2111 1578 2254 1643 illos
2310 1579 2639 1662 respicere.
2727 1577 2977 1660 Itaque

644 1674 953 1738 Collectio
1013 1673 1246 1737 Isidori
1305 1676 1477 1739 certe
1538 1695 1711 1737 anno
1767 1675 1922 1752 857,
1988 1696 2061 1739 ac
2120 1675 2541 1758 probabiliter
2600 1696 2771 1739 anno
2829 1672 2976 1737 853

636 1774 774 1856 jam
822 1770 1086 1855 vulgata
1132 1779 1292 1834 erat.
1492 1776 1495 1779 ’

825 1921 929 1984 52.
992 1918 1181 1983 Alius
1239 1939 1388 1982 vero
1452 1919 1765 1981 terminus
1830 1917 2127 1982 editionis
2190 1918 2554 1997 invenitur,
2627 1920 2680 1982 si
2743 1922 2976 1982 atten-

645 2018 818 2081 ditur
888 2015 967 2080 ad
1033 2019 1316 2098 tempus,
1385 2037 1512 2098 quo
1587 2014 1826 2094 prodiit
1892 2013 2229 2079 Benedicti
2299 2015 2563 2079 Levitae
2632 2014 2973 2093 CollectiO,

645 2113 1086 2179 Decretalibus
1136 2110 1370 2176 Isidori
1427 2114 1730 2175 anterior.
1825 2110 2211 2176 Benedictus
2267 2112 2338 2175 in
2396 2108 2797 2195 praefatione
2861 2111 2966 2173 in-

646 2211 844 2287 dicat,
907 2230 976 2273 se
1035 2207 1494 2273 Collectionem
1553 2229 1735 2271 suam
1794 2207 2066 2271 edidisse
2122 2214 2269 2292 post
2321 2214 2595 2273 mortem
2648 2206 2974 2273 Ludovici

646 2306 749 2370 Pii
795 2300 881 2388 (a.
930 2303 1086 2383 840)
1148 2307 1214 2368 et
1258 2304 1638 2368 divisionem
1684 2302 1950 2387 Imperii
2006 2305 2178 2369 inter
2233 2307 2372 2390 ejus
2427 2305 2593 2368 filios
2642 2304 2970 2368 Viroduni

647 2426 703 2469 a.
755 2402 882 2466 843
937 2402 1195 2466 factam.
1288 2400 1426 2464 Imo
1486 2421 1685 2484 quum
1746 2400 1945 2478 dicat,
2007 2401 2390 2466 documenta
2446 2423 2514 2466 se
2572 2424 2649 2465 ex
2709 2400 2980 2465 scriniis

650 2498 946 2566 ecclesiae
1023 2497 1444 2582 Moguntinae
1519 2497 1852 2583 collegisse
1925 2498 2359 2581 praecipiente
2430 2496 2730 2584 Otgario,
2808 2497 2978 2582 „qui

648 2600 803 2662 tunc
833 2595 1258 2680 Moguntinus
1305 2595 1637 2678 episcopus
1687 2595 1888 2674 erat“,
1934 2594 2176 2660 indicat
2215 2595 2525 2678 profecto,
2568 2597 2706 2678 jam
2752 2596 2974 2678 ipsum

646 2716 783 2758 non
844 2693 1115 2775 amplius
1176 2690 1310 2755 sedi
1371 2691 1521 2756 huic
1577 2712 1885 2774 praeesse.
1985 2690 2258 2755 Constat
2318 2697 2537 2756 autem
2600 2714 2680 2756 ex
2735 2691 2972 2755 Anna-

646 2790 818 2854 libus
859 2787 1288 2852 Fuldensibus
1334 2787 1604 2871 aliisque
1648 2788 1821 2850 illius
1868 2787 2099 2852 aetatis
2147 2787 2565 2871 documentis,
2620 2786 2974 2873 Otgarium

649 2886 1016 2968 episcopum
1088 2883 1546 2967 Moguntinum
1615 2884 1846 2948 obiisse
1915 2883 2017 2947 die
2097 2881 2213 2948 24⁰
2276 2884 2518 2968 Aprilis
2586 2886 2745 2949 anni
2815 2884 2981 2948 847-

649 2981 954 3066 Sequitur
998 2980 1298 3064 proinde,
1346 2984 1491 3064 post
1534 2979 1708 3043 hunc
1751 2980 2097 3043 terminum
2144 2981 2453 3064 prodiisse
2500 2980 2968 3047 Collectionem

649 3078 977 3143 Benedicti
1038 3076 1307 3141 Levitae
1365 3081 1430 3141 et
1484 3075 2140 3141 Pseudo-Decretales
2200 3075 2459 3155 Isidori;
2522 3100 2595 3142 ac
2651 3077 2978 3144 decennio

647 3176 776 3240 isto
837 3176 916 3241 ab
992 3196 1163 3239 anno
1226 3174 1352 3238 847
1425 3173 1503 3238 ad
1575 3195 1822 3237 annum
1884 3173 2009 3236 857
2083 3174 2410 3259 evulgatio
2484 3175 2683 3238 trium
2754 3173 2968 3238 Colle-

647 3275 935 3337 ctionum
974 3270 1311 3336 Benedicti
1360 3270 1645 3349 Levitae,
1691 3269 2104 3353 Angilramni
2151 3277 2215 3335 et
2260 3269 2766 3335 Pseudo-Isidori
2815 3294 2978 3336 con·

650 3368 962 3434 cludenda
1005 3373 1122 3433 est.

828 3509 931 3572 53.
994 3504 1313 3585 Quisnam
1369 3525 1594 3569 revera
1650 3503 1861 3586 fuerit
1921 3508 2149 3569 auctor
2207 3504 2622 3570 Collectionis
2677 3505 2967 3572 Pseudo-

650 3604 878 3670 Isidori
942 3604 1270 3687 hucusque
1341 3601 1569 3666 eruditi
1638 3624 1771 3666 non
1837 3605 2187 3684 potuerunt
2250 3600 2514 3665 definire
2585 3604 2974 3686 accuratius,

653 3705 719 3764 et
792 3722 961 3784 quae
1038 3722 1075 3763 a
1150 3700 1341 3763 variis
1425 3699 1633 3763 factae
1719 3702 1868 3762 sunt
1938 3699 2411 3782 suppositiones
2484 3697 2799 3777 diversae,
2883 3702 2967 3764 ab

653 3798 796 3862 aliis
858 3799 1154 3880 explosae
1213 3797 1410 3861 fuere.
1482 3832 1567 3841 —
1634 3793 1953 3878 Diligenti
2017 3800 2236 3858 tamen
2299 3794 2606 3858 instituto
2668 3797 2967 3860 examine

653 3915 730 3958 eo
776 3897 1158 3981 perventum
1218 3900 1342 3970 est,
1409 3896 1481 3957 ut
1543 3891 2110 3968 determinaretur,
2175 3910 2305 3971 qua
2358 3889 2431 3954 in
2488 3889 2749 3973 reqione
2805 3915 2978 3976 opus·

652 3991 808 4054 illud
878 3991 1206 4075 prodierit.
1321 3988 1811 4055 Contenderunt
1877 3986 2089 4069 plures
2159 3991 2478 4067 auctoreS,
2559 3988 2733 4052 inter
2803 4011 2979 4072 quos

834 4199 875 4266 ¹)
911 4199 1178 4267 Bouquet,
1215 4197 1439 4253 Recueil
1478 4198 1540 4252 Τ.
1568 4198 1696 4251 VII.
1737 4214 1787 4263 p.
1828 4199 1929 4249 277
1943 4216 1957 4264 3
1996 4212 2080 4264 ap.
2120 4195 2442 4250 Hinschium
2480 4197 2517 4252 l.
2557 4213 2599 4251 c.
2641 4214 2691 4265 p.
2730 4197 2865 4251 CCI.
