3270 5028
1113 466 1195 519 De
1235 466 1475 519 Concilio
1515 465 1797 520 Trullano.
2543 470 2603 521 11

304 608 528 692 egerit,
575 608 954 690 scriptorum
1000 608 1215 690 inopia
1262 614 1327 670 et
1360 608 1619 670 silentio
1669 608 1854 682 latet3
1902 607 2013 671 sed
2057 609 2367 692 agitatam
2413 610 2608 673 fuisse

305 707 465 769 tunc
526 705 1024 768 controversiam
1088 704 1164 767 de
1237 703 1589 767 canonibus
1663 703 2009 768 Trullanae
2071 705 2335 787 synodi,
2407 705 2605 770 Baro-

306 800 479 872 nim,
539 799 685 865 Chr.
737 799 983 883 LupuS‚
1040 801 1227 882 Pagi,
1278 800 1515 884 aliique
1561 804 1851 864 auctores
1899 808 2193 877 censent,
2240 824 2381 866 cum
2427 803 2610 866 nulla

302 895 400 959 his
460 897 853 979 temporibus
919 898 1045 960 alia
1109 897 1398 980 quaestio
1453 900 1817 960 verteretur
1883 897 2055 961 inter
2117 896 2480 963 Orientales
2544 903 2609 962 et

302 991 765 1058 OccidentaleS.
876 993 954 1056 In
1017 991 1169 1056 Vita
1233 992 1527 1076 Gregorii
1577 991 1664 1056 Π.
1734 992 1930 1056 Liber
1992 992 2391 1060 Pontificalis
2454 996 2610 1059 haec

304 1089 529 1153 habet:
612 1088 971 1171 Greyor‘z'us
1034 1089 1392 1167 (Romanae
1468 1096 1608 1153 tum
1685 1091 1983 1153 ecclesiae
2060 1090 2387 1174 diaconus)
2465 1111 2611 1156 cum

300 1183 444 1249 viro
506 1189 727 1250 sancto
795 1183 1236 1250 Constantino
1282 1183 1593 1265 Pontifice
1667 1184 1754 1248 ad
1814 1185 2065 1268 reqiam
2120 1187 2457 1268 profectus
2518 1191 2612 1251 est

301 1281 556 1358 urbem,
604 1286 798 1364 atque
843 1302 884 1347 a
929 1280 1316 1346 Justiniano
1351 1280 1654 1363 principe
1700 1281 2061 1363 inquisitus
2105 1283 2179 1347 de
2224 1283 2609 1364 quibusdam

301 1378 641 1460 capitulis,
704 1378 947 1460 optima
1001 1376 1414 1459 responsione
1470 1397 1997 1460 unamquamque
2053 1379 2242 1444 solvit
2296 1380 2609 1461 quaestio·

301 1495 466 1540 nem.
524 1513 613 1520 —
668 1475 1062 1539 Existimant
1107 1475 1309 1558 igitur
1354 1474 1616 1550 eruditi,
1679 1476 2180 1540 Constantinum
2232 1477 2609 1541 Pontificem

304 1572 511 1636 media
558 1574 663 1635 via
708 1576 1003 1635 utentem
1048 1573 1143 1635 ita
1187 1593 1321 1634 rem
1372 1574 1828 1654 composuisse,
1875 1579 1949 1636 ut
1993 1583 2241 1656 partem
2289 1597 2610 1640 canonum

301 1668 677 1732 admitteret
730 1670 831 1732 vel
889 1669 1299 1751 approbaret,
1363 1669 1504 1731 aliis
1558 1670 1872 1751 sepositis,
1976 1668 2166 1734 Certo
2225 1671 2408 1735 nobis
2466 1693 2609 1735 con·

300 1768 439 1830 stat
486 1765 562 1829 de
618 1767 947 1829 sententia
994 1764 1313 1828 Ecclesiae
1363 1765 1697 1829 Romanae
1756 1765 1875 1828 sub
1921 1765 2176 1830 Joanne
2222 1766 2438 1845 VIII„
2499 1768 2610 1851 qui

305 1862 473 1925 sedit
529 1863 610 1927 ab
668 1884 839 1926 anno
894 1861 1021 1924 872
1081 1883 1284 1944 usque
1347 1860 1425 1923 ad
1489 1883 1733 1924 annum
1781 1862 1927 1926 882.
2021 1861 2260 1927 Scribit
2318 1864 2613 1927 videlicet

305 1959 697 2024 Anastasius
744 1961 815 2022 in
861 1958 1260 2041 praefatione
1318 1957 1705 2022 dedicatoria
1750 1961 2062 2024 versionis
2108 1959 2421 2024 Actorum
2468 1983 2613 2043 syn-

300 2056 411 2120 odi
485 2056 926 2121 oecumenicae
1005 2055 1343 2137 septimae:
1434 2052 1611 2118 Unde
1680 2053 2067 2136 Apostolatu
2131 2059 2340 2121 vestro
2407 2056 2611 2120 decer-

303 2155 496 2216 nente
539 2172 672 2216 non
721 2150 886 2215 solos
945 2149 1092 2214 illos
1154 2148 1638 2232 quinquaqinta
1696 2170 1972 2216 canones
2032 2155 2439 2236 (apostolicos
2475 2156 2610 2237 jam

307 2252 664 2333 antiquitus
709 2250 790 2313 ab
839 2248 1122 2312 Ecclesia
1172 2247 1463 2310 Romana
1509 2247 1828 2332 receptos)
1875 2248 2168 2314 Ecclesia
2209 2248 2456 2330 recipit,
2509 2248 2616 2312 sed

302 2349 367 2409 et
434 2365 650 2409 omnes
707 2365 954 2421 eorum,
1036 2344 1501 2423 (Romanorum
1571 2346 1983 2425 Pontificum)
2051 2350 2268 2427 utpote
2322 2345 2617 2428 Spiritus

306 2441 520 2506 sancti
584 2441 921 2521 tubarum,
985 2439 1146 2523 quin
1204 2443 1264 2502 et
1323 2439 1613 2505 omnium
1676 2441 1938 2506 omnino
1987 2441 2429 2525 probabilium
2487 2442 2614 2506 Pa-

308 2543 486 2604 trum
522 2543 607 2610 et
661 2544 1033 2604 sanctorum
1085 2535 1519 2601 Conciliorum
1579 2538 1841 2621 reyulas
1895 2544 1956 2604 et
2009 2539 2452 2604 institutiones
2504 2539 2614 2603 ad-

306 2634 528 2715 mittit,
575 2635 727 2700 iltas
771 2636 1136 2713 dumtaxat,
1181 2653 1345 2714 quae
1389 2655 1506 2698 nec
1554 2641 1764 2701 rectae
1808 2636 1959 2716 fidei
2003 2657 2118 2701 nec
2157 2636 2379 2719 probis
2422 2636 2615 2701 mori-

311 2732 429 2797 bus
485 2732 775 2808 obviant,
840 2732 949 2796 sed
1004 2751 1118 2797 nec
1181 2728 1366 2794 Sedis
1429 2731 1771 2797 Romanae
1830 2733 2098 2798 decretis
2156 2733 2242 2797 ad
2299 2732 2616 2797 modicum

310 2828 470 2910 quid
513 2829 862 2907 resultant,
914 2828 1028 2910 qui
1062 2826 1287 2911 potius
1333 2826 1771 2909 adversarios,
1821 2829 1865 2894 i.
1914 2850 1960 2894 e.
2009 2829 2359 2894 haereticos
2393 2835 2618 2912 poten-

306 2929 408 2989 ter
465 2925 875 3008 impuqnant.
966 2926 1148 3007 Erqo
1206 2922 1492 3005 reyulaS,
1551 2946 1716 3006 quas
1768 2926 2003 2991 Graeci
2044 2947 2086 2991 a
2130 2930 2315 2991 sexta
2362 2926 2620 3008 Synodo

272 3077 279 3088 .
298 3022 646 3104 perhibent
690 3022 896 3087 editas
950 3018 1370 3109 (Trullanas)⁷
1428 3022 1527 3087 ita
1572 3022 1647 3087 in
1692 3022 1813 3087 hac
1874 3022 2133 3105 Synodo
2188 3023 2390 3105 (VH.)
2429 3022 2618 3104 prin-

309 3118 542 3200 cipalis
592 3118 782 3183 Sedes
829 3119 1137 3197 admittit,
1184 3123 1259 3183 ut
1304 3121 1684 3187 nullatenus
1729 3140 1810 3183 ea·
1854 3117 1957 3183 his
2001 3118 2153 3183 illae
2195 3118 2619 3201 recipiantur,

310 3235 479 3296 quae
513 3214 855 3297 prioribus
902 3216 1256 3281 canonibus
1296 3218 1394 3282 vel
1451 3215 1719 3296 decretis
1771 3219 2145 3280 sanctorum
2192 3214 2377 3279 Sedis
2423 3215 2622 3299 hujus

315 3311 735 3392 Pontificum,
809 3316 927 3377 aut
983 3317 1147 3376 certe
1210 3313 1391 3379 bonis
1451 3312 1740 3376 moribus
1798 3311 2231 3377 inveniuntur
2298 3312 2620 3391 adversae,

276 3442 289 3454 κ
315 3407 613 3490 quamvis
669 3429 884 3473 omnes
940 3407 1250 3474 hactenus
1306 3431 1387 3474 eos
1429 3413 1557 3473 toto
1614 3412 1925 3472 maneant
1980 3408 2157 3490 apud
2200 3408 2481 3473 Latinos
2519 3408 2619 3473 in-

312 3505 633 3586 cognitae,
696 3505 852 3586 quia
908 3526 1022 3569 nec
1065 3506 1559 3588 interpretatae,
1621 3503 1734 3568 sed
1776 3525 1891 3569 nec
1934 3504 2006 3569 in
2055 3508 2457 3581 caeterarum
2501 3525 2620 3588 pa-

315 3600 773 3665 triarchalium
826 3601 1074 3666 sedium
1122 3602 1266 3666 licet
1316 3622 1551 3686 qraeca
1605 3605 1887 3665 utantur
1932 3600 2162 3683 linqua
2204 3601 2624 3684 reperiantur

313 3697 627 3777 archivis,
693 3697 1041 3777 nimirum,
1108 3700 1264 3779 quia
1322 3699 1508 3782 nulla
1562 3687 1816 3776 earum,
1883 3719 2024 3761 cum
2073 3698 2442 3776 ederentur,
2506 3702 2625 3763 aut

307 3796 739 3878 promulgans
777 3798 895 3860 aut
941 3796 1343 3860 consentiens
1396 3799 1514 3860 (citt
1567 3795 1791 3859 saltem
1839 3815 2153 3876 praesens
2202 3794 2468 3859 inventa
2514 3799 2622 3859 est.

501 3894 597 3956 12.
649 3892 743 3955 Ex
791 3892 963 3955 hisce
1010 3894 1313 3967 videmus,
1369 3893 1574 3976 qualis
1621 3903 1780 3956 tunc
1826 3893 2023 3955 fuerit
2069 3894 2395 3955 sententia
2443 3890 2624 3974 Sedis

317 3989 649 4053 Romanae
707 3991 917 4071 quoad
976 4011 1251 4054 canones
1308 3990 1557 4053 concilii
1605 3989 1915 4052 Trullani.
2012 3988 2226 4052 Minus
2284 3990 2448 4053 clare
2492 3989 2622 4052 Ha·

315 4085 580 4149 drianus
639 4084 691 4150 I.
754 4088 889 4169 jam
952 4088 1201 4149 saeculo
1265 4087 1685 4168 praecedente
1749 4086 2066 4149 scribebat
2126 4086 2204 4148 ad
2268 4085 2623 4149 Concilium

319 4184 794 4248 oecumenicum
865 4182 1045 4247 VIL:
1126 4182 1358 4245 Omnes
1437 4185 1697 4245 sanctas
1772 4201 1885 4244 sex
1958 4180 2250 4261 Synodos
2326 4180 2622 4262 suscipio,
