3270 5028
636 469 741 520 262
976 466 1125 519 XVI.
1165 465 1373 520 Causae
1411 465 1652 520 celebres
1691 469 1746 520 et
1782 466 2100 521 Decretales
2135 465 2593 520 Pseudo-Isidori.

633 608 786 672 bata
860 612 927 671 et
999 608 1437 690 promulgata,
1510 630 1801 693 quaeque
1873 607 1968 672 ita
2055 608 2402 691 perfectam
2477 608 2604 671 vim
2681 608 2952 692 regulae

633 705 978 769 canonicae
1038 703 1206 787 apud
1267 705 1559 770 ecclesias
1621 703 1933 769 Franciae
1995 700 2459 784 obtinebant.¹)
2559 703 2756 768 Auno
2813 703 2946 767 827

635 801 913 884 primum
971 798 1328 883 Ansegisus
1401 801 1599 865 abbas
1659 800 2182 866 Fontanellensis
2246 800 2490 884 aliquot
2545 800 2951 884 Capitularia

636 895 847 961 Caroli
894 896 1118 981 Magni
1184 901 1251 960 et
1308 896 1614 961 Ludovici
1673 897 1772 961 Pii
1834 897 2110 981 collegit·
2152 902 2217 961 et
2274 898 2345 961 in
2405 900 2685 981 quatuor
2744 897 2950 961 libros

633 993 917 1077 digessit.
1010 991 1278 1057 Saeculo
1339 1015 1514 1057 nono
1561 992 1883 1057 mediante
1942 992 2119 1059 hisce
2164 998 2295 1057 tres
2350 990 2515 1057 alios
2570 990 2766 1057 libros
2823 993 2952 1058 Ca-

632 1089 1003 1172 pitularium
1058 1088 1302 1154 addidit
1344 1088 1741 1154 Benedictus
1785 1088 2022 1153 Levita
2067 1089 2303 1170 dictus,
2360 1112 2434 1154 eo
2492 1090 2664 1174 quod
2719 1095 2951 1154 auctor

633 1189 768 1269 ipse
816 1187 884 1248 in
943 1186 1347 1269 praefatione
1409 1186 1680 1266 indicat,
1740 1209 1807 1251 se
1853 1187 2229 1271 Moguntiae
2289 1190 2363 1250 ut
2425 1185 2763 1251 diaconum
2819 1187 2950 1251 sub

632 1281 900 1367 Otgario
958 1282 1249 1365 episcopo
1311 1305 1386 1347 ex
1453 1284 1706 1347 scriniis
1777 1284 2078 1348 ecclesiae
2140 1281 2567 1367 Moguntinae
2628 1305 2703 1348 ea
2764 1282 2952 1366 Capi-

632 1380 867 1443 tularia
918 1379 1266 1463 collegisse.
1358 1376 1481 1443 Sed
1528 1383 1815 1456 constat,
1874 1380 2200 1445 falsarium
2255 1379 2455 1444 fuisse
2501 1379 2950 1458 Benedictum,

631 1481 696 1540 et
743 1496 889 1538 eum
937 1497 1012 1539 ex
1060 1477 1251 1541 variis
1297 1476 1585 1540 fontibus
1632 1499 1707 1541 ea
1753 1476 2151 1559 Capitularia
2210 1477 2596 1560 excerpsisse
2641 1477 2744 1540 vel
2800 1498 2950 1559 pro-

630 1573 770 1656 prio
839 1578 1044 1636 marte
1119 1572 1561 1655 composuisse.
1676 1573 1757 1637 In
1821 1572 2101 1637 Francia
2174 1594 2364 1656 porro
2439 1572 2606 1638 hanc
2677 1594 2950 1656 apocry-

633 1668 825 1753 pham
896 1669 1338 1733 collectionem
1414 1669 1773 1735 confectam
1845 1692 1983 1734 esse
2052 1670 2281 1733 merito
2350 1675 2615 1734 censent
2673 1669 2948 1753 eruditi3

633 1767 776 1850 quis
843 1788 994 1830 vero
1061 1767 1262 1830 fuerit
1330 1766 1436 1829 ille
1503 1764 1890 1833 Benedictus
1947 1767 2313 1849 disputant:
2359 1765 2497 1829 -alii
2567 1767 2952 1831 existiman-t

633 1885 833 1927 unum
891 1863 1307 1944 eumdemque
1363 1863 1564 1926 fuisse
1623 1884 1696 1927 ac
1745 1862 2379 1937 Pseudo-Isidorum3
2438 1863 2549 1927 alii
2609 1884 2754 1926 eum
2802 1864 2951 1946 jam

633 1958 1158 2024 Pseudo-Isidori
1207 1957 1599 2023 Collectione
1657 1963 1733 2023 ut
1779 1959 1962 2023 fonte
2024 1981 2208 2023 usum
2259 1980 2423 2033 esse;
2484 1959 2593 2022 alii
2636 1981 2671 2023 e
2714 1963 2951 2022 contra

632 2054 1226 2120 Pseudo-Isidorum
1274 2077 1460 2119 usum
1517 2077 1658 2119 esse
1703 2054 2034 2120 Benedicti
2088 2077 2293 2139 opere.
2387 2056 2607 2145 Atque
2660 2076 2950 2138 praeser-

630 2153 745 2216 tim
811 2152 1158 2216 Hinschius
1219 2157 1518 2219 accurata
1589 2152 1927 2235 utriusque
1990 2151 2402 2217 Collectionis
2467 2153 2951 2235 comparatione

630 2251 831 2330 facta,
891 2249 1228 2314 ostendere
1288 2252 1469 2313 nisus
1518 2255 1645 2332 est,
1704 2249 1975 2333 priorem
2038 2238 2186 2314 esse*
2233 2249 2694 2314 Collectionem
2749 2248 2947 2332 Capi-

630 2347 935 2411 tularium
984 2345 1316 2410 Benedicti
1372 2345 1670 2423 Levitae,
1729 2368 1931 2429 eaque
1987 2348 2057 2410 in
2115 2368 2231 2414 suo
2291 2368 2480 2429 opere
2537 2344 2946 2429 compilando

622 2446 760 2530 jam
828 2465 1011 2506 usum
1081 2465 1216 2507 esse
1283 2442 1601 2505 Isidorum
1666 2441 2107 2509 Mercatorem.
2216 2441 2288 2507 F.
2360 2443 2437 2507 X.
2503 2441 2717 2506 Kraus
2786 2464 2946 2507 vero

631 2542 991 2616 existimat,
1058 2540 1647 2604 Pseudo-Isidorum
1708 2539 2043 2605 schedulas
2104 2563 2221 2605 suo
2280 2541 2484 2606 labori
2545 2539 2946 2605 conficiendo

631 2661 745 2722 per
802 2637 1051 2722 aliquot
1110 2647 1360 2719 tempus
1422 2658 1861 2720 praeparasse,
1920 2638 2130 2721 iisque
2189 2635 2509 2701 schedulis
2567 2659 2747 2700 usum
2800 2658 2947 2702 esse

632 2734 1050 2799 Benedictum
1115 2733 1412 2797 Levitam
1468 2734 1539 2797 in
1598 2755 1716 2798 sua
1776 2732 2167 2800 Collectione
2229 2732 2675 2817 comparanda.
2767 2732 2943 2797 Dein

629 2855 778 2897 vero
847 2832 1016 2896 hanc
1078 2830 1534 2895 Collectionem
1600 2829 1964 2895 adhibuisse
2026 2830 2662 2907 Pseudo-Isidorum,
2737 2852 2941 2913 quum

631 2929 710 2993 ad
754 2928 948 2992 finem
995 2950 1181 2992 suum
1227 2949 1385 3010 opus
1431 2923 1892 3008 conduceret.²)

357 3092 582 3163 Capitula·
807 3081 910 3143 50.
961 3077 1267 3143 Collectio
1317 3073 1771 3157 Capitulorum
1818 3074 2244 3158 Anqilramrzi
2294 3076 2498 3140 multo
2544 3077 2795 3139 brevior
2843 3087 2944 3139 est·

313 3155 597 3208 Angssmmm’
633 3175 1056 3260 praecedenti.
1153 3172 1311 3257 Ejus
1362 3174 1697 3255 inscriptio
1741 3178 1868 3237 est:
1925 3172 2039 3236 Ea:
2088 3171 2357 3236 Graecis
2397 3175 2457 3235 et
2501 3169 2770 3236 Latinis
2820 3169 2941 3236 Ga-

633 3270 912 3336 riom‘bus
978 3273 1041 3333 et
1094 3267 1380 3351 Synodis
1438 3267 1763 3334 Romanis
1816 3271 2010 3350 atque
2067 3267 2366 3332 Decretis
2417 3267 2805 3333 Praesulum
2865 3287 2944 3332 ac

632 3366 1021 3449 Principum
1066 3367 1520 3431 Romanorum
1564 3364 1719 3430 haec
1769 3363 2077 3448 Capitula
2123 3364 2405 3447 sparsim
2461 3364 2719 3429 collecta
2762 3368 2940 3444 sunt,

633 3468 692 3528 et
777 3463 1212 3547 Artyilramrzo
1291 3460 1822 3527 Mediomatricae
1899 3462 2267 3546 (Metensis)
2350 3460 2535 3527 urbis
2618 3460 2944 3544 Episcopo

633 3561 880 3626 Romae
925 3581 967 3625 a
1014 3559 1192 3624 beato
1240 3559 1427 3641 Papa
1476 3558 1775 3624 Adriano
1823 3558 2072 3623 tradita
2126 3557 2244 3624 sub
2291 3557 2393 3622 die
2438 3556 2646 3621 XIII.
2692 3557 2941 3622 Kalen-

633 3657 867 3722 darum
930 3654 1301 3721 Octobrium
1358 3652 1726 3720 Indictione
1781 3673 1984 3732 riona,
2053 3651 2310 3735 quando
2356 3673 2482 3736 pro
2537 3651 2645 3718 sui
2697 3653 2946 3736 ‘nepotii

633 3773 831 3819 causa
877 3752 1206 3835 aqebatur.
1283 3752 1592 3817 Continet
1641 3756 1851 3815 aut-em
1900 3750 2207 3815 Collectio
2257 3750 2554 3835 Capitula
2599 3750 2947 3836 sexaginta

633 3858 697 3916 et
761 3874 957 3915 unum
1021 3872 1217 3934 eaque
1272 3849 1491 3933 paucis
1546 3848 1758 3911 verbis
1819 3851 2140 3930 concepta.
2235 3848 2468 3913 Merito
2529 3849 2723 3912 etiam
2782 3846 2945 3912 haec

813 4037 855 4108 ¹)
895 4040 1001 4093 Cfr.
1037 4041 1341 4106 Balutium‚
1377 4041 1555 4097 Praef.
1595 4040 1661 4127 in·
1692 4039 1924 4106 Capitul.
1965 4038 2148 4093 Caroli
2185 4039 2288 4105 M.‚
2329 4038 2537 4108 Migne,
2574 4039 2638 4093 P.
2678 4039 2741 4092 L.
2774 4044 2813 4091 t.
2853 4043 2943 4092 97.

632 4120 732 4175 ⁰01·
772 4125 854 4264 6ἒ)
887 4198 952 4251 V.
993 4197 1226 4267 Ti’ibing.
1269 4197 1700 4264 Quartalschrift
1740 4199 1894 4262 1866,
1930 4213 1981 4264 p.
2019 4197 2124 4249 485
2162 4211 2277 4264 sqq.
2869 4158 2876 4164 -
