3270 5028
858 449 1104 501 Eventus
1143 452 1265 514 post
1304 445 1601 501 Concilium
1640 461 1749 499 oec.
1776 444 1931 537 VIII.
2452 446 2557 496 409

246 588 573 671 expetivit.
676 587 1167 654 Prohibueram
1222 586 1395 651 enim
1450 607 1595 651 eum
1646 584 2001 651 sacerdotio
2041 583 2252 666 funqi
2311 603 2561 665 quoquo

250 686 435 750 modo
480 684 878 750 sanctissimi
929 683 1168 749 vicarii
1225 682 1545 749 almitatis
1602 687 1879 761 vestrae,
1937 686 1998 745 et
2053 680 2223 762 quod-
2283 679 2560 745 subscri-

241 781 481 864 pserit,
538 787 612 847 ut
647 782 997 863 fatebatur
1042 781 1114 845 in
1175 800 1317 845 eam
1378 800 1541 862 quae
1592 779 1776 860 facta
1825 782 1919 841 est
1973 777 2052 842 ab
2114 776 2563 860 infelicissimo

252 878 489 944 Photio
537 878 726 960 quasi
771 877 1081 960 depositio
1140 875 1496 941 beatissimi
1536 881 1597 941 et
1642 874 1870 958 optim-i
1916 874 2140 957 patris
2185 874 2397 939 nostri
2442 873 2577 937 Ni-

249 975 419 1040 colai
463 975 809 1040 decessoris
853 973 1227 1039 sanctitatis
1273 978 1441 1039 tuae.
1532 973 1715 1037 Haec
1762 977 1918 1037 sunt
1963 972 2038 1035 de
2098 971 2332 1053 quibus
2376 991 2564 1053 roya-

249 1093 400 1137 mus
466 1072 879 1137 sanctitatem
938 1076 1249 1151 vestram,
1312 1075 1389 1135 ut
1451 1069 1510 1133 si
1563 1068 1872 1150 possibile
1935 1069 2023 1132 sit
2083 1072 2316 1134 utatur
2378 1067 2566 1132 verbo

251 1168 761 1250 dispensationis
806 1172 866 1232 et
910 1166 1392 1232 misericordiae
1448 1165 1523 1230 in
1569 1164 1700 1244 his,
1738 1186 1908 1240 cum
1954 1164 2174 1229 omnia
2215 1164 2352 1229 alia
2401 1163 2567 1245 opti-

254 1286 432 1330 mum
474 1270 535 1330 et
580 1265 974 1330 commodum
1019 1264 1214 1345 finem
1259 1284 1335 1329 ac
1380 1261 1864 1345 dispositionem
1910 1261 2390 1345 susceperint.¹)

435 1425 579 1490 102.
630 1423 988 1507 Respondit
1041 1422 1408 1487 Hadrianus
1463 1422 1698 1486 litteris
1755 1420 1834 1484 ad
1881 1417 2346 1503 Imperatorem
2406 1441 2590 1503 quae.

253 1523 551 1605 integrae
623 1516 962 1602 exstant,²)
1038 1524 1103 1582 et
1176 1520 1449 1601 epistola
1515 1517 1593 1580 ad
1657 1516 1989 1601 Ignatium
2066 1518 2244 1599 cujus
2311 1521 2569 1580 tantum

256 1620 624 1702 fragmenta
697 1612 1123 1700 supersunt.3)
1228 1615 1437 1679 Multa
1511 1616 1581 1677 in
1651 1614 1857 1697 prima
1932 1613 2201 1696 epistola
2277 1613 2431 1676 dicit
2500 1613 2571 1675 in

254 1702 507 1779 laudem
562 1712 978 1797 Imperatoris
1033 1710 1289 1794 Basilii,
1360 1712 1469 1776 sed
1529 1711 1791 1793 sugillat
1853 1731 2030 1787 eum,
2107 1710 2276 1793 quod
2330 1710 2570 1792 absque

258 1811 577 1896 praesidio
620 1811 871 1895 legatos
919 1810 1270 1888 remiserit,
1325 1810 1421 1872 ita
1466 1814 1541 1872 ut
1588 1809 1656 1871 in
1707 1808 2077 1891 regionibus
2123 1806 2241 1869 sub
2289 1805 2570 1889 ejusdem

254 1908 522 1991 imperio
568 1906 939 1972 constitutis
989 1928 1027 1969 a
1082 1906 1307 1988 piratis
1354 1906 1525 1988 capti
1582 1904 1845 1968 fuerint.
1939 1901 2106 1967 Dein
2166 1907 2429 1986 questus
2476 1906 2574 1965 est

257 2005 337 2068 de
384 2004 671 2088 Ignatio,
728 2002 897 2086 quod
938 2001 1258 2086 Bulgaris
1284 2002 1653 2066 antistitem
1699 2022 1736 2063 a
1783 2022 1851 2064 se
1899 1999 2267 2064 ordinatum
2315 1999 2574 2062 mittere

2638 1422 2849 1464 Hadriani

2626 1495 2846 1537 responsa.

259 2101 785 2185 praesumpserit,
857 2102 921 2163 et
974 2099 1491 2183 jurisdictionem
1551 2100 1621 2162 in
1686 2098 1864 2161 illam
1933 2096 2327 2180 provinciam
2392 2117 2574 2159 usur·
2656 2173 2671 2185 ς

258 2197 530 2281 paverit.
633 2197 802 2278 Qua,
836 2195 913 2259 de
980 2217 1049 2258 re
1117 2196 1310 2259 etiam
1377 2197 1449 2259 in
1522 2195 1792 2278 epistola
1860 2195 1939 2257 ad
2008 2186 2336 2276 Ignatium
2406 2191 2578 2256 hunc

258 2295 539 2357 severius
584 2299 836 2370 monet,
889 2292 1207 2374 simulque
1262 2292 1318 2354 ei
1378 2292 1752 2376 exprobrat,
1811 2290 1980 2373 quod
2036 2293 2261 2353 contra
2304 2310 2576 2353 canones

262 2396 330 2455 et
384 2391 584 2473 ipsius
642 2390 907 2453 ultimae
964 2386 1208 2470 Synodi
1257 2388 1581 2452 decretum
1643 2393 1719 2452 e'x
1778 2387 1956 2451 laicis
2010 2388 2150 2450 sine
2207 2384 2576 2449 interstitiis

261 2486 562 2552 diaconos
617 2486 1025 2552 ordinaverit.
1128 2485 1662 2568 Dispensationes
1722 2484 1960 2569 petitas
2021 2505 2169 2548 vero
2233 2484 2576 2548 concedere

262 2587 515 2648 recusat
559 2584 890 2661 Pontifex,
945 2585 1043 2646 uti
1091 2605 1171 2646 ex
1217 2581 1456 2646 litteris
1504 2583 1584 2645 ad
1628 2582 1941 2646 Basilium
1989 2580 2334 2664 colligitur.
2420 2578 2575 2642 Per-

265 2681 574 2744 niciosum
606 2702 745 2744 esse
787 2678 1261 2755 animadvertit,
1303 2679 1443 2742 sine
1488 2679 1886 2763 gravissimis
1916 2677 2172 2742 motivis
2203 2675 2576 2758 disciplinae

261 2777 614 2841 canonibus
656 2782 852 2860 atque
900 2777 1162 2841 statutis
1209 2777 1545 2860 derogare,
1593 2775 2053 2857 Romanaeque
2102 2774 2402 2837 ecclesiae
2449 2793 2576 2835 mo·

264 2894 397 2938 rem
447 2874 697 2937 levitati
745 2872 1167 2938 Orientalium
1218 2873 1377 2936 scite
1425 2874 1712 2955 opponit.
1783 2867 2107 2934 Porroae
2158 2867 2369 2933 tribus
2409 2866 2580 2950 capi-

266 2971 445 3049 tulis,
493 2971 735 3046 scribit,
782 2989 977 3051 super
1024 2967 1277 3049 quibu-3,
1315 2968 1625 3050 praefato
1660 2966 2037 3050 postulante
2082 2970 2215 3029 smo
2258 2965 2473 3047 fratre
2519 2969 2580 3028 et

268 3066 626 3148 coepiscopo
670 3070 891 3130 nostro
938 3064 1234 3147 IgnatiO,
1294 3063 1615 3129 divinitus
1656 3066 2022 3146 protectum
2066 3061 2426 3143 Imperium
2474 3082 2577 3124 ve—

228 3181 232 3185 ’
267 3169 480 3228 strum
526 3183 645 3228 nos
696 3162 1106 3244 deprecatum
1162 3182 1293 3225 esse
1345 3160 1777 3243 diynoscitur‚
1843 3159 1942 3223 nil
1988 3179 2337 3240 possumus
2383 3157 2462 3223 ab
2511 3178 2578 3221 eo

268 3261 438 3343 quod
479 3260 629 3343 jam
690 3259 1113 3324 constitutum
1159 3263 1252 3323 est
1313 3257 1620 3322 ordinare
1679 3255 2006 3321 diversum
2069 3255 2167 3319 vel
2226 3255 2579 3337 disponere,

270 3358 554 3423 maxime
598 3357 673 3421 de
720 3355 947 3421 Photii
993 3355 1499 3420 consecratione:
1558 3403 1571 3417 .
1619 3403 1632 3418 .
1683 3403 1695 3417 .
1753 3353 1888 3418 nisi
1937 3353 2111 3436 forte
2156 3373 2274 3417 nos
2321 3352 2580 3434 quibus-

272 3455 425 3519 dam
467 3475 547 3518 eoe
578 3458 859 3535 utraque
895 3456 1089 3534 parte
1136 3452 1210 3516 in
1237 3450 1616 3533 praesentia
1663 3455 1889 3515 nostra
1934 3449 2211 3532 repertis
2242 3447 2585 3532 contiyerit

272 3551 455 3630 scire,
505 3571 669 3633 quae
716 3571 917 3632 usque
963 3549 1096 3614 huc·
1133 3547 1483 3625 nescimus,
1540 3548 1638 3612 vel
1690 3547 1930 3612 discere
1976 3567 2140 3629 quae
2183 3567 2360 3612 nunc
2396 3545 2580 3628 peni·

276 3653 382 3712 tus
440 3648 838 3730 iynoramus.
950 3647 1102 3711 Non
1165 3636 1368 3710 enim*
1398 3644 1474 3710 in
1536 3644 1721 3710 nobis
1785 3649 1904 3723 est,
1964 3648 2026 3708 et
2081 3665 2212 3709 non
2273 3648 2380 3707 est.
2444 3692 2458 3707 .
2505 3696 2518 3711 .
2569 3695 2582 3710 .

277 3745 376 3810 Ab
419 3744 555 3810 illis
610 3744 843 3830 quippe
888 3741 1352 3808 sacratissimis
1409 3741 1797 3823 constitutis,
1845 3761 2007 3823 quae
2053 3740 2149 3805 vel
2200 3740 2584 3823 apostolicae

276 3842 622 3907 memoriae
658 3840 1111 3923 praedecessor
1156 3843 1373 3904 noster
1407 3859 1589 3922 papa
1635 3837 1948 3905 Nicotaus
1995 3843 2187 3903 antea
2233 3836 2585 3903 salubriter

458 4096 498 4161 ¹)
535 4095 739 4161 Labbe‚
778 4095 913 4149 coll.
954 4095 1114 4148 Conc.
1155 4095 1216 4147 Τ.
1245 4093 1402 4148 VIII.
1443 4093 1543 4147 col.
1585 4094 1736 4145 1171.

457 4173 499 4241 2)
537 4172 719 4227 Labbe
748 4175 901 4228 VIII.
945 4176 1096 4227 1173.
1419 4170 1459 4238 3)
1498 4171 1687 4226 Labbe
1709 4171 1867 4225 VIII.
1909 4173 2059 4225 1185.
