3270 5028
657 423 760 474 248
1007 421 1157 474 XVI.
1196 422 1404 483 Causae
1442 422 1680 478 celebres
1716 428 1772 479 et
1807 423 2125 478 Decretales
2160 423 2611 478 Pseudo-Isidori.

656 584 935 626 manam.
1028 559 1150 626 Sed
1209 564 1290 627 ab
1339 564 1687 628 Hincmaro
1746 570 1812 630 et
1865 567 2270 651 congregatis
2325 588 2466 631 cum
2513 568 2664 653 ,ipso
2724 565 2972 648 episco-

654 659 753 743 pis
813 659 1012 724 veluti
1073 665 1415 724 contumax
1473 661 1800 744 depositus
1866 666 1929 726 et
1988 663 2057 727 in
2120 663 2578 727 monasterium
2637 661 2973 746 relegatus

656 757 799 820 fuit.
891 755 1281 820 Hincmarus
1336 760 1471 821 tam
1519 757 1698 842 regio
1755 780 1947 842 quam
2002 780 2118 823 suo
2174 758 2434 823 nomine
2482 756 2773 822 Odonem
2817 755 2974 820 Bel-

272 828 630 935 (μωωνκὲθ
658 856 1056 919 lovacensem
1105 853 1467 937 episcopum
1516 853 1785 919 Romam
1846 855 2050 931 misit,
2108 855 2215 939 qui
2270 855 2497 938 synodi
2545 853 2971 920 Suessionen-

658 951 743 1015 sis
800 956 867 1014 et
920 949 1335 1033 depositionis
1384 950 1717 1032 Rothadii,
1774 953 1960 1036 quasi
2014 975 2052 1015 a
2098 952 2424 1036 judicibus
2479 952 2561 1015 ab
2616 973 2690 1015 eo
2748 949 2970 1014 electis

657 1048 891 1123 factae,
954 1046 1505 1111 confirmationem
1564 1071 1602 1111 a
1650 1045 1813 1122 Sede
1863 1047 2236 1132 Apostolica
2285 1053 2550 1132 peteret.
2649 1045 2774 1110 Sed
2821 1046 2968 1129 jam

658 1148 810 1208 ante
872 1142 1219 1207 adventum
1283 1141 1527 1208 Odonis
1589 1145 1668 1209 ad
1709 1143 2070 1210 'Nicolaum
2131 1144 2381 1209 delatae
2442 1150 2597 1208 sunt
2657 1140 2972 1208 Rothadii

658 1242 735 1305 de
790 1240 980 1304 rebus
1033 1243 1236 1324 gestis
1294 1243 1593 1326 querelae
1653 1246 1721 1306 et
1776 1242 2123 1326 appellatio
2178 1243 2318 1326 ejus
2376 1242 2457 1305 ad
2515 1240 2741 1305 Sedem
2786 1240 2968 1322 Apo·

657 1337 970 1402 stolicam.
1049 1336 1274 1402 Plures
1321 1338 1523 1422 igitur
1565 1339 1634 1403 in
1680 1339 1799 1404 hoc
1845 1339 2109 1423 negotio
2139 1329 2444 1403 Pontifeir
2492 1337 2667 1402 dedit
2712 1337 2969 1401 litteras

658 1435 877 1518 magni
926 1435 1233 1498 momenti
1281 1440 1418 1498 tum
1476 1434 1556 1499 ad
1600 1434 2054 1513 Hincmarum,
2114 1440 2251 1500 tum
2309 1435 2384 1499 ad
2437 1435 2595 1500 alios
2642 1433 2969 1516 episcopos

604 1598 613 1617 f
660 1534 796 1615 ejus
854 1532 1054 1596 socios
1110 1538 1175 1594 et
1236 1531 1312 1595 ad
1374 1530 1670 1596 Carolum
1721 1531 2003 1597 Calvum.
2099 1531 2384 1595 Rescidit
2439 1530 2740 1595 Pontifex
2798 1531 2972 1595 Acta

522 1582 592 1755 ὗ
670 1629 899 1712 synodi
969 1626 1475 1704 SuessionensiS,
1546 1628 1716 1713 quod
1792 1626 2194 1693 Sardicenses
2257 1648 2536 1693 canones
2611 1626 2687 1689 de
2757 1623 2968 1708 appel·

661 1725 1012 1789 lationibus
1073 1724 1508 1808 episcoporum
1568 1729 2006 1789 accusatorum
2065 1725 2288 1788 violati
2346 1728 2585 1799 essent3
2661 1727 2726 1786 et
2786 1743 2970 1786 man·

659 1822 854 1898 davit,
902 1827 975 1885 ut
1008 1820 1399 1885 Rothadium
1429 1823 1508 1885 ab
1542 1822 1734 1885 exilio
1766 1830 2157 1899 revocarent,
2209 1826 2274 1885 et
2322 1820 2401 1884 ad
2432 1818 2661 1884 Sedem
2689 1821 2968 1902 Aposto-

660 1919 846 1981 licam
911 1918 1221 2000 proficisci
1268 1919 1720 2001 permitterent
1780 1939 1923 1982 cum
1967 1917 2220 1983 illorum
2280 1917 2531 2001 legatiS,
2591 1922 2665 1981 ut
2725 1915 2998 1979 Romae*

655 2013 962 2098 judicium
1021 2013 1181 2077 illud
1228 2018 1712 2078 retractaretur.
1816 2014 1980 2078 Tum
2038 2013 2392 2077 Hincmaro
2446 2020 2589 2076 tum
2644 2012 2783 2076 aliis
2841 2011 2970 2093 epi·

662 2111 866 2192 scopis
911 2131 1148 2193 poenas
1201 2111 1539 2178 canonicas
1596 2129 1834 2193 magna
1890 2131 2033 2173 cum
2089 2112 2471 2174 auctoritate
2519 2110 2803 2175 minatus
2853 2112 2972 2185 est,

664 2206 788 2270 nisi
846 2205 1398 2289 obtemperarent,
1457 2227 1674 2290 regem
1730 2228 1882 2270 vero
1941 2208 2219 2288 monuit,
2283 2215 2358 2271 ut
2403 2205 2797 2271 Rothadium
2851 2227 2974 2268 suo

663 2302 956 2387 adjutum
1006 2304 1237 2367 solatio
1285 2302 1555 2366 Romam
1611 2303 1946 2387 dirigeret,
2008 2301 2316 2388 Sedisque
2372 2303 2779 2386 Apostolicae
2836 2301 2974 2384 pri-

663 2399 899 2483 vilegia
942 2400 1010 2462 in
1058 2420 1176 2463 suo
1222 2420 1421 2483 regno
1467 2400 1770 2464 firmaret.

360 2559 618 2664 ἓζέἒζξὲἕξ
843 2560 946 2625 35.
1017 2558 1406 2637 Rothadius‚
1478 2565 1739 2643 accepta
1807 2586 1845 2625 a
1900 2582 2048 2646 rege
2116 2561 2445 2636 libertate,
2517 2583 2573 2624 a.
2636 2560 2763 2623 864
2825 2563 2978 2642 post

382 2654 627 2706 Α-κέ
667 2656 843 2720 varia
915 2661 1217 2739 superata
1289 2656 1750 2740 impedimenta
1827 2657 2096 2722 Romam
2168 2658 2486 2741 pervenit,
2560 2680 2634 2722 ac
2702 2655 2979 2720 Nicolao

668 2750 957 2838 lffifilfflm,
995 2751 1537 2838 ,proclamatissnis
1592 2754 1859 2832 obtulit,
1918 2777 2045 2839 quo
2103 2754 2406 2819 Pontifici
2464 2753 2666 2818 totius
2723 2751 2976 2836 negotii

668 2850 896 2943 seriem
957 2850 1270 2932 exposuit.
1286 2847 1334 2928 1)
1445 2849 1679 2931 Legati
1743 2850 2185 2934 episcoporum
2250 2854 2317 2914 et
2372 2849 2581 2914 Caroli
2653 2846 2829 2912 Calvi
2890 2848 2980 2910 ab

668 2946 1061 3029 Imperatore
1125 2945 1450 3010 Ludovico
1496 2945 1578 3011 Π.
1652 2946 1943 3031 impediti
2011 2947 2221 3023 fuere,
2290 2947 2632 3031 quominus
2704 2944 2977 3008 Romam

666 3043 792 3107 iter
859 3048 1424 3127 prosequerentur,
1500 3047 1567 3107 et
1634 3044 1760 3107 ista
1829 3043 1908 3107 de
1975 3065 2046 3107 re
2121 3044 2369 3107 occulte
2438 3041 2776 3107 Nicolaum
2844 3062 2980 3103 cer·

667 3143 896 3204 tiorem
954 3140 1388 3234 reddiderunt.
1506 3139 1811 3205 Pontifex
1868 3147 2083 3204 tamen
2158 3141 2373 3223 potius
2434 3139 2791 3222 suspicatus
2854 3141 2983 3212 est,

669 3260 772 3301 eos
836 3236 1071 3320 effugio
1131 3237 1405 3321 quodam
1458 3237 1585 3310 uti,
1654 3242 1719 3299 et
1779 3258 1975 3320 quum
2042 3259 2157 3320 per
2222 3258 2334 3300 sex
2397 3256 2651 3299 menses
2714 3254 2986 3298 accusa·-

667 3339 838 3396 tores
893 3332 1025 3396 sive
1081 3333 1589 3415 expostulatores
1654 3339 1879 3397 contra
1933 3332 2325 3398 Rothadium
2383 3336 2838 3416 exspectasset,
2903 3330 2979 3392 in

669 3428 1003 3512 pervigilio
1068 3427 1451 3493 Nativitatis
1516 3427 1780 3494 Domini
1854 3430 2010 3493 anni
2075 3428 2202 3493 864
2276 3430 2343 3493 in
2411 3429 2671 3493 basilica
2735 3426 2981 3490 Beatae

671 3525 913 3588 Mariae
981 3523 1272 3609 Virginis
1341 3523 1420 3587 ad
1490 3526 1805 3609 Praesepe
1876 3548 2090 3591 coram
2161 3527 2505 3610 episcopis,
2582 3523 2980 3608 presbyteris

670 3629 735 3686 et
801 3620 1118 3699 diaconiS,
1187 3642 1445 3685 causam
1521 3621 1822 3687 Rothadii
1890 3623 2298 3687 Allocutione
2365 3622 2590 3687 habita
2660 3620 2984 3705 exposuit,

672 3724 735 3783 et
790 3718 891 3800 deu
921 3718 1202 3802 quinium
1266 3718 1509 3802 judicio
1568 3719 1970 3784 vestimentis
2031 3719 2492 3803 episcopalibus
2547 3740 2692 3782 eum
2756 3717 2982 3780 ornari

664 3817 876 3900 jussit.
987 3814 1108 3879 Die
1162 3836 1312 3879 vero
1378 3816 1480 3881 22.
1527 3815 1827 3880 Januarii
1884 3838 2057 3881 anno
2114 3818 2239 3881 865
2295 3816 2362 3879 in
2425 3805 2684 3898 synodo*
2733 3805 2990 3878 Rotha-

670 3913 844 3977 dium
891 3913 961 3976 in
1015 3910 1357 3994 pristinum
1402 3913 1665 3995 gradum
1726 3913 2041 3989 restituit,
2102 3919 2167 3976 et
2213 3911 2291 3975 ad
2337 3912 2548 3976 sedem
2606 3932 2786 3975 suam
2831 3931 2988 3974 cum

850 4154 894 4222 ¹)
934 4154 998 4207 V.
1034 4155 1217 4208 Labbe
1255 4155 1318 4207 Τ.
1347 4154 1498 4208 VIII.
1539 4154 1642 4211 col.
1679 4157 1798 4210 785.
