3270 5028
1086 459 1337 514 Eventus
1373 459 1514 514 varii
1551 460 1876 515 referuntur.
2539 462 2656 513 139Ι

330 623 450 684 pus
495 600 979 685 Lugdunensis3
1039 622 1183 664 cum
1238 583 1667 685 hiscestatque
1723 623 1867 666 cum
1918 602 2140 666 multis
2179 600 2420 665 -Italiae
2477 622 2637 683 prae-

331 699 573 762 sulibus
642 698 946 762 Pontifex
1014 719 1233 761 mense
1303 697 1511 781 Aprili
1579 720 1631 761 a.
1700 699 1823 761 769
1892 697 2205 781 synodum
2277 696 2646 761 celebravit.

334 794 796 859 Constantinus
844 793 1023 859 Sedis
1076 795 1459 877 apostolicae
1512 796 1771 859 invasor
1824 796 2031 878 prima
2076 794 2358 858 sessione
2404 812 2642 875 magna

333 913 477 956 cum
537 891 932 970 humilitate,
1002 891 1171 974 quod
1237 893 1372 974 ipse
1436 890 1637 955 laicus
1700 891 1915 955 subito
1974 891 2044 954 in
2103 890 2317 954 sedem
2365 891 2642 973 Aposto-

333 989 519 1052 licam
588 989 975 1068 ascenderit,
1054 993 1468 1052 excusaverat
1541 993 1606 1052 et
1677 988 1930 1051 veniam
1998 1010 2069 1052 ac
2145 985 2640 1050 misericordiam

333 1086 602 1168 supplex
648 1085 946 1168 petierat.
1038 1083 1164 1149 Sed
1210 1085 1338 1148 alia
1385 1085 1455 1148 in
1502 1085 1786 1149 sessione
1844 1107 1986 1149 cum
2040 1085 2415 1168 arrogantia
2469 1079 2646 1146 nihil

331 1179 485 1245 novi
559 1200 624 1244 se
697 1179 925 1262 fecisse
1002 1179 1366 1257 contendit,
1456 1181 1801 1265 allatisque
1877 1180 2258 1265 quibusdam
2334 1178 2650 1261 exemplis

331 1278 574 1342 factum
645 1278 971 1342 vindicare
1037 1299 1226 1341 ausus
1293 1281 1409 1341 est.
1513 1275 1725 1361 „Dum
1796 1299 1975 1354 vero,
2045 1276 2278 1340 dicitur
2345 1276 2416 1338 in
2494 1273 2656 1338 Vita.

334 1371 652 1456 Stephani
697 1372 866 1453 HL,
924 1374 1082 1438 talia
1128 1373 1325 1437 isdem
1374 1371 1846 1449 Constantinus
1892 1376 2407 1458 persequeretur,
2472 1373 2643 1436 illico

332 1471 484 1535 irati
540 1472 676 1534 zelo
726 1471 1188 1534 ecclesiasticae
1243 1468 1612 1534 traditionis
1671 1470 1958 1534 universi
2015 1470 2377 1535 sacerdotes
2441 1470 2656 1552 alapis

333 1568 474 1652 ejus
536 1567 844 1632 cervicem
907 1567 1169 1631 caedere
1230 1566 1568 1641 facienteS,
1634 1589 1776 1629 eum
1847 1571 2029 1630 extra
2087 1566 2373 1630 eamdem
2448 1565 2644 1629 eccle·

332 1665 489 1728 siam
541 1663 1048 1729 Lateranensem
1096 1659 1550 1748 ejecerunt.“¹)
1645 1661 2105 1727 Vehementius
2164 1668 2451 1726 auctores
2498 1662 2641 1744 qui-

333 1761 479 1824 dam
524 1761 754 1844 synodi
796 1759 1120 1843 praesules
1167 1760 1248 1824 ob
1294 1759 1651 1823 barbariem
1702 1759 2020 1823 crudelem
2066 1759 2410 1843 sugillant,
2472 1760 2650 1822 inter

334 1879 493 1941 quos
543 1856 858 1933 Mai-tene,
917 1857 1123 1920 citans
1172 1857 1367 1920 etiam
1416 1855 1878 1931 Muratorium,
1940 1878 2015 1919 ex
2063 1859 2373 1919 contextu
2417 1855 2644 1937 opina-

333 1959 443 2018 tur
487 1954 836 2032 insinuari,
892 1955 1063 2036 ipsos
1122 1953 1446 2036 episcopos
1503 1974 1731 2015 manus
1785 1953 2082 2016 intulisse
2130 1946 2655 2033 Constantino.²)

335 2050 574 2133 Rejicit
634 2054 850 2114 autem
913 2050 1517 2132 interpretationem
1568 2049 1709 2113 Em.
1773 2048 2262 2134 Hergenriither
2310 2047 2391 2112 K.
2454 2046 2529 2111 G.
2588 2046 2644 2110 Ι.

335 2147 509 2229 497),
556 2169 670 2230 per
715 2147 893 2224 alios,
942 2145 1235 2210 videlicet
1280 2167 1391 2229 per
1438 2146 1767 2211 ministros
1816 2145 2078 2229 synodi,
2129 2144 2329 2228 alapis
2373 2144 2648 2227 pseudo·

337 2266 565 2327 papam
625 2243 924 2308 affectum
988 2243 1203 2307 fuisse}
1316 2241 1438 2306 Sed
1512 2241 1621 2326 qui
1691 2242 1982 2325 linguam
2053 2242 2325 2306 latinam
2397 2241 2642 2304 intelli-

332 2345 502 2425 gunt
546 2340 959 2417 convenient,
1015 2339 1188 2403 hunc
1232 2341 1516 2422 apprime
1575 2360 1712 2403 esse
1766 2360 2023 2403 sensum
2084 2339 2372 2402 nativum
2423 2341 2656 2401 textus

336 2443 404 2501 et
445 2437 730 2516 obvium,
796 2437 1039 2520 „alapis
1096 2437 1401 2500 cervicem
1466 2438 1602 2521 ejus
1662 2434 1925 2499 caedere
1980 2433 2363 2524 facientes&
2429 2437 2494 2497 et
2548 2455 2643 2497 ar-

251 2617 256 2622 ⁴
334 2535 662 2599 bitrariam
724 2536 988 2600 omnino
1047 2556 1183 2599 esse
1229 2535 1420 2598 aliam
1479 2533 1966 2617 expositionem.
2059 2532 2153 2597 Eo
2197 2487 2491 2595 videlicet
2545 2553 2657 2595 res

335 2630 688 2708 reducitur,
770 2630 938 2715 quod
1012 2636 1227 2714 patres
1295 2630 1553 2713 synodi,
1631 2629 1923 2694 videntes
1993 2628 2405 2694 Constantini
2476 2649 2645 2691 arro-

334 2731 600 2812 gantem
668 2728 1088 2810 proterviam,
1172 2749 1407 2812 magna
1482 2726 1932 2810 indignatione
2012 2725 2313 2790 commoti
2384 2724 2648 2788 manda·

337 2825 575 2903 verint,
630 2829 704 2887 ut
749 2847 890 2888 cum
939 2825 1299 2909 ignominia
1345 2847 1418 2888 ex
1469 2823 1732 2888 ecclesia
1782 2823 2135 2907 ejiceretur.
2231 2823 2471 2904 Alapas
2512 2842 2642 2885 non

338 2921 548 2998 faciei,
595 2920 705 2985 sed
750 2922 979 2985 cervici
1027 2922 1250 3002 (retro)
1308 2923 1620 3004 impactas
1677 2920 1901 2996 fuisse,
1961 2919 2153 2982 etiam
2203 2917 2493 2981 Martens
2549 2916 2653 2979 ad·

338 3018 559 3082 mittit.
660 3016 810 3082 Non
868 3022 1034 3095 erat,
1098 3040 1209 3082 cur
1267 3017 1342 3080 ad
1407 3015 1746 3080 Muratorii
1806 3016 2194 3080 sententiam
2251 3016 2656 3097 provocaret,

337 3136 491 3178 nam
544 3114 597 3177 is
658 3136 791 3178 non
851 3116 1206 3179 accuratius
1269 3135 1400 3177 rem
1462 3114 1816 3192 examinat,
1876 3113 1986 3176 sed
2047 3115 2302 3174 tantum
2364 3110 2650 3172 breviter

339 3232 479 3274 eam
535 3210 777 3294 tangit,
843 3232 915 3275 ac
963 3212 1175 3274 minus
1233 3214 1527 3274 accurate
1584 3210 1809 3285 etiam,
1872 3205 2109 3289 faciem
2157 3208 2357 3290 alapis
2413 3206 2645 3290 (guan-

337 3304 532 3389 ciate)
587 3328 834 3371 caesam
893 3309 1090 3372 fuisse
1146 3303 1550 3391 significat.·⁹’.)
1615 3342 1698 3349 —
1764 3302 1835 3369 Si
1882 3305 1978 3368 cui
2035 3303 2354 3387 displicet,
2427 3301 2660 3365 rudius

340 3404 839 3468 Constantinum
906 3404 1376 3488 pseudopapam
1447 3403 1529 3466 ob
1591 3424 1773 3465 suam
1842 3402 2228 3485 proterviam
2297 3403 2650 3464 tractatum

337 3500 562 3575 fuisse,
639 3500 810 3563 haud
881 3500 1280 3564 laudabimus
1357 3498 1610 3582 quidem
1689 3503 2047 3581 temporum
2126 3496 2437 3581 ejusmodi
2513 3517 2648 3558 mo—

519 3724 559 3789 ¹)
597 3724 653 3777 C.
692 3723 843 3777 XIX.

516 3802 558 3868 ²)
597 3801 701 3856 Die
738 3802 1010 3856 romische
1045 3801 1229 3869 Frage
1267 3806 1371 3855 etc.
1408 3818 1460 3869 p.
1502 3803 1618 3854 121.

519 3880 562 3949 ³)
601 3880 801 3935 Scribit
837 3880 1103 3935 Muratori
1149 3880 1364 3948 paucis:
1419 3881 1478 3948 „1
1516 3879 1677 3934 Preti
1724 3879 1804 3947 gli
1852 3879 2069 3933 diedero
2117 3878 2282 3932 molte
2334 3877 2659 3946 guanciate,

339 3976 368 4014 e
408 3960 448 4013 il
489 3961 803 4015 cacciarono
838 3960 986 4014 fuori
1024 3959 1081 4013 di
1117 3960 1301 4027 quella
1337 3975 1492 4014 sacra
1521 3957 1882 4012 assembloa.“
1942 3957 2144 4012 Annali
2182 3973 2228 4010 a.
2257 3960 2374 4010 769.
2410 3957 2662 4011 Possunt

338 4039 474 4093 haec
522 4041 690 4093 verba
734 4038 1023 4093 Muratorii
1072 4039 1239 4093 etiam
1287 4039 1369 4092 ita
1417 4037 1691 4106 intelligi,
1748 4041 1809 4089 ut
1858 4052 1966 4090 non
2011 4051 2108 4103 per
2161 4051 2219 4090 se
2265 4036 2361 4089 sed
2408 4051 2505 4102 per
2547 4035 2648 4088 mi-

338 4117 544 4172 nistros
594 4117 708 4173 ista
752 4118 983 4173 fecerint
1030 4117 1342 4185 praesules,
1399 4116 1848 4185 quemadmodum
1902 4130 1970 4169 ex
2018 4121 2176 4170 textu
2229 4114 2402 4168 latino
2453 4130 2654 4169 revera

341 4196 637 4265 colligitur.
