3270 5028
632 447 737 498 214
1104 420 1222 497 Xii.
1260 444 1343 498 De
1381 443 1613 510 Imperio
1652 447 1707 496 et
1745 442 1811 497 de
1847 442 2094 498 Ecclesia
2131 458 2274 497 saec.
2314 458 2470 497 nono.

635 587 833 650 sionis
895 608 1040 649 eum
1097 584 1510 650 commonuit.
1604 583 1758 648 Mox
1812 584 2007 648 etiam
2064 584 2352 649 ‚loannes
2408 571 2678 648 Romam
2736 582 2965 666 profe-

634 686 776 746 ctus
833 680 914 765 (a.
957 681 1110 761 861)
1154 680 1450 745 Pontifici
1517 702 1583 744 se
1648 680 1977 751 humiliter
2038 680 2349 764 subjecit,
2413 687 2479 744 et
2546 680 2628 744 ab
2693 700 2963 743 excom-

606 778 1070 842 'municatione
1116 778 1448 842 absolutus
1495 781 1613 842 est.
2828 804 2838 809 ·

814 917 914 980 54.
969 916 1321 997 Postquam
1377 939 1490 1003 per
1545 938 1752 981 annos
1801 909 2028 999 novem
2087 919 2153 979 et
2208 937 2321 980 sex
2367 937 2667 997 menses,
2712 916 2955 999 quibus

612 1013 957 1079 Ecclesiae
1017 1002 1301 1095 praefuit
1351 1010 1954 1095 Nicolaus‚.multa
2016 1016 2081 1076 et
2141 1033 2382 1096 magna
2436 1033 2553 1096 pro
2617 1012 2767 1093 fide,
2828 1034 2952 1096 pro

634 1109 1057 1191 ecclesiastica
1102 1109 1384 1189 unitate,
1443 1132 1555 1193 pro
1612 1110 1982 1193 disciplinae
2039 1110 2526 1191 conservatione
2582 1130 2655 1173 ac
2700 1104 2953 1174 restau-

635 1207 884 1270 ratione
948 1206 1283 1290 gessisset,
1350 1205 1569 1270 Idibus
1627 1205 2007 1271 Novembris
2071 1207 2230 1270 anni
2290 1207 2414 1270 867
2484 1228 2563 1270 ex
2627 1206 2747 1287 hac
2810 1206 2951 1270 vita

635 1303 891 1367 mortali
947 1302 1027 1365 ad
1082 1304 1426 1394 coelestem
1483 1302 1952 1367 beatitudinem
1999 1302 2279 1366 transiit.
2372 1292 2581 1367 Brere
2628 1303 2777 1380 hoc,
2835 1302 2951 1365 sed

636 1421 929 1476 aureum,
987 1401 1055 1462 in
1117 1397 1442 1489 Chronico
1494 1399 1748 1484 Regino
1810 1392 2024 1483 posuit
2076 1397 2344 1464 Nicolao
2410 1392 2724 1483 elogiumi
2784 1395 2952 1465 Post

637 1495 891 1560 beatum
944 1494 1363 1579 Greqorium,
1422 1496 1668 1580 inquit,
1728 1514 1930 1575 usque
1983 1493 2058 1559 in
2112 1515 2423 1576 praesens
2478 1495 2704 1561 nullus
2750 1515 2949 1579 prae-

636 1592 740 1658 sul
782 1591 857 1657 in
901 1592 1209 1657 Romana
1269 1591 1433 1656 Urbe
1473 1589 1838 1673 pontificali
1882 1589 2121 1655 honore
2168 1590 2587 1671 sublimatus,
2633 1589 2737 1656 illi
2775 1589 2950 1655 vide-

635 1693 748 1754 tur
801 1683 1348 1771 aequiparandus.
1436 1687 1729 1771 Reqibus
1790 1691 1851 1750 et
1912 1686 2220 1768 tyrannis
2272 1686 2649 1770 imperavit,
2713 1687 2951 1773 eisque,

636 1805 712 1850 ac
766 1785 825 1849 si
880 1785 1182 1861 dominus
1248 1784 1420 1849 orbis
1480 1789 1839 1863 terrarum,
1911 1782 2300 1849 auctoritate
2359 1784 2676 1867 praefuit.
2776 1784 2950 1869 Epi-

634 1881 840 1964 scopis
887 1887 946 1947 et
988 1881 1450 1961 sacerdotibus,
1507 1880 1834 1964 reliqiosis
1879 1900 1954 1944 ac
2000 1879 2279 1945 Domini
2325 1881 2639 1946 mandata
2684 1901 2950 1946 servan-

635 1978 808 2063 tibus
851 1978 1142 2064 humilis,
1192 1977 1486 2061 blandus,
1524 1977 1701 2060 pius,
1749 1980 2130 2042 mansuetus
2161 1977 2476 2061 apparuit
2488 1997 2514 2058 ,·
2556 1976 2954 2061 irreliqiosis

635 2096 711 2140 ac
756 2095 796 2140 a
842 2079 1010 2139 recto
1068 2075 1331 2140 tramite
1390 2072 1913 2140 eaeorbitantibus
1971 2072 2285 2138 terribilis
2330 2079 2523 2155 atque
2567 2073 2955 2140 austeritate

624 2171 863 2254 plenus
909 2171 1176 2251 exstitit,
1222 2177 1298 2260 ut
1343 2170 1573 2236 merito
1624 2170 1931 2235 credatur
1975 2169 2142 2234 alter
2184 2170 2379 2236 Elias
2411 2171 2551 2236 Deo
2595 2171 2953 2237 suscitante

631 2268 876 2333 nostris
918 2267 993 2333 in
1040 2258 1432 2351 temporibus
1475 2266 1950 2345 exsurrexisse,
2000 2270 2060 2331 et
2105 2267 2165 2331 si
2206 2288 2338 2333 non
2380 2288 2670 2353 corpore,
2730 2272 2951 2333 tamen

634 2364 879 2448 spiritu
923 2370 985 2430 et
1027 2363 1342 2449 virtute.1)

307 2539 623 2583 Hadrianusst
815 2500 919 2565 55.
968 2497 1130 2564 Post
1174 2503 1443 2570 mortem
1491 2495 1740 2562 Nicolai
1778 2496 1825 2561 L
1876 2496 2167 2561 unanimi
2214 2497 2519 2582 suffragio
2568 2498 2807 2563 electus
2850 2503 2954 2564 est

636 2598 703 2661 in
768 2596 1143 2661 Pontificem
1200 2593 1596 2684 Hadrianus
1642 2592 1767 2688 14
1801 2593 2157 2671 RomanuS‚
2219 2594 2554 2678 presbyter
2614 2594 2677 2671 S.
2723 2594 2950 2662 Marci.

640 2691 929 2758 Collectis
974 2691 1297 2772 omnibuS,
1342 2680 1743 2757 'ait-‘auctor
1811 2690 1992 2755 Vitae
2047 2689 2388 2755 Hadriani
2443 2691 2611 2774 apud
2675 2694 2953 2757 Anasta·

635 2793 799 2855 sium
847 2789 1012 2854 Bibl.
1032 2839 1046 2867 ‚
1108 2792 1243 2854 tam
1289 2787 1599 2871 episcopis
1655 2808 1799 2852 cum
1852 2787 2156 2853 universo
2203 2787 2401 2866 clerc,
2457 2806 2652 2869 quam
2695 2787 2947 2870 primo-

635 2885 818 2951 ribus
886 2885 1077 2952 Urbis
1144 2906 1288 2950 cum
1346 2883 1927 2950 obsecundantibus
1988 2883 2115 2948 sibi
2172 2883 2469 2967 populis,
2545 2883 2625 2948 ab
2686 2883 2948 2949 ecclesia

634 2988 894 3049 sanctae
940 2982 1071 3048 Dei
1125 2959 1480 3048 &enitricis
1532 3001 1904 3063 semperque
1963 2980 2256 3064 Virqinis
2301 2981 2564 3046 Mariae
2620 3001 2784 3063 quae
2829 3000 2944 3064 ap-

623 3080 917 3164 pellatur
971 3080 1056 3144 ad
1107 3100 1436 3162 praesepe,
1499 3078 1791 3161 rapitur,
1859 3076 2183 3156 trahitur,
2248 3082 2309 3142 et
2370 3078 2455 3142 ad
2498 3079 2948 3144 Lateranense

624 3177 1113 3259 patriarchium
1159 3176 1481 3254 certatim,
1548 3196 1624 3240 ac
1673 3195 1717 3240 a
1756 3194 2102 3258 procerum
2157 3179 2217 3239 et
2265 3174 2476 3257 plebis
2523 3174 2946 3241 multitudine

635 3274 1052 3355 deportaturs
1114 3273 1338 3352 ‘Quod
1403 3272 1742 3339 audientes
1808 3277 1965 3338 tunc
2029 3269 2214 3336 missi
2284 3270 2621 3355 Principis
2688 3272 2947 3337 moleste

636 3370 855 3449 tulere,
901 3370 1236 3454 indiqnati
1266 3369 1522 3448 scilicet,
1569 3390 1703 3435 non
1750 3369 1918 3451 quod
1958 3373 2218 3434 tantum
2247 3368 2466 3434 virum
2496 3369 2739 3435 nollent
2770 3367 2942 3434 Pon-

634 3465 895 3547 tificem,
959 3487 1145 3548 quem
1189 3466 1509 3533 nimirum
1558 3465 1757 3531 anxie
1803 3464 2181 3548 cupiebant,
2247 3465 2357 3529 sed
2416 3466 2585 3547 quod
2628 3486 2725 3545 se,
2785 3466 2942 3532 dum

626 3566 998 3644 praesentes
1059 3568 1290 3642 essent,
1360 3562 1652 3642 Quirites
1704 3582 1837 3627 non
1898 3560 2355 3642 invitaverint,
2418 3582 2534 3627 nec
2586 3567 2842 3645 optatae
2899 3583 2942 3627 a

634 3680 699 3724 se
740 3658 964 3742 futuri
1012 3659 1351 3725 Praesulis
1408 3658 1700 3723 electioni
1753 3658 2059 3723 interesse
2121 3658 2573 3724 consenserint.
2669 3658 2798 3737 Qui
2845 3680 2943 3724 ac·

636 3761 815 3839 cepta
858 3756 1116 3821 ratione
1160 3756 1329 3838 quod
1357 3777 1490 3822 non
1537 3775 1738 3820 causa
1785 3760 2185 3838 contemptus
2216 3755 2522 3839 Auqusti,
2569 3756 2679 3819 sed
2718 3755 2942 3837 futuri

634 3852 939 3935 temporis
994 3852 1109 3918 hoc
1165 3852 1472 3918 omissum
1531 3852 1740 3935 fuerit
1796 3856 2165 3935 prospectu,
2228 3873 2308 3918 ne
2366 3851 2656 3917 videlicet
2701 3852 2942 3936 Zeqatos

624 3950 1005 4033 principum
1069 3950 1142 4015 in
1206 3949 1502 4016 electione
1561 3950 2015 4015 Romanorum
2070 3948 2460 4015 Praesulum
2526 3970 2661 4014 mos
2722 3969 2938 4031 exspe-

815 4178 856 4245 ¹)
894 4178 1196 4247 Reginonis
1235 4176 1540 4232 Chronicon
1576 4178 1640 4229 A.
1679 4179 1797 4230 868.
1839 4193 1924 4243 ap.
1963 4175 2128 4229 Pertz
2166 4175 2237 4229 M.
2279 4175 2340 4229 G.
2377 4175 2420 4228 I.
2460 4177 2579 4229 579.
