3270 5028
812 446 1212 513 Expenduntur
1247 446 1622 502 accusationes
1663 446 1720 500 in
1757 447 1911 502 Rom.
1949 448 2263 504 Pontifices.
2585 453 2685 506 163

375 587 543 652 tifex
593 588 847 652 Irenem
893 587 1371 671 Imperatricem
1420 592 1682 676 ejusque
1729 589 1930 654 filium
1982 589 2485 656 Constantinum
2536 591 2688 657 Por-

381 683 879 769 phyrogenitum
948 684 1298 751 declararet
1357 686 1745 766 haereticos,
1806 688 2209 752 Hadrianum
2270 687 2529 773 quidem
2574 711 2691 772 pro

376 781 592 845 officio
638 802 751 845 suo
808 781 875 844 id
931 781 1314 863 declinasse,
1376 786 1486 849 sed
1544 789 1761 854 animo
1819 785 2034 850 servili
2096 785 2288 849 aliam
2335 785 2503 848 viam
2563 807 2693 868 qua

380 879 519 962 regi
566 877 1027 961 obsequeretur
1069 879 1308 945 iniisse.
1397 883 1561 947 Eum
1608 885 1907 950 videlicet
1952 882 2180 946 Carolo
2228 882 2550 958 obtulisse,
2599 888 2691 959 ut,

376 974 436 1038 si
481 975 538 1038 ei
586 975 894 1057 placeret,
938 975 1083 1040 illos
1129 976 1483 1044 declararet
1528 981 1919 1064 haereticoS,
1965 979 2087 1043 nisi
2134 978 2520 1062 patrimonia
2567 976 2692 1042 Ro·

381 1093 609 1135 manae
672 1073 973 1137 ecclesiae
1041 1074 1123 1137 ab
1188 1073 1695 1159 Imperatoribus
1757 1075 2160 1142 iconoclastis
2224 1075 2443 1138 ablata
2505 1074 2691 1138 resti-

380 1169 746 1233 tuerentur.
854 1168 1349 1252 Improbandam
1420 1174 1678 1257 quidem
1748 1195 1882 1238 esse
1949 1173 2127 1236 illam
2192 1170 2405 1235 Caroli
2473 1173 2690 1254 postu·

379 1263 720 1341 lationem,
782 1264 892 1329 sed
947 1266 1138 1349 plane
1195 1268 1578 1335 detestanda
1624 1270 1956 1335 Pontificis
2002 1268 2382 1352 obsequium
2427 1272 2495 1331 et
2546 1289 2690 1350 pro·

380 1361 764 1444 positionem
809 1363 946 1446 regi
991 1363 1256 1443 factam,
1317 1388 1516 1449 quum
1563 1367 1936 1431 nullatenus
1990 1366 2181 1429 liceat
2222 1365 2305 1430 ob
2354 1364 2526 1429 bona
2569 1362 2690 1428 Ec-

374 1458 612 1522 clesiae
644 1462 914 1523 retenta
958 1460 1292 1527 haereseos
1338 1463 1508 1527 ferre
1553 1461 1966 1545 censuram.¹)

561 1608 663 1671 91.
736 1606 1037 1673 Sufficiat
1103 1611 1465 1694 generatim
1534 1633 1876 1694 reponere,
1945 1610 2113 1673 felici
2188 1608 2423 1693 viginti
2496 1607 2688 1672 trium

377 1725 702 1769 annorum
748 1705 1129 1789 pontificatu
1174 1728 1248 1770 ac
1301 1709 1635 1790 permultis
1683 1708 1872 1771 rebus
1927 1706 2248 1789 praeclare
2294 1704 2491 1789 gestis
2537 1704 2695 1769 satis

378 1802 780 1884 comprobari
813 1803 1332 1886 gravissimorum
1377 1809 1714 1869 auctorum
1753 1803 2080 1888 judicium,
2128 1801 2449 1893 insignem
2496 1800 2694 1887 fuisse

380 1895 786 1962 Hadrianum
854 1899 1200 1982 prudentia
1273 1901 1541 1985 aliisque
1613 1901 1979 1964 virtutibus
2081 1898 2257 1974 Quod
2327 1918 2478 1960 vero
2548 1886 2693 1980 pas2

383 1994 1005 2059 sim‘disseffsione‘s‘
1043 1998 1306 2060 exortae
1361 1998 1495 2061 sint
1556 2020 1699 2061 cum
1746 1996 2141 2080 Imperatore
2202 1996 2271 2058 in
2337 1998 2525 2058 tanta
2585 2016 2695 2057 ne-

375 2092 704 2175 gotiorum
747 2091 1102 2157 difficilium
1149 2093 1595 2170 multitudine,
1655 2093 1825 2157 haud
1878 2093 2113 2157 mirum
2169 2096 2293 2166 est3
2352 2091 2461 2155 sed
2521 2089 2697 2154 laudi

382 2188 763 2252 vertendum
807 2190 1132 2273 Pontifici,
1193 2192 1364 2275 quod
1420 2192 1859 2256 moderatione
1916 2190 2104 2253 simul
2163 2210 2315 2252 usus
2374 2191 2439 2250 et
2495 2186 2695 2250 animi

382 2284 600 2368 vigore
667 2307 770 2349 res
842 2286 1005 2351 bene
1072 2286 1477 2372 disposuerit,
1544 2289 1640 2352 ita
1703 2294 1778 2351 ut
1851 2312 1888 2352 a
1942 2287 2187 2351 coaevis
2243 2283 2563 2348 Hadriani
2629 2287 2696 2348 et

377 2378 596 2446 Caroli
652 2384 935 2448 amicitia
989 2385 1364 2449 celebretur.
1467 2384 1933 2449 Felicissimum
1992 2383 2438 2467 pontificatum
2504 2380 2695 2464 hujus

382 2475 746 2557 PontificiS,
812 2488 1310 2547 commemorata
1368 2484 1506 2567 ejus
1568 2487 1807 2560 morte,
1872 2480 2190 2546 Baronius
2252 2478 2425 2544 hisce
2489 2476 2694 2542 extol-

381 2572 488 2639 lit:
559 2575 784 2659 Hujus
843 2578 1017 2643 sedes
1077 2578 1368 2645 omnium
1422 2576 1807 2662 felicissima
1870 2575 2310 2641 eoeistimanda
2379 2577 2566 2650 esset,
2636 2571 2696 2636 si

376 2670 599 2752 potius
652 2694 877 2740 rerum
931 2676 1385 2759 temporalium
1439 2674 1903 2758 prosperitate,
1967 2693 2143 2738 more
2187 2670 2691 2755 principatuum

381 2771 822 2851 terrenorum,
883 2776 943 2836 et
986 2793 1118 2838 ‘non
1167 2772 1376 2855 mayis
1426 2771 1645 2855 yloria
1696 2771 1924 2837 Crucis
1978 2774 2138 2835 esset
2194 2768 2406 2852 ipsius
2460 2787 2693 2849 expeu-

380 2863 588 2931 denda
639 2868 1081 2951 prosperitas:
1137 2869 1454 2951 siquidem
1514 2868 1924 2947 diuturnior,
1988 2872 2048 2931 et
2111 2865 2227 2930 sub
2276 2863 2696 2947 principibus

380 2960 764 3029 christianis
838 2965 898 3030 ei
960 2965 1447 3047 obsequentibus
1458 3015 1475 3046 ,
1546 2964 2063 3049 defendentibus,
2138 2958 2695 3043 locupletantibuS‚

378 3061 443 3122 et
486 3058 559 3123 in
622 3061 920 3128 omnibus
977 3063 1127 3126 eam‘
1171 3061 1630 3128 venerantibus
1684 3061 1941 3144 floruit,
2006 3063 2202 3126 aucta
2260 3077 2429 3122 nova
2490 3054 2696 3120 sobole

375 3175 833 3223 conversorum
865 3159 951 3225 ad
991 3158 1180 3240 fidem
1210 3159 1574 3239 infidelium
1614 3159 2029 3242 populorum,
2075 3153 2409 3222 vindicata
2443 3173 2485 3217 a
2515 3152 2692 3218 Lon-

365 3251 812 3333 9obardorum
862 3253 1175 3339 perfidia,
1244 3259 1306 3319 et
1356 3260 1652 3338 protecta
1716 3276 1759 3320 a
1820 3254 2103 3337 superba
2174 3251 2571 3317 Graecorum
2634 3254 2695 3313 et

374 3346 514 3413 illis
557 3351 1038 3417 cohaerentium
1083 3351 1449 3419 insolentia.
1460 3353 1507 3434 2)

2745 1624 3008 1669 vindicatur

554 3492 660 3555 92.
719 3490 894 3567 Quae
958 3492 1325 3557 acciderunt
1372 3492 1582 3576 quoad
1637 3490 1990 3557 Concilium
2050 3489 2411 3555 Nicaenum
2463 3511 2690 3553 secun·
2712 3506 3023 3559 Quoadfflnoi-

371 3585 526 3651 dum
585 3589 720 3671 jam
783 3589 1218 3669 exposuimus,
1296 3589 1781 3672 ostendisseque
1850 3589 2036 3653 nobis
2099 3581 2417 3664 videmur,
2496 3587 2691 3649 etiam

373 3704 455 3747 ea
499 3684 569 3749 in
613 3707 684 3749 re
729 3684 1033 3774 prudenti
1080 3685 1518 3751 moderatione
1563 3687 1943 3770 processisse
1989 3684 2426 3758 Hadrianum,
2472 3682 2691 3746 simul-

372 3802 501 3864 que
560 3782 776 3846 animo
822 3782 1118 3866 vigilanti
1183 3787 1250 3847 et
1308 3783 1462 3848 forti
1525 3782 1903 3866 providisse,
1965 3775 2062 3847 ne*
2111 3781 2270 3846 fides
2319 3780 2688 3854 violaretur,

377 3899 538 3943 neve
605 3879 982 3944 detrimenti
1057 3881 1212 3963 quid
1289 3886 1546 3964 caperet
1623 3880 1970 3946 auctoritas
2038 3877 2217 3944 Sedis
2286 3876 2687 3960 apostolicae.

2361 4073 2394 4092 Q

557 4103 596 4165 1)
637 4104 738 4159 Die
775 4109 905 4157 rom.
944 4083 1124 4174 Frage
1165 4111 1267 4160 etc.
1311 4122 1363 4173 p.
1401 4107 1505 4159 259
1549 4121 1664 4173 sqq.
1763 4085 1771 4094 ⁹

553 4180 594 4251 ²)
632 4183 874 4238 Annales
912 4185 982 4237 ad
1019 4200 1066 4237 a.
1106 4187 1227 4239 795.
1257 4202 1312 4239 n.
1353 4186 1400 4239 l.

2276 4269 2375 4326 11*

2724 3568 2832 3611 lium
2859 3569 3012 3611 Nicae-

2812 3642 2926 3673 num.
