3270 5028
332 1753 620 1807 Praeparatur

365 1815 590 1868 paulatim.

658 450 730 501 84
1124 464 1133 475 ·
1185 445 1334 500 XIV.
1374 445 1457 501 De
1496 445 1646 500 civili
1683 446 1748 499 R.
1788 446 2073 501 Pontificis
2108 446 2437 515 principatu.

660 585 1005 669 arbeituny
1066 607 1191 651 von
1254 586 1549 666 Kell‘ner,
1614 587 1911 653 Miinster
1978 589 2165 654 1880.
2236 627 2310 636 —
2384 589 2637 654 Mohler
2681 586 2959 674 (Gams),
3007 576 3013 582 ⁴

658 682 954 748 Histoire
997 683 1073 748 de
1121 683 1389 766 Z'quise
1442 683 1612 748 Tem.
1646 682 1747 748 ΙΙ.
1814 682 1933 749 Oh.
1985 684 2083 750 II.
2138 687 2199 766 §.
2244 687 2305 751 2.
2339 707 2408 768 p.
2458 684 2604 750 127.
2666 722 2741 731 —-
2799 684 2959 750 Her-

656 780 1035 866 genr’other,
1099 780 1184 845 K.
1251 779 1326 844 G.
1386 780 1469 843 B.
1532 778 1588 845 I.
1639 779 1784 844 493
1825 779 1898 862 ff.
1906 799 1934 861 ,·
1996 781 2080 845 B.
2140 780 2281 847 III.
2332 781 2476 848 188.
2567 782 2750 847 Alios
2810 782 2959 846 scri-

657 884 876 960 ptores
917 879 988 942 in
1035 879 1173 962 ipsa
1217 877 1671 942 dissertatione
1715 878 2075 945 citabimus,

1783 1267 1840 1337 1.

654 1400 794 1464 De
879 1399 1214 1464 cau-9038
1277 1406 1567 1479 atque
1630 1401 2184 1485 eventibus,⁴
2247 1401 2598 1481 quibus
2649 1417 2954 1481 prae-

640 1501 1073 1577 paratus
1158 1501 1299 1560 est
1373 1496 2031 1576 Principatus
2121 1496 2462 1561 cevilc’s
2534 1497 2958 1561 Romano:

1520 1592 2092 1673 Pontifici-s·

827 1750 885 1812 4.
957 1746 1149 1812 Haud
1208 1747 1539 1831 inopinate
1607 1752 1675 1813 et
1740 1771 1819 1813 ex
1887 1749 2232 1834 improviso
2294 1748 2644 1812 dominium
2709 1752 2957 1832 tempo·

650 1847 784 1912 rale
848 1868 886 1910 a
947 1844 1253 1909 Romanis
1319 1842 1737 1910 Pontificibus
1796 1847 2184 1930 acquisitum
2247 1866 2414 1923 esse,
2482 1843 2592 1908 sed
2651 1842 2955 1909 diuturno

652 1948 938 2026 tempore
1011 1963 1121 2023 per
1197 1941 1593 2005 saeculorum
1663 1941 1997 2006 decursum
2064 1943 2233 2006 hunc
2301 1942 2737 2024 principatum
2805 1942 2957 2006 civi·

652 2041 776 2104 lem
843 2038 1223 2121 disponente
1287 2037 1693 2121 providentia
1755 2038 1973 2103 divina
2035 2041 2488 2122 praeparatum
2551 2037 2781 2114 fuisse,
2859 2060 2955 2102 re—

654 2158 799 2200 rum
871 2134 1136 2198 historia
1212 2135 1578 2199 luculenter
1649 2134 2033 2199 ostenditur.
2169 2133 2693 2199 Fundamentum
2762 2133 2955 2219 hujus

652 2231 1049 2316 principatus
1107 2231 1312 2294 veluti
1370 2230 1818 2315 praebuerunt
1869 2231 2256 2315 patrimonia
2314 2231 2427 2295 illa
2485 2231 2781 2295 ecclesiae
2827 2232 2955 2296 Ro-

651 2349 911 2400 manae,
969 2348 1081 2390 seu
1122 2327 1465 2391 latifundia
1511 2322 1932 2411 amplissima,
1990 2316 2224 2412 quibus
2271 2329 2585 2411 paulatim
2629 2350 2743 2411 per
2787 2328 2955 2411 prin-

651 2427 862 2509 cipum
922 2446 997 2489 ac
1056 2407 1389 2488 fidehum
1394 2420 1711 2507 pietatem
1774 2422 1970 2489 Sedes
2029 2424 2090 2490 S.
2156 2424 2335 2489 Petri
2394 2424 2603 2488 ditata
2657 2428 2824 2506 erat3
2892 2430 2956 2489 et

646 2523 927 2587 influxus
993 2522 1062 2586 in
1138 2543 1240 2585 res
1316 2522 1535 2586 civiles
1612 2544 1802 2606 quem
1867 2522 2145 2587 Romani
2216 2521 2587 2600 Pontifices,
2663 2526 2798 2586 tum
2876 2543 2951 2586 ex

649 2619 1117 2703 Imperatorum
1180 2639 1252 2683 ac
1315 2640 1537 2703 regum
1608 2619 2040 2698 concessione,
2108 2628 2249 2684 tum
2316 2622 2578 2703 propter
2641 2619 2951 2683 excelsam

648 2738 830 2780 suam
898 2714 1286 2799 dignitatem
1355 2719 1421 2779 et
1496 2716 1803 2801 adjuncta
1871 2721 2140 2780 externa
2211 2715 2619 2780 exercebant.
2736 2715 2952 2799 Atque

649 2812 728 2876 ad
796 2813 1101 2896 adjuncta
1171 2815 1438 2876 externa
1504 2812 1675 2896 quod
1738 2813 2007 2890 attinet,
2071 2812 2208 2876 fieri
2276 2834 2408 2876 non
2476 2810 2719 2896 potuit,
2794 2811 2950 2894 quin

649 2909 924 2973 maxime
991 2913 1302 2974 cresceret
1359 2909 1471 2973 ille
1533 2910 1817 2974 influxus
1882 2909 2301 2987 Pontificum,
2370 2913 2714 2992 postquam
2779 2906 2951 2973 Lon-

648 3004 914 3090 gobardi
981 3026 1281 3090 magnam
1347 3010 1595 3090 partem
1659 3005 1888 3071 Italiae
1959 3009 2457 3089 occupaverunt,
2542 3008 2608 3069 et
2670 3004 2952 3088 reliquas

647 3124 900 3188 quoque
960 3103 1317 3186 provincias
1377 3103 1500 3168 sibi
1557 3103 1903 3188 subjugare
1967 3103 2377 3167 studuerunt.
2480 3101 2736 3166 Etenim
2805 3123 2952 3166 con-

646 3205 751 3264 tra
811 3199 1280 3284 aggressionem
1335 3199 1582 3263 invisae
1640 3200 1812 3264 illius
1872 3199 2293 3264 barbarorum
2355 3199 2596 3283 gentiS,
2668 3196 2951 3264 Orientis

647 3296 1077 3379 Imperatores
1148 3296 1528 3379 frequenter
1592 3294 1790 3359 Italos
1856 3295 2027 3360 haud
2101 3295 2259 3360 satis
2326 3295 2785 3378 defenderunt,
2857 3295 2951 3359 ita

646 3391 907 3476 quidem
972 3398 1046 3456 ut
1108 3394 1176 3456 in
1239 3392 1680 3456 Romanorum
1736 3392 2123 3457 Pontificum
2189 3392 2473 3475 auxiliiS,
2536 3392 2817 3456 consiliis
2883 3395 2950 3455 et

645 3488 1128 3553 interventione
1190 3510 1339 3552 mox
1403 3486 1593 3552 unica
1652 3509 1795 3570 spes
1856 3491 1923 3551 et
1984 3487 2154 3552 salus
2225 3488 2454 3553 Italiae
2515 3489 2730 3571 posita
2784 3487 2951 3552 vide·

645 3590 846 3650 retur.
922 3584 1092 3649 Hinc
1136 3585 1416 3649 influxus
1463 3604 1684 3648 eorum
1728 3583 2024 3667 politicus
2070 3589 2471 3668 summopere
2517 3585 2736 3650 crevit.
2828 3584 2950 3648 De-

647 3704 819 3745 mum
885 3686 957 3746 ut
1014 3679 1480 3766 Longobardos
1551 3680 1860 3763 repellere
1930 3702 2193 3765 seseque
2254 3682 2422 3746 tueri
2486 3686 2780 3764 possent,
2853 3701 2948 3745 re-

646 3784 987 3842 currerunt
1074 3777 1349 3842 Romani
1439 3776 1785 3842 Pontifices
1869 3778 1950 3841 ad
2023 3777 2414 3842 Francorum
2489 3799 2699 3863 reges,
2788 3799 2949 3862 quos

645 3874 841 3938 etiam
898 3874 1225 3939 beneficiis
1283 3875 1405 3939 sibi
1462 3875 1912 3939 devinxerunt.
2006 3873 2196 3938 Unde
2244 3874 2485 3939 factum
2534 3881 2662 3954 est,
2727 3879 2800 3939 ut
2847 3895 2947 3937 ex·

646 3971 885 4035 stincta
939 3970 1407 4055 Imperatorum
1464 3971 1876 4036 orientalium
1924 3973 1994 4036 in
2049 3971 2304 4035 Italiam
2360 3973 2827 4048 dominatione,
2879 3971 2948 4035 e‘t

642 4088 930 4151 repressa
1007 4068 1202 4133 etiam
1277 4071 1600 4153 potestate
1679 4066 2251 4152 Longobardorum
2324 4089 2654 4153 regnoque
2728 4089 2946 4133 eorum

643 4185 892 4242 everso,
969 4166 1232 4230 tandem
1304 4188 1368 4236 a,
1416 4163 1815 4230 Francorum
1889 4165 2283 4249 principibus
2357 4165 2708 4229 dominium
2783 4169 2946 4229 tem·
