3270 5028
927 450 1135 526 Causae
1173 450 1365 515 quibus
1402 449 1639 503 schisma
1673 461 2074 519 praeparatum.
2548 454 2659 507 335

272 585 399 650 „eti
453 594 657 654 sunt.
750 590 960 674 Aegre
1012 592 1330 669 tulerunt,
1380 591 1550 675 quod
1598 594 1949 657 auctoritas
1997 592 2432 659 Romanorum
2481 592 2659 664 Pon-r

292 681 581 749 tificum
657 692 843 751 tanto
913 688 1132 771 vigore
1201 692 1268 752 et
1321 688 1657 772 splendore
1725 712 1791 753 se
1860 690 2325 756 manifestaret.
2440 691 2652 767 Quum

296 777 386 841 de
466 780 648 864 ipsis
717 782 1005 847 exarchis
1059 782 1289 848 Italiae
1358 786 1610 867 saepius
1665 784 1943 851 Romani
2001 775 2352 852 Pontifices
2421 790 2653 851 trium-

295 876 486 958 phos
551 879 910 958 referrent,
976 902 1048 945 ac
1102 880 1352 945 demum
1415 883 1736 948 exstincto
1793 884 2076 948 dominio
2134 883 2521 949 Graecorum
2583 886 2652 949 in

297 971 553 1053 Italia,
609 976 1013 1042 stabiliretur
1045 977 1445 1061 principatus
1479 979 1682 1044 civilis
1715 978 1896 1044 Sedis
1925 980 2357 1064 Apostolicae,
2405 982 2652 1065 majora

296 1071 468 1137 odia
525 1065 777 1139 Graeci
840 1079 1302 1158 conceperunt,
1365 1076 1657 1159 quamvis
1722 1097 1946 1140 revera
2008 1078 2171 1142 nihil
2229 1076 2651 1142 Pontificibus

296 1163 726 1253 exprobrare
770 1174 1062 1254 possent,
1121 1170 1230 1235 sed
1278 1172 1461 1255 culpa
1504 1172 1660 1256 ipsis
1706 1177 1874 1237 esset
1919 1173 2278 1239 tribuenda.
2327 1208 2413 1219 —-
2464 1172 2652 1237 Post-

295 1286 506 1331 remo
573 1290 769 1352 quum
830 1267 1181 1351 Imperium
1238 1268 1629 1334 occidentale
1684 1273 1945 1334 auctore
2000 1270 2220 1335 Leone
2263 1268 2380 1334 III.
2433 1269 2650 1334 Ponti·
2708 1255 2956 1359 {ffiffllssffi

297 1362 436 1427 fice
488 1364 570 1428 in
621 1364 850 1430 Oarolo
895 1363 1137 1448 Magno
1196 1369 1710 1443 restauraretur,
1771 1388 2021 1430 summa
2075 1366 2525 1451 indignatione
2586 1372 2650 1431 et
2693 1376 2967 1420 Occidentis--

299 1460 412 1524 ira
489 1459 861 1526 Orientales
934 1463 1233 1527 commoti
1299 1468 1473 1526 sunt.
1573 1461 1955 1527 Necessaria
2017 1463 2130 1528 illa
2189 1462 2432 1528 Romae
2501 1464 2654 1528 libe·

300 1558 498 1623 ratio
560 1581 598 1621 a
643 1558 925 1623 dominio
981 1558 1296 1641 imperiali
1347 1557 1664 1638 Orientis,
1721 1560 1857 1624 visa
1910 1564 2006 1626 est
2050 1560 2328 1625 OPtanis
2384 1561 2652 1627 rebellio

301 1654 563 1740 impia3
634 1656 1009 1720 constitutio
1072 1655 1330 1740 Imperii
1398 1655 1811 1721 occidentalis
1879 1656 2103 1722 habita
2168 1661 2264 1722 est
2323 1663 2398 1722 nt
2464 1680 2651 1722 usur-

304 1751 510 1835 patio
533 1774 874 1848 sperversa.
979 1751 1503 1818 Dominationem
1567 1750 1999 1817 barbarorum
2052 1757 2118 1818 in
2172 1753 2518 1818 Occidente
2576 1759 2649 1818 ut

306 1848 720 1913 horrendam
776 1848 1269 1913 considerabant
1331 1849 1914 1927 abominationem,
1989 1854 2056 1914 et
2115 1851 2388 1915 barbara
2453 1851 2648 1914 etiam

306 1946 705 2030 ignorantia
752 1968 970 2011 omnes
1013 1946 1107 2010 ibi
1137 1946 1383 2024 -teneri,
1429 1947 1706 2011 libenter
1749 1947 1869 2012 sibi
1919 1947 2415 2030 persuadebant,
2464 1946 2648 2010 adeo-

314 2065 457 2126 que
510 2065 652 2113 cum
700 2047 1073 2127 contemptu
1116 2064 1351 2127 magno
1399 2042 1667 2108 Latinos
1713 2043 2174 2127 despiciebant.
2434 2073 2449 2120 f

512 2211 615 2273 22.
681 2209 991 2273 Attamen
1052 2209 1305 2273 saeculo
1365 2228 1537 2272 nono
1583 2206 1828 2272 dissidii
1889 2216 1955 2271 et
2015 2207 2464 2273 discordiarum
2512 2229 2648 2272 mo·

313 2307 468 2369 tiva
533 2307 705 2369 inter
762 2303 1094 2369 Orientem
1166 2309 1233 2368 et
1281 2302 1692 2369 Occidentem
1752 2304 1957 2369 adhuc
2015 2325 2252 2389 magna
2315 2327 2394 2369 ex
2463 2309 2650 2389 parte

315 2401 608 2467 indolem
666 2403 881 2485 potius
936 2402 1262 2485 politicam
1321 2423 1510 2484 quam
1556 2401 2045 2466 ecclesiasticam
2094 2400 2442 2466 habebant.
2536 2399 2648 2466 Fi-

320 2498 434 2564 dei
509 2522 581 2564 ac
650 2499 980 2565 doctrinae
1055 2498 1276 2564 unitas
1345 2498 1628 2563 nondum
1704 2520 2009 2564 concussa
2085 2503 2254 2581 erat,
2323 2522 2442 2564 nec
2516 2498 2643 2564 Ro·

313 2597 510 2665 mani
558 2596 887 2662 Pontificis
930 2597 1245 2680 primatus
1282 2596 1596 2680 juridicus
1644 2596 2087 2679 impugnatus.
2173 2595 2443 2661 Photius
2488 2596 2643 2662 scis-

321 2693 495 2759 sioni
558 2694 981 2758 fundamenta
1036 2694 1315 2757 firmiora
1372 2693 1634 2770 stravit,
1700 2693 2273 2778 extensionemque
2336 2694 2643 2778 majorem

322 2791 768 2874 praeparavit,
818 2790 968 2853 dum
1016 2780 1317 2874 dogmata
1364 2790 1553 2853 simul
1601 2789 1985 2852 Latinorum
2035 2791 2100 2852 et
2146 2789 2425 2853 Romani
2471 2788 2643 2853 Pon-

321 2887 519 2951 tificis
597 2888 941 2970 primatum
1012 2908 1203 2951 ausus
1275 2890 1373 2950 est
1438 2886 1820 2969 impugnare
1881 2889 2075 2968 atque
2142 2887 2422 2969 rejicere.
2545 2804 2699 2957 De}

329 2985 475 3066 ejus
520 2983 730 3067 impiis
777 2983 977 3066 gestis
1013 2983 1150 3066 jam
1197 2982 1504 3065 sequitur
1535 2985 1608 3045 ut
1656 3002 1945 3065 agamuS.

703 3132 724 3165 Χ

1438 3377 1533 3443 ΙΙ.

630 3509 770 3572 De
822 3507 1302 3572 scissione
1356 3526 1411 3571 a
1470 3507 1824 3571 Photio
1884 3508 2339 3572 concitata.

504 3683 606 3749 23.
681 3678 1045 3745 Methodius
1110 3678 1502 3763 patriarcha,
1582 3680 1691 3764 qui
1760 3703 1815 3744 a.
1881 3679 2006 3743 842
2079 3679 2639 3764 Constantinopoli
2693 3689 2959 3763 Methodius

327 3779 398 3843 in
452 3778 663 3843 locum
721 3775 993 3842 Joannis
1048 3776 1453 3860 patriarchae
1504 3775 1903 3842 iconomachi
1959 3773 2296 3842 ordinatus
2347 3781 2517 3857 erat,
2574 3781 2640 3842 et
2683 3752 2944 3806 p⁸⁶n⁸r⁰¹¹⁸⁸

328 3897 460 3939 una
533 3897 676 3939 cum
733 3873 1067 3939 Theodora
1131 3872 1548 3958 Imperatrice
1608 3873 1851 3937 cultum
1904 3895 2225 3938 sacrarum
2284 3873 2636 3957 imaginum

326 3971 715 4053 restituerat,
762 3971 1088 4036 ecclesiam
1134 3971 1311 4035 illam
1357 3971 1524 4034 bene
1571 3969 2044 4034 administravit
2092 3991 2291 4055 usque
2341 3968 2421 4034 ad
2467 3991 2636 4035 mor-

326 4072 489 4147 tem,
559 4090 687 4152 qua
748 4068 885 4152 jani
951 4089 1005 4130 a.
1056 4069 1183 4132 846
1252 4068 1334 4133 ad
1397 4066 1664 4131 meliora
1731 4069 1990 4132 vocatus
2055 4071 2171 4133 est.
2264 4066 2363 4131 Ob
2432 4066 2637 4133 vindi-

326 4168 536 4228 catam
588 4163 1032 4228 orthodoxiam
1081 4186 1153 4229 ac
1196 4186 1344 4228 suas
1390 4162 1664 4227 virtutes
1721 4183 1955 4247 magno
2003 4163 2071 4229 in
2121 4162 2362 4228 honore
2407 4163 2641 4228 merito
