3270 5028
1081 439 1327 494 Eventus
1365 444 1492 506 post
1530 438 1846 492 Concilium.
2548 441 2613 492 61

304 582 531 664 ginum
562 580 787 643 Patres
830 581 1033 645 secuti
1077 586 1295 643 essent
1331 579 1661 643 Pontificis
1707 582 2124 654 sententiam,
2173 581 2616 664 praesentibus

305 678 444 761 ejus
500 677 760 761 legatie,
822 670 936 761 per
991 697 1058 740 se
1111 676 1378 759 patebat
1433 697 1781 740 consensus
1836 678 2216 760 apostolicae
2266 675 2445 742 Sedis
2499 676 2618 740 hac

301 774 370 836 in
427 795 523 853 re,
590 795 662 836 ac
726 774 893 839 forte
960 772 1108 836 inde
1171 779 1269 839 est
1332 772 1500 857 quod
1568 774 1637 835 in
1697 774 1965 855 epistola
2020 772 2267 838 Tarasii
2321 794 2620 856 expressa

304 870 536 953 petitio
592 869 1098 934 confirmationis
1160 891 1286 933 non
1335 869 1725 932 continetur.
1830 869 2032 934 Juxta
2092 870 2616 934 consuetudinem

306 971 524 1030 tamen
574 964 880 1030 Pontifex
928 965 1203 1049 epistola
1260 964 1410 1028 data
1454 965 1888 1048 respondisset
1943 970 2009 1029 et
2067 967 2619 1030 confirmationem

308 1062 576 1127 Concilii
621 1063 692 1127 in
737 1063 969 1127 litteris
1015 1063 1147 1126 suis
1204 1062 1646 1144 expressisset,
1704 1060 1829 1126 nisi
1885 1062 2197 1145 quaedam
2244 1084 2386 1126 eum
2437 1086 2474 1127 a
2520 1085 2620 1126 so-

307 1160 506 1223 lemni
562 1181 866 1242 responso
919 1158 1362 1223 retinuissent.
1462 1155 1631 1221 Acta
1676 1157 1970 1222 videlicet
2016 1157 2283 1224 Concilii
2340 1159 2621 1242 suscepit

307 1267 371 1321 et
435 1258 501 1319 in
564 1258 833 1320 latinam
904 1256 1188 1339 linguam
1256 1255 1417 1319 verti
1480 1255 1664 1331 fecit,
1735 1258 1932 1338 atque
1999 1256 2197 1318 etiam
2263 1254 2618 1320 Concilium

309 1353 520 1436 quoad
578 1375 654 1418 ea
714 1375 879 1437 quae
937 1352 1014 1416 de
1070 1352 1240 1416 cultu
1300 1352 1656 1435 imaginum
1706 1356 1954 1414 statuta
2006 1357 2191 1416 erant
2250 1358 2462 1416 ratum
2507 1351 2620 1414 ha-

309 1452 470 1526 buit,
518 1450 627 1514 sed
675 1449 992 1514 abstinuit
1040 1471 1077 1511 a
1121 1448 1395 1512 solemni
1442 1449 1951 1512 confirmatione.

488 1547 590 1611 72.
655 1546 816 1610 Rem
875 1547 1010 1628 ipse
1054 1544 1360 1609 Pontifex
1416 1545 1686 1627 exponit
1736 1544 1804 1607 in
1861 1544 2159 1628 epistola,
2220 1566 2411 1628 quam
2473 1549 2620 1627 post

309 1643 596 1708 habitam
652 1666 690 1707 a
750 1642 977 1707 Carolo
1023 1641 1112 1705 M.
1167 1643 1244 1721 (a.
1299 1640 1452 1722 794)
1513 1641 1827 1723 synodum
1878 1641 2481 1706 Francofurtensem
2538 1642 2618 1706 ad

310 1740 608 1805 Carolum
667 1738 857 1803 dedit.
969 1735 1131 1802 Oum
1182 1736 1672 1819 praedecessore
1733 1739 1956 1802 nostro
2015 1742 2238 1802 sancto
2303 1736 2618 1821 Greyorio
2652 1738 2938 1843 Cfiffl

297 1855 507 1919 papa,
557 1837 812 1912 scribit,
860 1833 1147 1900 eumdem
1192 1853 1451 1898 sensum
1492 1832 1644 1912 fidei
1692 1836 2002 1913 tenentes,
2057 1833 2391 1900 emisimus
2425 1855 2617 1917 prae·
2897 1830 2909 1841 ‘

311 1932 615 2007 dicantes.
716 1931 843 1996 Illi
903 1916 1081 2009 vero}
1150 1933 1224 1994 ut
1286 1928 1470 1995 nobis
1537 1929 1723 1994 missi
1786 1930 1998 1995 nostri
2064 1981 2076 1993 .
2126 1981 2140 1997 .
2189 1980 2203 1994 .
2263 1930 2413 1996 viva
2480 1950 2620 1996 voce

308 2028 641 2107 dixerunt,
690 2027 913 2092 statim
941 2030 1202 2092 nostras
1230 2026 1616 2108 apostolicas
1647 2026 2095 2108 amplectentes
2138 2026 2425 2110 syllabas
2460 2027 2619 2094 Con·

310 2124 537 2190 cilium
593 2124 741 2204 fieri
781 2124 1147 2206 jusserunt.
1214 2173 1227 2187 .
1274 2175 1287 2189 .
1347 2124 1440 2188 Et
1488 2123 1582 2189 sic
1629 2122 1966 2206 Synodum
2018 2123 2215 2189 istam
2270 2126 2622 2191 secundum

310 2225 605 2286 nostram
659 2219 1135 2285 ordinationem
1188 2219 1512 2301 fecerunt,
1579 2224 1640 2285 et
1695 2219 1766 2285 in
1816 2219 2107 2303 pristino
2164 2225 2345 2287 statu
2399 2242 2623 2288 sacras

311 2321 374 2382 et
432 2317 837 2382 venerandas
891 2316 1214 2399 imagines
1269 2322 1632 2382 ereaeerunt.
1723 2316 1817 2381 Et
1874 2317 2042 2382 sicut
2098 2317 2174 2382 de
2220 2318 2621 2402 imayinibus

314 2413 527 2478 sancti
580 2411 884 2496 Greqorii
929 2432 1188 2478 sensum
1244 2418 1305 2478 et
1358 2418 1657 2478 nostrum
1703 2413 2158 2479 continebatur
2214 2417 2458 2496 (textus
2504 2418 2623 2481 hoc

313 2512 450 2577 loco
497 2519 832 2594 corruptus
878 2509 1024 2596 est),
1073 2508 1172 2576 ita
1217 2514 1276 2575 et
1321 2509 1450 2593 ipsi
1494 2509 1566 2576 in
1615 2510 1832 2575 eadem
1880 2509 2139 2593 Synodo
2185 2511 2622 2593 definitionem

312 2607 588 2690 confessi
632 2609 818 2686 sunt,
880 2606 984 2671 his
1034 2607 1322 2673 osculum
1381 2612 1446 2671 et
1489 2607 1930 2673 honorabilem
1976 2608 2435 2675 salutationem
2479 2609 2621 2675 red·

314 2702 549 2782 didere,
599 2723 1015 2785 nequaquam
1062 2704 1413 2770 secundum
1456 2703 1647 2784 fidem
1694 2707 1984 2769 nostram
2030 2726 2249 2770 veram
2296 2706 2622 2772 culturam

314 2819 479 2882 quae
536 2800 708 2864 decet
753 2800 873 2865 soli
929 2800 1190 2867 divinae
1242 2805 1543 2867 naturae.
1600 2852 1613 2864 .
1671 2852 1683 2864 .
1743 2801 1836 2865 Et
1889 2801 2030 2866 ideo
2073 2802 2285 2884 ipsam
2341 2803 2622 2887 suscepi-

313 2910 460 2962 mus
488 2896 859 2979 Synodum;
903 2917 1059 2962 nam
1104 2897 1164 2962 si
1208 2918 1349 2962 eam
1386 2897 1655 2963 minime
1699 2898 2152 2980 recepissemus
2198 2904 2259 2964 et
2304 2900 2390 2964 ad
2430 2920 2619 2965 suum

302 2992 672 3076 pristinum
700 2992 1013 3058 vomitum
1058 2993 1341 3077 fuissent
1371 2994 1630 3073 reversi,
1680 2994 1829 3076 quis
1864 3016 1991 3076 pro
2023 2998 2114 3059 tot
2162 2995 2444 3060 millium
2474 2996 2623 3062 ani-

312 3109 575 3154 marum
621 3089 1138 3155 christianarum
1181 3089 1459 3156 interitu
1511 3090 1741 3156 habuit
1785 3090 2048 3155 reddere
2104 3091 2426 3156 rationem
2471 3097 2623 3158 ante

315 3185 604 3250 terribile
648 3185 1053 3252 tremendum
1108 3185 1320 3252 divini
1359 3187 1613 3270 judicis
1671 3207 1968 3266 examen,
2028 3187 2163 3252 nisi
2207 3187 2345 3252 Nos
2388 3188 2621 3254 solum·

312 3283 516 3347 modo.
565 3331 579 3346 .
626 3331 638 3346 .
682 3282 820 3347 Nos
863 3304 1012 3347 vero
1059 3282 1270 3348 adhuc
1309 3304 1431 3365 pro
1479 3284 1699 3349 eadem
1735 3283 2004 3372 &Synodo
2047 3284 2303 3350 nullum
2362 3307 2621 3369 respon·

312 3400 457 3444 sum
504 3379 815 3445 hactenus
861 3378 1064 3444 eidem
1109 3379 1507 3463 Imperatori
1550 3379 1969 3460 reddidimus,
2019 3384 2371 3448 metuentes
2414 3404 2495 3449 ne
2540 3384 2626 3449 ad

311 3496 536 3541 eorum
563 3479 1046 3541 reverterentur
1089 3496 1388 3541 errorem.
1466 3477 1742 3543 Dudum
1774 3476 2010 3559 quippe
2055 3479 2315 3559 quando
2360 3499 2462 3544 eos
2495 3501 2622 3563 pro

311 3573 523 3637 sacris
566 3572 970 3656 imaginibus
1014 3572 1328 3638 erectione
1384 3572 1720 3638 adhortati
1776 3594 2032 3653 sumus,
2089 3574 2293 3639 simili
2338 3576 2519 3641 modo
2565 3581 2625 3640 et

309 3668 389 3734 de
434 3670 702 3734 dioecesi
749 3675 885 3735 tam
931 3669 1586 3753 archiepiscoporum,
1646 3689 1839 3751 quam
1886 3674 1946 3734 et
1990 3670 2429 3753 episcoporum
2476 3692 2624 3737 san-

314 3770 452 3831 ctae
498 3766 847 3832 catholicae
892 3771 953 3831 et
1007 3765 1390 3849 apostolicae
1433 3767 1774 3832 Romanae
1818 3765 2113 3832 ecclesiae
2162 3773 2626 3833 commonentes

312 3862 755 3944 quaesivimus
795 3861 1138 3928 restituere
1182 3863 1382 3928 eidem
1440 3867 1702 3930 sanctae
1751 3868 1811 3927 et
1857 3864 2240 3946 apostolicae
2285 3864 2624 3930 Romanae

314 3957 636 4038 ecclesiae,
715 3979 879 4041 quae
948 3964 1104 4025 tunc
1171 3980 1317 4025 cum
1382 3959 1812 4043 patrimoniis
1880 3960 2124 4025 nostris
2194 3961 2621 4041 abstulerunt,

313 4054 574 4136 quando
619 4075 842 4120 sacras
886 4055 1207 4139 imayines
1253 4056 1705 4139 deposuerunt,
1754 4060 1815 4122 et
1844 4077 1959 4122 nec
2002 4077 2382 4141 responsum
2426 4058 2622 4140 quod-

313 4148 468 4215 libet
529 4151 760 4216 exinde
818 4151 1134 4218 dederunt
1145 4171 1171 4232 ,·
1238 4156 1299 4217 et
1357 4152 1430 4220 in
1494 4153 1609 4219 hoc
1670 4152 2061 4232 ostenditur,
2131 4153 2287 4235 quia
2351 4175 2431 4219 ex
2493 4174 2625 4220 uno
