3270 5028
1042 410 1123 463 De
1161 408 1402 464 divortio
1439 408 1691 464 Letharii
1729 409 1891 478 regis.
2515 413 2617 463 239

301 672 449 715 cum
503 648 867 732 Teutberga
927 649 1326 732 conjugium,
1392 648 1457 711 id
1518 648 1776 712 dissolvi
1838 670 1971 712 non
2031 669 2241 730 posse,
2306 669 2421 711 nec
2481 648 2621 732 regi

305 747 497 812 licere
557 745 750 809 aliam
810 765 1075 807 uxorem
1134 744 1381 810 ducere.
1488 743 1614 809 Sed
1665 744 2039 823 Lotharius,
2102 744 2365 828 majoris
2420 746 2586 827 parti

303 842 694 925 sententiam
764 844 1055 916 secutus,
1120 841 1220 905 die
1275 841 1479 905 natali
1540 840 1802 906 Domini
1861 841 2017 905 anni
2062 840 2187 905 862
2248 841 2621 904 solemniter

308 939 723 1003 Waldradam
780 938 848 1000 in
906 958 1166 1001 uxorem
1223 937 1437 1020 duxit,
1499 943 1563 1001 et
1623 939 1693 1000 in
1747 937 2038 1020 reginam
2099 937 2252 1000 fecit
2309 938 2619 1002 coronari.

309 1037 552 1119 Ingens
619 1039 835 1098 autem
907 1033 1056 1096 inde
1130 1038 1342 1097 ortum
1408 1037 1505 1097 est
1577 1034 1947 1098 scandalum
2017 1034 2323 1108 fidelium;
2403 1033 2621 1117 opinio

306 1154 385 1195 ea
430 1136 642 1196 aetate
689 1130 949 1214 vulgata
994 1137 1160 1206 erat,
1215 1129 1591 1195 Letharium
1639 1154 1677 1194 a
1725 1130 2073 1195 Waldrada
2117 1129 2427 1231 maleficio
2473 1129 2622 1193 affe-

305 1233 480 1293 ctum
530 1228 741 1291 fuisse.

301 553 500 636 cipia,
560 572 634 616 ac
681 557 1199 634 propugnarunt,
1261 551 1541 615 validum
1584 558 1668 615 ‘et
1724 551 2079 636 legitimum
2143 571 2279 614 esse
2326 540 2656 807 Lethariy

487 1376 589 1439 21.
651 1373 1018 1485 Teutberga
1079 1374 1316 1437 iterato
1377 1371 1608 1438 Sedem
1665 1371 2101 1455 Apostolicam
2165 1373 2663 1456 appellaverat„
2638 1372 2719 1413 ΝΟ
2718 1301 2940 1475 ⁰¹37}ss
2907 1371 2955 1413 Ρ·

306 1477 505 1557 atque
553 1469 857 1534 Nicolaus
914 1472 1049 1555 jam
1092 1470 1158 1532 in
1205 1491 1276 1534 eo
1339 1473 1476 1533 erat
1523 1473 1597 1533 ut
1655 1469 1905 1557 legatos
1947 1470 2269 1544 mitteret,
2319 1471 2437 1553 qui
2484 1492 2620 1534 rem

306 1559 670 1634 accuratius
702 1568 1170 1631 examinarent.
1253 1566 1603 1649 Postquam
1631 1587 1782 1630 vero
1828 1565 2110 1648 synodus
2155 1567 2352 1630 tertia
2383 1565 2623 1650 Aquis-

309 1665 647 1749 granensis
697 1685 936 1727 novum
984 1664 1464 1727 matrimonium
1512 1663 1651 1746 regi
1696 1665 2123 1742 concesserat,
2169 1663 2350 1747 isque
2396 1662 2622 1727 Wald·

309 1758 528 1824 radam
587 1759 885 1833 duxerat,
950 1760 1143 1823 etiam
1206 1758 1548 1822 Lotharius
1603 1759 1739 1842 ipse
1795 1759 1872 1823 ad
1927 1757 2301 1823 Pontificem
2359 1761 2625 1824 nuntios
2693 1802 2694 1807 κ

314 1857 516 1932 misit,
593 1859 823 1938 petens
892 1863 966 1918 ut
1037 1877 1203 1938 quae
1269 1859 1452 1938 gesta
1520 1861 1706 1919 erant
1774 1877 1888 1920 suo
1946 1877 2258 1920 consensu
2325 1857 2625 1919 firmaret.
2678 1884 2684 1895 ·

310 1953 524 2030 Quum
591 1953 776 2016 multi
842 1952 1010 2035 regis
1075 1956 1258 2035 gesta
1324 1953 1559 2015 acriter
1625 1950 2201 2035 reprehenderent,
2261 1953 2524 2036 jamque
2591 1976 2627 2014 a

311 2048 683 2131 Teutberga
740 2048 1070 2131 negotium
1131 2046 1209 2110 ad
1256 2046 1485 2111 Sedem
1536 2049 1972 2131 Apostolicam
2033 2048 2316 2112 delatum
2378 2049 2624 2123 fuisset,

309 2145 670 2210 consultius
734 2144 985 2207 videtur
1043 2165 1157 2207 rex
1220 2143 1551 2219 habuisse,
1620 2149 1695 2208 ut
1763 2150 1829 2208 et
1901 2145 2036 2227 ipse
2104 2145 2183 2208 ad
2245 2143 2624 2209 Pontificem

308 2264 381 2307 se
428 2244 730 2305 verteret.
823 2237 1127 2303 Nicolaus
1169 2239 1475 2305 Pontifex
1520 2241 1725 2325 igitur
1769 2241 2104 2306 concilium
2155 2240 2391 2305 indixit
2439 2241 2628 2305 Metis
2681 2276 2694 2335 '.

313 2336 801 2413 celebrandum,
868 2340 932 2400 et
993 2336 1182 2400 sicuti
1244 2334 1592 2401 Lotharius
1655 2338 1957 2419 petierat,
2019 2339 2266 2422 legatos
2328 2360 2366 2401 a
2424 2338 2629 2402 latere
2695 2350 2696 2363 ¹

319 2455 434 2497 suo
496 2432 696 2509 misit,
759 2432 867 2517 qui
928 2432 1261 2517 negotium
1322 2432 1493 2495 istud
1558 2439 1892 2517 urgerent,
1958 2435 2272 2519 rebusque
2332 2433 2629 2520 gerendis

319 2533 718 2614 praeessent,
778 2529 1175 2594 Rodoaldum
1224 2528 1645 2595 Portuensem
1702 2536 1768 2594 et
1822 2531 2141 2596 Joannem
2199 2531 2630 2596 Ficoclensem

314 2628 661 2710 episcopos,
754 2625 1096 2690 Caeterum
1143 2624 1448 2690 Nicolaus
1487 2629 1627 2711 jam
1673 2628 2127 2710 perspiciebat,
2183 2649 2400 2713 regem
2448 2628 2630 2692 adul-

318 2728 525 2788 terum
569 2722 838 2787 libidine
884 2723 1017 2807 agi,
1078 2724 1175 2786 uti
1223 2745 1302 2787 ex
1349 2724 1637 2806 epistolis
1685 2724 2017 2788 Pontificis
2064 2724 2412 2809 colligitur.
2509 2723 2631 2787 Lo-

316 2820 566 2885 tharius
629 2841 778 2884 vero
841 2822 1092 2883 interea
1156 2820 1329 2883 aliud
1357 2820 1700 2884 -motivum
1758 2820 2032 2905 legitimi
2090 2843 2228 2886 cum
2285 2821 2632 2885 Waldrada

321 2916 716 2981 matrimonii
750 2915 1012 2995 addidit,
1057 2907 1243 3000 quod*
1262 2917 1456 2980 etiam
1491 2918 1561 2981 in
1592 2914 1840 3000 synodo
1875 2916 2393 3002 Aquisgranensi
2439 2918 2634 2981 tertia

320 3013 651 3096 innuerat3
711 3012 834 3077 sibi
880 3010 1178 3077 videlicet
1215 3013 1351 3096 jam
1400 3018 1552 3077 ante
1598 3014 1835 3078 initum
1876 3035 2020 3078 cum
2066 3014 2437 3098 Teutberga
2483 3035 2632 3078 con·

308 3110 600 3194 jugium,
656 3109 917 3173 vivente
974 3115 1041 3174 et
1095 3110 1550 3174 consentiente
1600 3109 1909 3175 Lethario
1953 3109 2001 3175 I.
2059 3114 2277 3194 patre,
2337 3109 2634 3173 Waldra-
2676 3113 2694 3188 ἱι

316 3206 467 3270 dam
529 3207 655 3269 rite
717 3205 1166 3289 desponsatam
1230 3206 1454 3280 fuisse;
1527 3210 1754 3290 postea
1817 3228 1966 3271 vero
2026 3229 2093 3271 se
2165 3206 2248 3271 ab
2307 3205 2634 3271 Hucberto

320 3302 521 3366 fuisse
567 3306 888 3380 coactum,
948 3307 1024 3367 ut
1068 3302 1263 3387 ipsius
1307 3324 1589 3368 sororem
1638 3301 2069 3388 Teutbergam
2125 3303 2406 3368 duceret.
2499 3301 2631 3367 Ma·

316 3399 696 3464 trimonium
744 3400 862 3464 hoc
909 3399 1110 3484 igitur
1157 3398 1351 3463 etiam
1396 3400 1546 3464 inde
1593 3399 1792 3464 fuisse
1839 3401 2211 3464 invalidum.

500 3555 605 3619 22.
671 3554 865 3620 Ann'o
929 3556 1055 3619 863
1117 3578 1335 3620 mense
1395 3556 1593 3621 Junio
1658 3557 1972 3623 indictum
2034 3582 2072 3623 a
2133 3558 2400 3625 Nicolao
2463 3559 2637 3643 Papa

323 3650 617 3715 Metense
693 3652 1027 3716 concilium
1100 3654 1375 3737 episcopi
1447 3654 1629 3738 regni
1707 3652 2001 3718 Letharii
2078 3678 2291 3722 coram
2362 3657 2638 3740 Aposto-

323 3748 483 3811 licae
552 3747 730 3811 Sedis
798 3749 1032 3833 legatis
1101 3748 1431 3814 Rodoaldo
1504 3755 1569 3814 et
1637 3749 1891 3815 Joanne
1959 3753 2391 3835 celebrarunt3
2467 3751 2638 3817 baud

324 3849 574 3923 tamen,
646 3846 740 3908 uti
806 3844 1109 3910 Nicolaus
1173 3846 1627 3922 mandaverat,
1697 3868 1773 3911 ex
1836 3850 2049 3932 regnis
2109 3871 2365 3933 quoque
2429 3849 2639 3912 Ludo-

323 3942 444 4004 vici
510 3946 576 4005 et
637 3940 847 4006 Caroli
918 3941 1192 4006 fratrum
1263 3942 1555 4008 Lotharii
1620 3943 1757 4008 bini
1835 3945 2111 4030 episcopi
2175 3945 2254 4010 ad
2323 3945 2642 4029 synodum

320 4038 510 4101 acciti
568 4038 769 4103 fuere.
869 4038 1105 4123 Legati
1161 4040 1356 4104 etiam
1410 4040 1644 4124 ignave
1685 4041 2090 4122 ¹tolerarunt,
2146 4047 2223 4106 ut
2278 4042 2641 4125 Teutberga

320 4134 574 4216 synodo
622 4155 752 4199 non
788 4135 1090 4215 adesset,
1148 4158 1343 4220 quum
1390 4138 1642 4201 salvum
1700 4137 2081 4202 conductum
2113 4137 2310 4203 >haud
2369 4139 2642 4222 accepis-
