3270 5028
661 410 764 461 122
1184 410 1332 464 XIV.
1371 411 1454 465 De
1491 411 1644 464 civili
1685 410 1750 463 R.
1786 409 2074 464 Pontificis
2109 411 2434 478 principatu.

657 548 880 629 fuisse,
937 574 1124 620 nemo
1180 573 1375 631 sanae
1430 553 1665 617 mentis
1722 552 2113 635 negabit“.¹)
2203 553 2308 617 Ita
2364 558 2830 644 eLp-Qestate
2851 557 2966 633 in·

657 645 899 711 directa
950 647 1287 719 Pontificis
1343 651 1411 714 in
1462 649 1843 732 temporalia
1898 649 2018 712 hoc
2073 650 2319 713 factum
2370 648 2530 713 bene
2588 653 2960 733 explicatur.

658 734 1518 828 Quumqffe“}÷‘i1⁵s“ti'tncmus‚
1579 746 1804 810 'revera
1863 747 2059 809 talem
2122 748 2508 827 potestatem
2576 769 2650 810 ea
2711 749 2966 812 ratione

657 860 787 921 qua
862 865 899 904 a
966 843 1357 912 Bellarmino
1438 845 1784 927 exponitur
1857 841 2150 906 Romano
2217 841 2520 906 Pontifici
2599 845 2965 920 convenire,

653 938 923 1018 pronius
980 941 1061 1005 ad
1116 965 1254 1029 eam
1311 942 1728 1015 recurrimus,
1791 944 1866 1003 ut
1923 939 2000 1003 de
2052 939 2132 1002 iis
2189 960 2350 1022 quae
2397 939 2691 1003 fecerunt
2736 939 2965 1003 Zacha-

655 1033 782 1097 rias
838 1040 904 1100 et
963 1036 1332 1122 Stephanus
1396 1036 1670 1102 Romani
1733 1036 2078 1101 Pontifices
2132 1035 2202 1098 in
2259 1057 2448 1099 causa
2505 1033 2843 1100 childerici
2899 1042 2965 1099 et

656 1129 873 1213 Pipini
912 1134 1228 1217 judicium
1277 1131 1635 1212 feramuS.²)

367 1269 603 1373 {ffl‘fflgffl
832 1281 938 1345 47.
1017 1281 1336 1346 Convenit
1403 1281 1547 1344 dein
1617 1280 1982 1354 advertere,
2059 1278 2226 1363 quod
2296 1278 2652 1342 Childerico
2722 1280 2960 1343 adime—

654 1376 848 1440 batur
908 1378 1199 1443 umbram
1264 1378 1478 1462 potius
1543 1376 1741 1441 fuisse
1803 1376 2017 1460 regiae
2087 1376 2457 1460 dignitatis,
2528 1397 2722 1458 quam
2793 1380 2962 1458 pote·

652 1478 887 1538 statem
949 1479 1016 1537 et
1069 1475 1538 1539 auctoritatem.
1641 1472 1784 1557 Ipse
1847 1476 2059 1536 autem
2125 1478 2264 1537 erat
2325 1493 2401 1534 ex
2462 1473 2635 1535 linea
2690 1471 2962 1554 quadam

654 1570 1004 1635 collaterali
1058 1569 1618 1653 Merovingorum3
1691 1569 1930 1634 directa
2003 1569 2316 1634 successio
2387 1569 2557 1632 enim
2620 1570 2756 1653 jam
2824 1590 2959 1631 sae-

653 1667 795 1751 pius
857 1668 1222 1750 interrupta
1286 1667 1521 1730 fuerat.
1629 1666 2000 1731 Restituere
2066 1666 2125 1729 ei
2188 1664 2445 1749 plenam
2515 1665 2960 1729 auctoritatem

652 1765 926 1845 regiam,
1000 1764 1302 1846 spectatis
1358 1764 1682 1847 adjunctis
1740 1768 1805 1827 et
1857 1763 2057 1846 ipsius
2102 1763 2443 1827 Ghilderici
2500 1762 2713 1825 indole
2768 1767 2963 1845 atque

492 1842 561 1986 *ff
651 1860 947 1943 ingenio,
1010 1881 1127 1923 nec
1182 1865 1326 1943 apte
1382 1860 1519 1924 fieri
1575 1882 1694 1924 nec
1748 1881 1860 1943 per
1909 1859 2287 1924 Pontificem
2344 1858 2622 1923 obtineri
2678 1864 2960 1941 poterat;

653 1955 803 2019 hinc
877 1956 1130 2020 unicum
1210 1955 1487 2021 medium
1565 1956 1939 2040 providendi
2017 1956 2185 2021 bono
2256 1956 2650 2021 Francorum
2726 1960 2792 2019 et
2862 1977 2956 2018 re-

504 2051 566 2157 *t
650 2052 912 2135 ligionis
985 2060 1125 2117 erat
1189 2076 1411 2118 revera
1479 2054 1751 2119 elevatio
1823 2054 2033 2136 Pipini
2102 2054 2180 2118 ad
2250 2073 2541 2136 regnum.
2655 2051 2962 2117 Pontifex

654 2171 843 2233 porro
913 2153 1195 2233 statum&
1220 2173 1433 2233 reruni
1497 2150 1941 2214 considerabat
2005 2152 2101 2214 uti
2167 2148 2464 2232 objective
2525 2172 2593 2213 se
2661 2149 2963 2225 habebat,

653 2268 772 2310 nec
856 2251 996 2310 erat
1070 2247 1271 2330 ipsius
1350 2247 1749 2321 examinare,
1839 2270 1921 2312 an
1998 2248 2166 2311 forte
2213 2236 2536 2310 'bumana
2612 2244 2964 2310 ambitione

655 2341 1160 2426 Majoresdomus
1239 2366 1315 2407 ex
1403 2345 1601 2426 stirpe
1681 2343 1895 2427 Pipini
1976 2336 2287 2428 paulatim
2362 2365 2675 2408 summam
2748 2341 2959 2424 digni-

652 2444 851 2503 tatem
928 2441 1178 2523 assequi
1256 2441 1643 2504 studuerint.
1780 2439 2005 2525 Neque
2083 2440 2382 2504 Pontifici
2470 2438 2958 2504 adscribendum

652 2542 777 2614 est,
835 2537 1004 2619 quod
1053 2538 1440 2602 Childericus
1488 2539 1753 2621 ejusque
1801 2540 1969 2602 filius
2019 2538 2194 2602 tonsi
2253 2542 2317 2601 et
2377 2538 2447 2601 in
2494 2537 2957 2601 monasterium

656 2634 833 2698 missi
905 2634 1059 2698 sint.
1172 2633 1613 2697 Tribuendum
1685 2634 1750 2698 id
1819 2643 1917 2699 est
1984 2639 2342 2717 temporum
2411 2635 2722 2708 moribus,
2798 2652 2961 2715 quos

610 2722 810 2807 &sane
866 2752 984 2795 nec
1049 2731 1307 2795 laudare
1369 2752 1488 2795 nec
1550 2731 1995 2795 commendare
2064 2752 2321 2795 necesse
2389 2736 2502 2795 est.
2620 2729 2955 2794 Caeterum

652 2828 840 2891 multi
902 2827 1022 2890 viri
1092 2828 1377 2911 insignes
1445 2849 1520 2892 ea
1589 2832 1803 2892 aetate
1868 2833 2015 2912 post
2069 2828 2276 2892 varias
2341 2828 2511 2890 vitae
2578 2823 2956 2889 vicissitudi-

653 2946 767 2988 nes
827 2925 1025 2987 vitam
1091 2925 1509 2988 monasticam
1570 2924 2159 3007 amplectebantur,
2221 2925 2319 2987 uti
2381 2946 2433 2988 e.
2479 2944 2536 3006 g.
2598 2921 2831 3008 Rachjs
2893 2932 2962 2982 et

653 3020 1198 3097 Oarolomannus‚
1275 3021 1466 3103 idque
1540 3020 1900 3085 habebatur
1968 3025 2042 3084 ut
2110 3021 2292 3084 valde
2358 3019 2669 3083 decorum.
2782 3016 2958 3081 Mor-

653 3121 803 3181 tuus
867 3121 969 3181 est
1017 3116 1408 3182 Childericus
1473 3118 1541 3180 in
1607 3117 1997 3182 monasterio
2060 3117 2123 3181 S.
2175 3116 2423 3181 Bertini
2491 3116 2568 3180 ad
2623 3112 2685 3179 S.
2736 3113 2957 3177 Audo-

830 3340 871 3406 ¹)
912 3342 1049 3395 Ibid.
1088 3343 1146 3395 L.
1186 3344 1260 3396 II.
1300 3360 1343 3396 c.
1384 3345 1466 3397 17.

829 3419 873 3484 2)
911 3420 1073 3474 Haud
1118 3426 1303 3476 tamen
1350 3419 1521 3476 hisce*
1549 3423 1834 3477 eventibus
1880 3428 2094 3478 utemur
2140 3424 2210 3476 ad
2256 3423 2396 3476 hanc
2440 3425 2775 3488 potestatem
2817 3417 2955 3471 indi·

649 3503 856 3553 rectam
898 3499 1389 3554 demonstrandam.
1460 3501 1632 3554 Plura
1680 3502 1824 3556 enim
1871 3503 2046 3569 quoad
2085 3503 2181 3556 hos
2228 3506 2459 3557 eventus
2497 3498 2810 3553 obscuriora
2843 3514 2956 3549 ma-

649 3582 802 3643 nent,
841 3593 904 3630 ac
942 3578 989 3630 si
1025 3578 1081 3631 in
1119 3594 1176 3634 se
1202 3584 1419 3634 tantum
1456 3585 1739 3647 spectatur
1774 3581 1873 3634 illa
1908 3580 2067 3649 regni
2105 3580 2411 3644 translatiO,
2450 3579 2614 3633 etiam
2653 3578 2761 3632 alio
2799 3577 2956 3629 modo

648 3655 885 3711 fortasse
936 3656 1201 3723 explicari
1249 3664 1450 3727 potest.
1525 3658 1631 3713 Sed
1681 3660 2127 3727 quemadmodum
2179 3660 2475 3730 Gregorius
2510 3657 2635 3711 VII.
2687 3662 2744 3711 et
2793 3656 2955 3708 Inno-

650 3733 864 3789 centius
916 3734 1019 3788 ΠΙ.
1079 3741 1410 3803 potestatem
1458 3737 1609 3791 illam
1664 3738 1987 3793 indirectam
2035 3740 2237 3794 diserte
2288 3738 2549 3793 Romanis
2598 3736 2954 3790 Pontificibus

649 3814 985 3883 adscribunt,
1020 3815 1102 3868 ita
1128 3831 1407 3871 censemus
1437 3816 1602 3872 etiam
1628 3817 1998 3872 anterioribus
2026 3818 2383 3872 Pontificibus
2419 3832 2735 3885 persuasum
2764 3814 2954 3877 fuisse,

649 3908 710 3947 se
746 3892 1013 3962 ejusmodi
1046 3900 1375 3961 potestatem
1412 3896 1629 3950 habere.
1703 3896 1891 3950 Variis
1931 3902 2113 3950 autem
2148 3895 2206 3949 in
2244 3897 2527 3951 eventibus
2568 3893 2955 3948 auctoritatem

650 3988 804 4026 suam
839 3972 1057 4040 plenam
1094 3978 1152 4028 et
1188 3979 1363 4028 totam
1401 3975 1455 4027 in
1495 3980 1748 4030 concreto
1779 3975 2162 4040 adhibuerunt,
2200 3992 2264 4029 ac
2295 3975 2471 4029 minus
2509 3988 2747 4042 congrue
2783 3973 2955 4040 inqui·

649 4051 797 4105 ritui·
834 4055 890 4106 et
926 4067 1095 4121 aegre
1125 4052 1537 4120 determinatur,
1576 4059 1761 4107 utrum
1798 4057 2012 4107 tantum
2037 4055 2367 4108 auctoritate
2403 4052 2707 4121 magisterii
2748 4051 2952 4117 (decla-

648 4130 830 4198 randi)
868 4146 938 4183 an
972 4146 1102 4185 vero
1142 4132 1307 4186 etiam
1344 4133 1678 4188 auctoritate
1710 4132 1950 4201 juridica
1989 4132 2359 4202 (disponendi)
2400 4132 2483 4187 uti
2519 4131 2811 4186 voluerint.
