<?xml version="1.0" encoding="UTF-8"?>
<!DOCTYPE html PUBLIC "-//W3C//DTD XHTML 1.0 Transitional//EN"
    "http://www.w3.org/TR/xhtml1/DTD/xhtml1-transitional.dtd">
<html xmlns="http://www.w3.org/1999/xhtml" xml:lang="en" lang="en">
 <head>
  <title>
</title>
<meta http-equiv="Content-Type" content="text/html;charset=utf-8" />
  <meta name='ocr-system' content='tesseract 3.04.00' />
  <meta name='ocr-capabilities' content='ocr_page ocr_carea ocr_par ocr_line ocrx_word'/>
</head>
<body>
  <div class='ocr_page' id='page_1' title='image "./dissertationess04junggoog_0371.png"; bbox 0 0 3270 5028; ppageno 0'>
   <div class='ocr_carea' id='block_1_1' title="bbox 1060 426 2616 507">
    <p class='ocr_par' dir='ltr' id='par_1_1' title="bbox 1060 426 2616 507">
     <span class='ocr_line' id='line_1_1' title="bbox 1060 426 2616 507; baseline 0.003 -14"><span class='ocrx_word' id='word_1_1' title='bbox 1060 441 1293 495; x_wconf 85' lang='lat' dir='ltr'><em>Photius</em></span> <span class='ocrx_word' id='word_1_2' title='bbox 1311 426 1864 507; x_wconf 60' lang='lat' dir='ltr'>pseudopatriarcha.</span> <span class='ocrx_word' id='word_1_3' title='bbox 2513 447 2616 498; x_wconf 89' lang='lat'><em>365</em></span> 
     </span>
    </p>
   </div>
   <div class='ocr_carea' id='block_1_2' title="bbox 198 577 2922 2984">
    <p class='ocr_par' dir='ltr' id='par_1_2' title="bbox 198 577 2922 2984">
     <span class='ocr_line' id='line_1_2' title="bbox 306 577 2617 663; baseline -0.001 -15"><span class='ocrx_word' id='word_1_4' title='bbox 306 586 672 650; x_wconf 87' lang='lat' dir='ltr'><em>veniebant.</em></span> <span class='ocrx_word' id='word_1_5' title='bbox 750 585 888 660; x_wconf 82' lang='lat' dir='ltr'><em>Qua</em></span> <span class='ocrx_word' id='word_1_6' title='bbox 936 585 1013 647; x_wconf 90' lang='lat' dir='ltr'><em>de</em></span> <span class='ocrx_word' id='word_1_7' title='bbox 1057 606 1126 647; x_wconf 89' lang='lat' dir='ltr'><em>re</em></span> <span class='ocrx_word' id='word_1_8' title='bbox 1168 582 1389 645; x_wconf 80' lang='lat' dir='ltr'><strong>scribit</strong></span> <span class='ocrx_word' id='word_1_9' title='bbox 1435 582 1503 644; x_wconf 92' lang='lat' dir='ltr'><em>in</em></span> <span class='ocrx_word' id='word_1_10' title='bbox 1548 581 1818 663; x_wconf 87' lang='lat' dir='ltr'><em>epistola</em></span> <span class='ocrx_word' id='word_1_11' title='bbox 1864 577 2033 663; x_wconf 69' lang='lat'>(70²)</span> <span class='ocrx_word' id='word_1_12' title='bbox 2079 582 2156 644; x_wconf 86' lang='lat' dir='ltr'><em>ad</em></span> <span class='ocrx_word' id='word_1_13' title='bbox 2192 581 2617 646; x_wconf 84' lang='lat' dir='ltr'><em>Hincmarum</em></span> 
     </span>
     <span class='ocr_line' id='line_1_3' title="bbox 306 675 2616 759; baseline -0.002 -12"><span class='ocrx_word' id='word_1_14' title='bbox 306 683 768 747; x_wconf 84' lang='lat' dir='ltr'><em>Rhemensem:</em></span> <span class='ocrx_word' id='word_1_15' title='bbox 830 679 955 745; x_wconf 78' lang='lat' dir='ltr'><em>Sed</em></span> <span class='ocrx_word' id='word_1_16' title='bbox 1001 683 1075 743; x_wconf 91' lang='lat' dir='ltr'><em>ut</em></span> <span class='ocrx_word' id='word_1_17' title='bbox 1111 676 1375 759; x_wconf 76' lang='lat' dir='ltr'><em>plenius</em></span> <span class='ocrx_word' id='word_1_18' title='bbox 1419 675 1572 741; x_wconf 82' lang='lat' dir='ltr'><em>haec</em></span> <span class='ocrx_word' id='word_1_19' title='bbox 1618 680 1754 739; x_wconf 89' lang='lat' dir='ltr'><em>tam</em></span> <span class='ocrx_word' id='word_1_20' title='bbox 1798 675 1929 757; x_wconf 85' lang='lat' dir='ltr'><em>ipsi</em></span> <span class='ocrx_word' id='word_1_21' title='bbox 1974 676 2371 758; x_wconf 71' lang='lat' dir='ltr'><em>Imperatori</em></span> <span class='ocrx_word' id='word_1_22' title='bbox 2419 698 2616 759; x_wconf 81' lang='lat' dir='ltr'><em>quam</em></span> 
     </span>
     <span class='ocr_line' id='line_1_4' title="bbox 302 772 2609 859; baseline -0.002 -17"><span class='ocrx_word' id='word_1_23' title='bbox 302 778 459 843; x_wconf 86' lang='lat' dir='ltr'><em>aliis</em></span> <span class='ocrx_word' id='word_1_24' title='bbox 499 777 795 859; x_wconf 81' lang='lat' dir='ltr'><em>fidelibus</em></span> <span class='ocrx_word' id='word_1_25' title='bbox 823 775 1129 841; x_wconf 86' lang='lat' dir='ltr'><em>intimari</em></span> <span class='ocrx_word' id='word_1_26' title='bbox 1158 772 1543 855; x_wconf 84' lang='lat' dir='ltr'><em>potuissent,</em></span> <span class='ocrx_word' id='word_1_27' title='bbox 1591 772 1952 837; x_wconf 83' lang='lat' dir='ltr'><em>convocatis</em></span> <span class='ocrx_word' id='word_1_28' title='bbox 2000 773 2384 854; x_wconf 79' lang='lat' dir='ltr'><em>quibusdam</em></span> <span class='ocrx_word' id='word_1_29' title='bbox 2435 796 2466 839; x_wconf 92' lang='lat' dir='ltr'><em>e</em></span> <span class='ocrx_word' id='word_1_30' title='bbox 2514 776 2609 839; x_wconf 82' lang='lat' dir='ltr'><em>vi-</em></span> 
     </span>
     <span class='ocr_line' id='line_1_5' title="bbox 296 869 2614 956; baseline -0.001 -17"><span class='ocrx_word' id='word_1_31' title='bbox 296 874 473 939; x_wconf 86' lang='lat' dir='ltr'><em>cinis</em></span> <span class='ocrx_word' id='word_1_32' title='bbox 518 874 671 940; x_wconf 84' lang='lat' dir='ltr'><em>locis</em></span> <span class='ocrx_word' id='word_1_33' title='bbox 711 872 1040 956; x_wconf 80' lang='lat' dir='ltr'><em>fra-tribus</em></span> <span class='ocrx_word' id='word_1_34' title='bbox 1085 875 1145 935; x_wconf 92' lang='lat' dir='ltr'><em>et</em></span> <span class='ocrx_word' id='word_1_35' title='bbox 1190 870 1570 952; x_wconf 76' lang='lat' dir='ltr'><em>coepiscopis</em></span> <span class='ocrx_word' id='word_1_36' title='bbox 1614 870 1877 947; x_wconf 83' lang='lat' dir='ltr'><em>nostris,</em></span> <span class='ocrx_word' id='word_1_37' title='bbox 1925 869 2001 934; x_wconf 92' lang='lat' dir='ltr'><em>de</em></span> <span class='ocrx_word' id='word_1_38' title='bbox 2047 870 2167 948; x_wconf 73' lang='lat' dir='ltr'><em>his,</em></span> <span class='ocrx_word' id='word_1_39' title='bbox 2215 872 2385 952; x_wconf 82' lang='lat' dir='ltr'><em>quod</em></span> <span class='ocrx_word' id='word_1_40' title='bbox 2428 872 2614 937; x_wconf 84' lang='lat' dir='ltr'><em>nobis</em></span> 
     </span>
     <span class='ocr_line' id='line_1_6' title="bbox 296 957 2611 1048; baseline -0.001 -12"><span class='ocrx_word' id='word_1_41' title='bbox 296 972 609 1036; x_wconf 80' lang='lat' dir='ltr'><em>canonice</em></span> <span class='ocrx_word' id='word_1_42' title='bbox 668 957 883 1035; x_wconf 80' lang='lat' dir='ltr'><em>visum</em></span> <span class='ocrx_word' id='word_1_43' title='bbox 942 973 1035 1033; x_wconf 87' lang='lat' dir='ltr'><em>est</em></span> <span class='ocrx_word' id='word_1_44' title='bbox 1101 966 1496 1032; x_wconf 79' lang='lat' dir='ltr'><em>decrevimus</em></span> <span class='ocrx_word' id='word_1_45' title='bbox 1566 970 1626 1031; x_wconf 89' lang='lat' dir='ltr'><em>et</em></span> <span class='ocrx_word' id='word_1_46' title='bbox 1685 965 2158 1031; x_wconf 79' lang='lat' dir='ltr'><em>ordinavimus.</em></span> <span class='ocrx_word' id='word_1_47' title='bbox 2269 967 2409 1047; x_wconf 75' lang='lat' dir='ltr'><em>Quo</em></span> <span class='ocrx_word' id='word_1_48' title='bbox 2466 969 2611 1048; x_wconf 85' lang='lat' dir='ltr'><em>rite,</em></span> 
     </span>
     <span class='ocr_line' id='line_1_7' title="bbox 293 1061 2609 1146; baseline -0 -15"><span class='ocrx_word' id='word_1_49' title='bbox 293 1068 470 1133; x_wconf 86' lang='lat' dir='ltr'><em>sicut</em></span> <span class='ocrx_word' id='word_1_50' title='bbox 501 1066 928 1143; x_wconf 77' lang='lat' dir='ltr'><em>arbitramur,</em></span> <span class='ocrx_word' id='word_1_51' title='bbox 978 1064 1296 1143; x_wconf 81' lang='lat' dir='ltr'><em>ordinatO,</em></span> <span class='ocrx_word' id='word_1_52' title='bbox 1342 1083 1651 1144; x_wconf 81' lang='lat' dir='ltr'><em>quaerere</em></span> <span class='ocrx_word' id='word_1_53' title='bbox 1692 1061 2013 1144; x_wconf 85' lang='lat' dir='ltr'><em>coepimus</em></span> <span class='ocrx_word' id='word_1_54' title='bbox 2042 1064 2609 1146; x_wconf 69' lang='lat' dir='ltr'><em>opportunitatem,</em></span> 
     </span>
     <span class='ocr_line' id='line_1_8' title="bbox 300 1158 2610 1247; baseline -0 -18"><span class='ocrx_word' id='word_1_55' title='bbox 300 1185 432 1246; x_wconf 80' lang='lat' dir='ltr'><em>qua</em></span> <span class='ocrx_word' id='word_1_56' title='bbox 475 1162 637 1247; x_wconf 78' lang='lat' dir='ltr'><em>freti</em></span> <span class='ocrx_word' id='word_1_57' title='bbox 680 1163 910 1227; x_wconf 87' lang='lat' dir='ltr'><em>missos</em></span> <span class='ocrx_word' id='word_1_58' title='bbox 957 1160 1361 1242; x_wconf 84' lang='lat' dir='ltr'><em>Apostolicae</em></span> <span class='ocrx_word' id='word_1_59' title='bbox 1408 1159 1593 1224; x_wconf 77' lang='lat' dir='ltr'><em>Sedis</em></span> <span class='ocrx_word' id='word_1_60' title='bbox 1647 1158 1844 1224; x_wconf 86' lang='lat' dir='ltr'><em>etiam</em></span> <span class='ocrx_word' id='word_1_61' title='bbox 1891 1159 2103 1225; x_wconf 82' lang='lat' dir='ltr'><em>adhuc</em></span> <span class='ocrx_word' id='word_1_62' title='bbox 2155 1160 2610 1228; x_wconf 81' lang='lat' dir='ltr'><em>Constantino-</em></span> 
     </span>
     <span class='ocr_line' id='line_1_9' title="bbox 286 1256 2609 1345; baseline -0.001 -19"><span class='ocrx_word' id='word_1_63' title='bbox 286 1261 501 1345; x_wconf 84' lang='lat' dir='ltr'><em>polim</em></span> <span class='ocrx_word' id='word_1_64' title='bbox 558 1281 701 1325; x_wconf 87' lang='lat' dir='ltr'><em>cum</em></span> <span class='ocrx_word' id='word_1_65' title='bbox 749 1256 1211 1323; x_wconf 78' lang='lat' dir='ltr'><em>exhortatoriis</em></span> <span class='ocrx_word' id='word_1_66' title='bbox 1266 1256 1553 1339; x_wconf 81' lang='lat' dir='ltr'><em>epistolis</em></span> <span class='ocrx_word' id='word_1_67' title='bbox 1608 1256 2083 1322; x_wconf 80' lang='lat' dir='ltr'><em>destinaremus</em></span> <span class='ocrx_word' id='word_1_68' title='bbox 2141 1310 2154 1323; x_wconf 92' lang='lat'><strong><em>.</em></strong></span> <span class='ocrx_word' id='word_1_69' title='bbox 2212 1310 2226 1323; x_wconf 86' lang='lat'><strong>.</strong></span> <span class='ocrx_word' id='word_1_70' title='bbox 2284 1310 2296 1322; x_wconf 91' lang='lat'><strong>.</strong></span> <span class='ocrx_word' id='word_1_71' title='bbox 2356 1309 2369 1322; x_wconf 90' lang='lat'><strong>.</strong></span> <span class='ocrx_word' id='word_1_72' title='bbox 2431 1260 2609 1324; x_wconf 89' lang='lat' dir='ltr'><em>Vide-</em></span> 
     </span>
     <span class='ocr_line' id='line_1_10' title="bbox 300 1352 2608 1435; baseline -0.002 -11"><span class='ocrx_word' id='word_1_73' title='bbox 300 1360 497 1424; x_wconf 82' lang='lat' dir='ltr'><em>batur</em></span> <span class='ocrx_word' id='word_1_74' title='bbox 542 1358 715 1422; x_wconf 88' lang='lat' dir='ltr'><em>enim</em></span> <span class='ocrx_word' id='word_1_75' title='bbox 744 1355 931 1421; x_wconf 80' lang='lat' dir='ltr'><em>nobis</em></span> <span class='ocrx_word' id='word_1_76' title='bbox 973 1355 1100 1418; x_wconf 90' lang='lat' dir='ltr'><em>iter</em></span> <span class='ocrx_word' id='word_1_77' title='bbox 1144 1354 1376 1418; x_wconf 80' lang='lat' dir='ltr'><em>navale</em></span> <span class='ocrx_word' id='word_1_78' title='bbox 1406 1352 1569 1418; x_wconf 87' lang='lat' dir='ltr'><em>satis</em></span> <span class='ocrx_word' id='word_1_79' title='bbox 1614 1352 1898 1434; x_wconf 79' lang='lat' dir='ltr'><em>difficile,</em></span> <span class='ocrx_word' id='word_1_80' title='bbox 1947 1358 2007 1417; x_wconf 86' lang='lat' dir='ltr'><em>et</em></span> <span class='ocrx_word' id='word_1_81' title='bbox 2049 1359 2316 1435; x_wconf 86' lang='lat' dir='ltr'><em>propter</em></span> <span class='ocrx_word' id='word_1_82' title='bbox 2361 1376 2608 1421; x_wconf 90' lang='lat' dir='ltr'><em>eorum-</em></span> 
     </span>
     <span class='ocr_line' id='line_1_11' title="bbox 295 1448 2649 1532; baseline -0.001 -11"><span class='ocrx_word' id='word_1_83' title='bbox 295 1456 439 1521; x_wconf 87' lang='lat' dir='ltr'><em>dem</em></span> <span class='ocrx_word' id='word_1_84' title='bbox 491 1454 890 1519; x_wconf 74' lang='lat' dir='ltr'><em>Graecorum</em></span> <span class='ocrx_word' id='word_1_85' title='bbox 936 1456 1234 1532; x_wconf 83' lang='lat' dir='ltr'><em>expertas</em></span> <span class='ocrx_word' id='word_1_86' title='bbox 1277 1449 1559 1514; x_wconf 81' lang='lat' dir='ltr'><em>insidias</em></span> <span class='ocrx_word' id='word_1_87' title='bbox 1603 1448 1789 1513; x_wconf 84' lang='lat' dir='ltr'><em>valde</em></span> <span class='ocrx_word' id='word_1_88' title='bbox 1835 1449 2186 1515; x_wconf 82' lang='lat' dir='ltr'><em>cavendum</em></span> <span class='ocrx_word' id='word_1_89' title='bbox 2231 1501 2243 1514; x_wconf 95' lang='lat'><strong>.</strong></span> <span class='ocrx_word' id='word_1_90' title='bbox 2293 1500 2306 1514; x_wconf 94' lang='lat'><strong>.</strong></span> <span class='ocrx_word' id='word_1_91' title='bbox 2358 1504 2372 1517; x_wconf 91' lang='lat'><strong>.</strong></span> <span class='ocrx_word' id='word_1_92' title='bbox 2421 1502 2436 1517; x_wconf 92' lang='lat'><strong>.</strong></span> <span class='ocrx_word' id='word_1_93' title='bbox 2485 1453 2612 1517; x_wconf 81' lang='lat' dir='ltr'><em>Sed</em></span> <span class='ocrx_word' id='word_1_94' title='bbox 2646 1461 2649 1468; x_wconf 86' lang='lat'>&#39;</span> 
     </span>
     <span class='ocr_line' id='line_1_12' title="bbox 291 1546 2609 1636; baseline -0.001 -19"><span class='ocrx_word' id='word_1_95' title='bbox 291 1557 360 1617; x_wconf 89' lang='lat' dir='ltr'><em>et</em></span> <span class='ocrx_word' id='word_1_96' title='bbox 407 1552 623 1632; x_wconf 86' lang='lat' dir='ltr'><em>(valde</em></span> <span class='ocrx_word' id='word_1_97' title='bbox 654 1550 854 1636; x_wconf 84' lang='lat' dir='ltr'><em>gavisi</em></span> <span class='ocrx_word' id='word_1_98' title='bbox 886 1546 1149 1624; x_wconf 85' lang='lat' dir='ltr'><em>sumus),</em></span> <span class='ocrx_word' id='word_1_99' title='bbox 1199 1547 1356 1627; x_wconf 79' lang='lat' dir='ltr'><em>quia</em></span> <span class='ocrx_word' id='word_1_100' title='bbox 1393 1566 1515 1628; x_wconf 90' lang='lat' dir='ltr'><em>per</em></span> <span class='ocrx_word' id='word_1_101' title='bbox 1546 1566 1769 1610; x_wconf 89' lang='lat' dir='ltr'><em>eorum</em></span> <span class='ocrx_word' id='word_1_102' title='bbox 1807 1547 2288 1631; x_wconf 80' lang='lat' dir='ltr'><em>(Bulgarorum)</em></span> <span class='ocrx_word' id='word_1_103' title='bbox 2335 1570 2609 1632; x_wconf 73' lang='lat' dir='ltr'><em>reynum</em></span> 
     </span>
     <span class='ocr_line' id='line_1_13' title="bbox 290 1642 2607 1732; baseline -0.001 -18"><span class='ocrx_word' id='word_1_104' title='bbox 290 1649 555 1732; x_wconf 79' lang='lat' dir='ltr'><em>facilem</em></span> <span class='ocrx_word' id='word_1_105' title='bbox 619 1667 695 1711; x_wconf 86' lang='lat' dir='ltr'><em>ac</em></span> <span class='ocrx_word' id='word_1_106' title='bbox 759 1647 1118 1710; x_wconf 88' lang='lat' dir='ltr'><em>terrenum&#39;</em></span> <span class='ocrx_word' id='word_1_107' title='bbox 1158 1642 1375 1707; x_wconf 76' lang='lat' dir='ltr'><em>missis</em></span> <span class='ocrx_word' id='word_1_108' title='bbox 1436 1642 1683 1707; x_wconf 87' lang='lat' dir='ltr'><em>nostris</em></span> <span class='ocrx_word' id='word_1_109' title='bbox 1741 1643 1827 1707; x_wconf 89' lang='lat' dir='ltr'><em>ad</em></span> <span class='ocrx_word' id='word_1_110' title='bbox 1893 1647 2138 1721; x_wconf 87' lang='lat' dir='ltr'><em>terram</em></span> <span class='ocrx_word' id='word_1_111' title='bbox 2209 1644 2607 1711; x_wconf 76' lang='lat' dir='ltr'><em>Graecorum</em></span> 
     </span>
     <span class='ocr_line' id='line_1_14' title="bbox 290 1738 2609 1826; baseline -0.001 -16"><span class='ocrx_word' id='word_1_112' title='bbox 290 1765 617 1810; x_wconf 87' lang='lat' dir='ltr'><em>accessum</em></span> <span class='ocrx_word' id='word_1_113' title='bbox 674 1747 903 1826; x_wconf 86' lang='lat' dir='ltr'><em>patere</em></span> <span class='ocrx_word' id='word_1_114' title='bbox 931 1738 1430 1822; x_wconf 78' lang='lat' dir='ltr'><em>perspeximus.</em></span> <span class='ocrx_word' id='word_1_115' title='bbox 1554 1739 1896 1805; x_wconf 84' lang='lat' dir='ltr'><em>Ordinatis</em></span> <span class='ocrx_word' id='word_1_116' title='bbox 1961 1740 2174 1821; x_wconf 68' lang='lat' dir='ltr'><em>iyitur</em></span> <span class='ocrx_word' id='word_1_117' title='bbox 2241 1746 2374 1806; x_wconf 89' lang='lat' dir='ltr'><em>tam</em></span> <span class='ocrx_word' id='word_1_118' title='bbox 2445 1763 2609 1824; x_wconf 82' lang='lat' dir='ltr'><em>quae</em></span> 
     </span>
     <span class='ocr_line' id='line_1_15' title="bbox 293 1835 2604 1923; baseline -0.001 -17"><span class='ocrx_word' id='word_1_119' title='bbox 293 1842 672 1923; x_wconf 71' lang='lat' dir='ltr'><em>Bulyarum</em></span> <span class='ocrx_word' id='word_1_120' title='bbox 712 1837 929 1922; x_wconf 71' lang='lat' dir='ltr'><em>yentis</em></span> <span class='ocrx_word' id='word_1_121' title='bbox 977 1856 1267 1918; x_wconf 71' lang='lat' dir='ltr'><em>conqrua</em></span> <span class='ocrx_word' id='word_1_122' title='bbox 1308 1835 1460 1915; x_wconf 79' lang='lat' dir='ltr'><em>fidei</em></span> <span class='ocrx_word' id='word_1_123' title='bbox 1504 1835 1898 1901; x_wconf 86' lang='lat' dir='ltr'><em>rudimentis</em></span> <span class='ocrx_word' id='word_1_124' title='bbox 1941 1836 2351 1918; x_wconf 66' lang='lat' dir='ltr'><em>aqnovimus,</em></span> <span class='ocrx_word' id='word_1_125' title='bbox 2408 1860 2604 1920; x_wconf 79' lang='lat' dir='ltr'><em>quam</em></span> 
     </span>
     <span class='ocr_line' id='line_1_16' title="bbox 289 1932 2606 2018; baseline -0 -17"><span class='ocrx_word' id='word_1_126' title='bbox 289 1958 461 2018; x_wconf 76' lang='lat' dir='ltr'><em>quae</em></span> <span class='ocrx_word' id='word_1_127' title='bbox 509 1932 1133 2015; x_wconf 83' lang='lat' dir='ltr'><em>Constantinopolim</em></span> <span class='ocrx_word' id='word_1_128' title='bbox 1178 1932 1432 1996; x_wconf 86' lang='lat' dir='ltr'><em>mittere</em></span> <span class='ocrx_word' id='word_1_129' title='bbox 1477 1932 2030 2014; x_wconf 85' lang='lat' dir='ltr'><em>disposueramus,</em></span> <span class='ocrx_word' id='word_1_130' title='bbox 2084 1934 2312 1998; x_wconf 89' lang='lat' dir='ltr'><em>missos</em></span> <span class='ocrx_word' id='word_1_131' title='bbox 2357 1956 2606 2017; x_wconf 78' lang='lat' dir='ltr'><em>quoque</em></span> 
     </span>
     <span class='ocr_line' id='line_1_17' title="bbox 289 2028 2605 2114; baseline -0.001 -15"><span class='ocrx_word' id='word_1_132' title='bbox 289 2038 551 2099; x_wconf 78' lang='lat' dir='ltr'><em>nostros</em></span> <span class='ocrx_word' id='word_1_133' title='bbox 582 2053 725 2098; x_wconf 87' lang='lat' dir='ltr'><em>cum</em></span> <span class='ocrx_word' id='word_1_134' title='bbox 757 2030 987 2114; x_wconf 71' lang='lat' dir='ltr'><em>Zeyatis</em></span> <span class='ocrx_word' id='word_1_135' title='bbox 1017 2031 1167 2113; x_wconf 81' lang='lat' dir='ltr'><em>jam</em></span> <span class='ocrx_word' id='word_1_136' title='bbox 1201 2029 1527 2094; x_wconf 85' lang='lat' dir='ltr'><em>nominati</em></span> <span class='ocrx_word' id='word_1_137' title='bbox 1572 2028 1745 2111; x_wconf 72' lang='lat' dir='ltr'><em>reyis</em></span> <span class='ocrx_word' id='word_1_138' title='bbox 1787 2050 1904 2110; x_wconf 88' lang='lat' dir='ltr'><em>per</em></span> <span class='ocrx_word' id='word_1_139' title='bbox 1947 2028 2159 2111; x_wconf 86' lang='lat' dir='ltr'><em>ipsius</em></span> <span class='ocrx_word' id='word_1_140' title='bbox 2205 2032 2605 2097; x_wconf 86' lang='lat' dir='ltr'><em>transituros</em></span> 
     </span>
     <span class='ocr_line' id='line_1_18' title="bbox 289 2126 2599 2212; baseline 0 -18"><span class='ocrx_word' id='word_1_141' title='bbox 289 2130 618 2211; x_wconf 63' lang='lat' dir='ltr'><em>regionem</em></span> <span class='ocrx_word' id='word_1_142' title='bbox 663 2126 1099 2212; x_wconf 68' lang='lat' dir='ltr'><em>direxim2.t8.¹)</em></span> <span class='ocrx_word' id='word_1_143' title='bbox 1190 2127 1459 2209; x_wconf 82' lang='lat' dir='ltr'><em>Legatis</em></span> <span class='ocrx_word' id='word_1_144' title='bbox 1515 2128 1660 2191; x_wconf 84' lang='lat' dir='ltr'><em>istis</em></span> <span class='ocrx_word' id='word_1_145' title='bbox 1709 2126 2012 2191; x_wconf 86' lang='lat' dir='ltr'><em>Nicolaus</em></span> <span class='ocrx_word' id='word_1_146' title='bbox 2070 2128 2449 2194; x_wconf 88' lang='lat' dir='ltr'><em>deferendas</em></span> <span class='ocrx_word' id='word_1_147' title='bbox 2495 2131 2599 2195; x_wconf 85' lang='lat' dir='ltr'><em>de·</em></span> 
     </span>
     <span class='ocr_line' id='line_1_19' title="bbox 286 2221 2597 2311; baseline 0 -20"><span class='ocrx_word' id='word_1_148' title='bbox 286 2228 478 2291; x_wconf 86' lang='lat' dir='ltr'><em>derat</em></span> <span class='ocrx_word' id='word_1_149' title='bbox 529 2228 831 2311; x_wconf 73' lang='lat' dir='ltr'><em>epistolas</em></span> <span class='ocrx_word' id='word_1_150' title='bbox 886 2225 947 2288; x_wconf 84' lang='lat' dir='ltr'><em>d.</em></span> <span class='ocrx_word' id='word_1_151' title='bbox 994 2224 1055 2289; x_wconf 89' lang='lat' dir='ltr'><em>d.</em></span> <span class='ocrx_word' id='word_1_152' title='bbox 1111 2226 1209 2287; x_wconf 84' lang='lat'><em>13.</em></span> <span class='ocrx_word' id='word_1_153' title='bbox 1260 2221 1423 2289; x_wconf 85' lang='lat' dir='ltr'><em>Nov.</em></span> <span class='ocrx_word' id='word_1_154' title='bbox 1474 2225 1600 2287; x_wconf 83' lang='lat'><em>866</em></span> <span class='ocrx_word' id='word_1_155' title='bbox 1655 2224 1733 2287; x_wconf 84' lang='lat' dir='ltr'><em>ad</em></span> <span class='ocrx_word' id='word_1_156' title='bbox 1778 2224 2270 2307; x_wconf 79' lang='lat' dir='ltr'><em>Imperatorem,</em></span> <span class='ocrx_word' id='word_1_157' title='bbox 2323 2226 2597 2291; x_wconf 89' lang='lat' dir='ltr'><em>Bardam</em></span> 
     </span>
     <span class='ocr_line' id='line_1_20' title="bbox 286 2319 2600 2408; baseline -0.001 -19"><span class='ocrx_word' id='word_1_158' title='bbox 286 2326 475 2408; x_wconf 79' lang='lat' dir='ltr'><em>eujus</em></span> <span class='ocrx_word' id='word_1_159' title='bbox 521 2346 740 2387; x_wconf 83' lang='lat' dir='ltr'><em>necem</em></span> <span class='ocrx_word' id='word_1_160' title='bbox 786 2322 1149 2405; x_wconf 81' lang='lat' dir='ltr'><em>ignorabat,</em></span> <span class='ocrx_word' id='word_1_161' title='bbox 1197 2319 1523 2399; x_wconf 88' lang='lat' dir='ltr'><em>Photium‚</em></span> <span class='ocrx_word' id='word_1_162' title='bbox 1567 2319 1929 2404; x_wconf 87' lang='lat' dir='ltr'><em>Ignatium,</em></span> <span class='ocrx_word' id='word_1_163' title='bbox 1979 2326 2044 2384; x_wconf 88' lang='lat' dir='ltr'><em>et</em></span> <span class='ocrx_word' id='word_1_164' title='bbox 2089 2322 2277 2406; x_wconf 82' lang='lat' dir='ltr'><em>alios3</em></span> <span class='ocrx_word' id='word_1_165' title='bbox 2338 2324 2600 2388; x_wconf 85' lang='lat' dir='ltr'><em>iterum·</em></span> 
     </span>
     <span class='ocr_line' id='line_1_21' title="bbox 198 2418 2596 2503; baseline 0 -20"><span class='ocrx_word' id='word_1_166' title='bbox 198 2461 208 2484; x_wconf 44' lang='lat'>⁸</span> <span class='ocrx_word' id='word_1_167' title='bbox 286 2442 414 2503; x_wconf 85' lang='lat' dir='ltr'><em>que</em></span> <span class='ocrx_word' id='word_1_168' title='bbox 461 2419 870 2502; x_wconf 83' lang='lat' dir='ltr'><em>Encyclicam</em></span> <span class='ocrx_word' id='word_1_169' title='bbox 908 2419 1086 2484; x_wconf 91' lang='lat' dir='ltr'><em>misit</em></span> <span class='ocrx_word' id='word_1_170' title='bbox 1131 2418 1212 2481; x_wconf 89' lang='lat' dir='ltr'><em>ad</em></span> <span class='ocrx_word' id='word_1_171' title='bbox 1257 2418 1605 2481; x_wconf 72' lang='lat' dir='ltr'><em>orientales</em></span> <span class='ocrx_word' id='word_1_172' title='bbox 1655 2418 1999 2500; x_wconf 63' lang='lat' dir='ltr'><em>episcopm,</em></span> <span class='ocrx_word' id='word_1_173' title='bbox 2047 2440 2175 2500; x_wconf 89' lang='lat' dir='ltr'><em>qua</em></span> <span class='ocrx_word' id='word_1_174' title='bbox 2223 2441 2329 2482; x_wconf 90' lang='lat' dir='ltr'><em>eos</em></span> <span class='ocrx_word' id='word_1_175' title='bbox 2377 2420 2453 2484; x_wconf 90' lang='lat' dir='ltr'><em>de</em></span> <span class='ocrx_word' id='word_1_176' title='bbox 2497 2442 2596 2483; x_wconf 89' lang='lat' dir='ltr'><em>re-</em></span> 
     </span>
     <span class='ocr_line' id='line_1_22' title="bbox 286 2514 2597 2587; baseline 0 -7"><span class='ocrx_word' id='word_1_177' title='bbox 286 2539 429 2581; x_wconf 79' lang='lat' dir='ltr'><em>rum</em></span> <span class='ocrx_word' id='word_1_178' title='bbox 478 2522 655 2581; x_wconf 87' lang='lat' dir='ltr'><em>statu</em></span> <span class='ocrx_word' id='word_1_179' title='bbox 698 2517 967 2580; x_wconf 75' lang='lat' dir='ltr'><em>instruit</em></span> <span class='ocrx_word' id='word_1_180' title='bbox 1012 2537 1086 2579; x_wconf 88' lang='lat' dir='ltr'><em>ac</em></span> <span class='ocrx_word' id='word_1_181' title='bbox 1117 2520 1352 2587; x_wconf 84' lang='lat' dir='ltr'><em>monet,</em></span> <span class='ocrx_word' id='word_1_182' title='bbox 1400 2521 1475 2576; x_wconf 89' lang='lat' dir='ltr'><em>ut</em></span> <span class='ocrx_word' id='word_1_183' title='bbox 1520 2514 2008 2577; x_wconf 86' lang='lat' dir='ltr'><em>ecclesiasticam</em></span> <span class='ocrx_word' id='word_1_184' title='bbox 2056 2521 2366 2581; x_wconf 84' lang='lat' dir='ltr'><em>tueantur</em></span> <span class='ocrx_word' id='word_1_185' title='bbox 2411 2517 2597 2581; x_wconf 87' lang='lat' dir='ltr'><em>disci-</em></span> 
     </span>
     <span class='ocr_line' id='line_1_23' title="bbox 283 2611 2498 2696; baseline 0.001 -21"><span class='ocrx_word' id='word_1_186' title='bbox 283 2613 550 2696; x_wconf 82' lang='lat' dir='ltr'><em>plinam,</em></span> <span class='ocrx_word' id='word_1_187' title='bbox 594 2617 993 2696; x_wconf 85' lang='lat' dir='ltr'><em>caveantque</em></span> <span class='ocrx_word' id='word_1_188' title='bbox 1040 2634 1123 2676; x_wconf 86' lang='lat' dir='ltr'><em>ne</em></span> <span class='ocrx_word' id='word_1_189' title='bbox 1169 2611 1313 2675; x_wconf 83' lang='lat' dir='ltr'><em>laici</em></span> <span class='ocrx_word' id='word_1_190' title='bbox 1360 2611 1440 2673; x_wconf 85' lang='lat' dir='ltr'><em>ad</em></span> <span class='ocrx_word' id='word_1_191' title='bbox 1483 2612 1882 2693; x_wconf 86' lang='lat' dir='ltr'><em>episcopatus</em></span> <span class='ocrx_word' id='word_1_192' title='bbox 1929 2612 2498 2694; x_wconf 78' lang='lat' dir='ltr'><em>promoveantur.²)</em></span> 
     </span>
     <span class='ocr_line' id='line_1_24' title="bbox 462 2705 2898 2816; baseline 0 -44"><span class='ocrx_word' id='word_1_193' title='bbox 462 2710 566 2774; x_wconf 87' lang='lat'><em>57.</em></span> <span class='ocrx_word' id='word_1_194' title='bbox 611 2708 898 2773; x_wconf 90' lang='lat' dir='ltr'><em>Profecti</em></span> <span class='ocrx_word' id='word_1_195' title='bbox 944 2708 1196 2791; x_wconf 90' lang='lat' dir='ltr'><em>quidem</em></span> <span class='ocrx_word' id='word_1_196' title='bbox 1245 2712 1400 2772; x_wconf 91' lang='lat' dir='ltr'><em>sunt</em></span> <span class='ocrx_word' id='word_1_197' title='bbox 1444 2705 1781 2770; x_wconf 90' lang='lat' dir='ltr'><em>Pontificis</em></span> <span class='ocrx_word' id='word_1_198' title='bbox 1825 2708 2045 2790; x_wconf 84' lang='lat' dir='ltr'><em>legati,</em></span> <span class='ocrx_word' id='word_1_199' title='bbox 2097 2707 2206 2772; x_wconf 88' lang='lat' dir='ltr'><em>sed</em></span> <span class='ocrx_word' id='word_1_200' title='bbox 2245 2712 2427 2793; x_wconf 89' lang='lat' dir='ltr'><em>jussu</em></span> <span class='ocrx_word' id='word_1_201' title='bbox 2472 2710 2898 2816; x_wconf 59' lang='lat' dir='ltr'><em>Mi··R⁶}⁵3⁵,¹{{³¹¹¹⁵¹¹-¹</em></span> 
     </span>
     <span class='ocr_line' id='line_1_25' title="bbox 280 2785 2922 2890; baseline 0.002 -22"><span class='ocrx_word' id='word_1_202' title='bbox 280 2805 523 2869; x_wconf 71' lang='lat' dir='ltr'><em>chae‘lis</em></span> <span class='ocrx_word' id='word_1_203' title='bbox 586 2805 1003 2888; x_wconf 86' lang='lat' dir='ltr'><em>Imperatoris</em></span> <span class='ocrx_word' id='word_1_204' title='bbox 1066 2813 1131 2867; x_wconf 91' lang='lat' dir='ltr'><em>et</em></span> <span class='ocrx_word' id='word_1_205' title='bbox 1190 2803 1441 2882; x_wconf 84' lang='lat' dir='ltr'><em>Basilii,</em></span> <span class='ocrx_word' id='word_1_206' title='bbox 1513 2804 1624 2887; x_wconf 90' lang='lat' dir='ltr'><em>qui</em></span> <span class='ocrx_word' id='word_1_207' title='bbox 1684 2803 1765 2866; x_wconf 85' lang='lat' dir='ltr'><em>ab</em></span> <span class='ocrx_word' id='word_1_208' title='bbox 1830 2825 1904 2866; x_wconf 86' lang='lat' dir='ltr'><em>eo</em></span> <span class='ocrx_word' id='word_1_209' title='bbox 1959 2805 2201 2887; x_wconf 86' lang='lat' dir='ltr'><em>pariter</em></span> <span class='ocrx_word' id='word_1_210' title='bbox 2260 2785 2656 2890; x_wconf 77' lang='lat' dir='ltr'><em>Augustus¹¹¹</em></span> <span class='ocrx_word' id='word_1_211' title='bbox 2787 2787 2922 2859; x_wconf 62' lang='lat' dir='ltr'><em>gam?</em></span> 
     </span>
     <span class='ocr_line' id='line_1_26' title="bbox 281 2899 2594 2984; baseline 0.002 -20"><span class='ocrx_word' id='word_1_212' title='bbox 281 2908 536 2966; x_wconf 85' lang='lat' dir='ltr'><em>creatus</em></span> <span class='ocrx_word' id='word_1_213' title='bbox 584 2910 741 2977; x_wconf 90' lang='lat' dir='ltr'><em>erat,</em></span> <span class='ocrx_word' id='word_1_214' title='bbox 788 2903 858 2964; x_wconf 92' lang='lat' dir='ltr'><em>in</em></span> <span class='ocrx_word' id='word_1_215' title='bbox 905 2901 1143 2964; x_wconf 89' lang='lat' dir='ltr'><em>finibus</em></span> <span class='ocrx_word' id='word_1_216' title='bbox 1190 2901 1377 2984; x_wconf 85' lang='lat' dir='ltr'><em>regni</em></span> <span class='ocrx_word' id='word_1_217' title='bbox 1408 2899 1833 2983; x_wconf 83' lang='lat' dir='ltr'><em>Bulgarorum</em></span> <span class='ocrx_word' id='word_1_218' title='bbox 1881 2900 2186 2982; x_wconf 87' lang='lat' dir='ltr'><em>prohibiti</em></span> <span class='ocrx_word' id='word_1_219' title='bbox 2235 2912 2389 2967; x_wconf 88' lang='lat' dir='ltr'><em>sunt</em></span> <span class='ocrx_word' id='word_1_220' title='bbox 2434 2905 2594 2968; x_wconf 86' lang='lat' dir='ltr'><em>ulte·</em></span> 
     </span>
    </p>
   </div>
   <div class='ocr_carea' id='block_1_3' title="bbox 277 3055 2591 3834">
    <p class='ocr_par' dir='ltr' id='par_1_3' title="bbox 464 3055 1173 3118">
     <span class='ocr_line' id='line_1_27' title="bbox 464 3055 1173 3118; baseline 0.003 -11"><span class='ocrx_word' id='word_1_221' title='bbox 464 3055 506 3118; x_wconf 87' lang='grc'><em>1)</em></span> <span class='ocrx_word' id='word_1_222' title='bbox 542 3055 608 3107; x_wconf 88' lang='lat' dir='ltr'><em>V.</em></span> <span class='ocrx_word' id='word_1_223' title='bbox 646 3055 831 3109; x_wconf 84' lang='lat' dir='ltr'><em>Labbe</em></span> <span class='ocrx_word' id='word_1_224' title='bbox 858 3056 1013 3108; x_wconf 91' lang='lat' dir='ltr'><strong>VIII.</strong></span> <span class='ocrx_word' id='word_1_225' title='bbox 1053 3058 1173 3109; x_wconf 87' lang='grc'><strong>470.</strong></span> 
     </span>
    </p>

    <p class='ocr_par' dir='ltr' id='par_1_4' title="bbox 277 3133 2591 3834">
     <span class='ocr_line' id='line_1_28' title="bbox 465 3133 2591 3200; baseline 0.001 -14"><span class='ocrx_word' id='word_1_226' title='bbox 465 3133 511 3200; x_wconf 83' lang='lat'><em>2)</em></span> <span class='ocrx_word' id='word_1_227' title='bbox 561 3134 886 3187; x_wconf 86' lang='lat' dir='ltr'><em>Anastasius</em></span> <span class='ocrx_word' id='word_1_228' title='bbox 940 3134 1137 3196; x_wconf 83' lang='lat' dir='ltr'><em>refert,</em></span> <span class='ocrx_word' id='word_1_229' title='bbox 1193 3135 1484 3187; x_wconf 86' lang='lat' dir='ltr'><em>secundum</em></span> <span class='ocrx_word' id='word_1_230' title='bbox 1540 3133 1846 3200; x_wconf 84' lang='lat' dir='ltr'><em>exemplum</em></span> <span class='ocrx_word' id='word_1_231' title='bbox 1891 3133 2076 3187; x_wconf 84' lang='lat' dir='ltr'><em>Photii</em></span> <span class='ocrx_word' id='word_1_232' title='bbox 2134 3134 2299 3188; x_wconf 88' lang='lat' dir='ltr'><em>etiam</em></span> <span class='ocrx_word' id='word_1_233' title='bbox 2349 3134 2481 3188; x_wconf 89' lang='lat' dir='ltr'><em>alibi</em></span> <span class='ocrx_word' id='word_1_234' title='bbox 2516 3136 2591 3197; x_wconf 71' lang='lat' dir='ltr'><em>‚in</em></span> 
     </span>
     <span class='ocr_line' id='line_1_29' title="bbox 280 3210 2590 3280; baseline 0.003 -16"><span class='ocrx_word' id='word_1_235' title='bbox 280 3210 505 3266; x_wconf 86' lang='lat' dir='ltr'><em>Oriente</em></span> <span class='ocrx_word' id='word_1_236' title='bbox 546 3212 664 3280; x_wconf 88' lang='lat' dir='ltr'><em>jam</em></span> <span class='ocrx_word' id='word_1_237' title='bbox 701 3212 872 3267; x_wconf 88' lang='lat' dir='ltr'><em>laicos</em></span> <span class='ocrx_word' id='word_1_238' title='bbox 923 3211 1295 3280; x_wconf 81' lang='lat' dir='ltr'><em>episcopatum</em></span> <span class='ocrx_word' id='word_1_239' title='bbox 1348 3222 1627 3267; x_wconf 86' lang='lat' dir='ltr'><em>assecutos</em></span> <span class='ocrx_word' id='word_1_240' title='bbox 1667 3227 1802 3266; x_wconf 89' lang='lat' dir='ltr'><em>esse.</em></span> <span class='ocrx_word' id='word_1_241' title='bbox 1882 3213 2051 3279; x_wconf 84' lang='lat' dir='ltr'><em>„Nam</em></span> <span class='ocrx_word' id='word_1_242' title='bbox 2088 3218 2328 3279; x_wconf 86' lang='lat' dir='ltr'><em>tantum,</em></span> <span class='ocrx_word' id='word_1_243' title='bbox 2382 3215 2590 3273; x_wconf 71' lang='lat' dir='ltr'><em>scribit,</em></span> 
     </span>
     <span class='ocr_line' id='line_1_30' title="bbox 282 3288 2589 3362; baseline 0.003 -21"><span class='ocrx_word' id='word_1_244' title='bbox 282 3288 444 3357; x_wconf 82' lang='lat' dir='ltr'><em>hujus</em></span> <span class='ocrx_word' id='word_1_245' title='bbox 479 3290 790 3344; x_wconf 80' lang='lat' dir='ltr'><em>ambitionis</em></span> <span class='ocrx_word' id='word_1_246' title='bbox 824 3291 1120 3358; x_wconf 89' lang='lat' dir='ltr'><em>pullulavit</em></span> <span class='ocrx_word' id='word_1_247' title='bbox 1152 3292 1318 3358; x_wconf 86' lang='lat' dir='ltr'><em>longe</em></span> <span class='ocrx_word' id='word_1_248' title='bbox 1353 3291 1571 3357; x_wconf 84' lang='lat' dir='ltr'><em>lateque</em></span> <span class='ocrx_word' id='word_1_249' title='bbox 1607 3291 1912 3358; x_wconf 74' lang='lat' dir='ltr'><em>temerita8‚</em></span> <span class='ocrx_word' id='word_1_250' title='bbox 1950 3300 2015 3345; x_wconf 88' lang='lat' dir='ltr'><em>ut</em></span> <span class='ocrx_word' id='word_1_251' title='bbox 2050 3309 2173 3346; x_wconf 90' lang='lat' dir='ltr'><em>mox</em></span> <span class='ocrx_word' id='word_1_252' title='bbox 2198 3292 2589 3362; x_wconf 84' lang='lat' dir='ltr'><em>Hierosolymis</em></span> 
     </span>
     <span class='ocr_line' id='line_1_31' title="bbox 278 3369 2588 3437; baseline 0.003 -17"><span class='ocrx_word' id='word_1_253' title='bbox 278 3369 498 3434; x_wconf 76' lang='lat' dir='ltr'><em>quidam</em></span> <span class='ocrx_word' id='word_1_254' title='bbox 535 3369 708 3422; x_wconf 88' lang='lat' dir='ltr'><em>laicus</em></span> <span class='ocrx_word' id='word_1_255' title='bbox 754 3369 971 3424; x_wconf 89' lang='lat' dir='ltr'><em>nomine</em></span> <span class='ocrx_word' id='word_1_256' title='bbox 1019 3369 1298 3434; x_wconf 86' lang='lat' dir='ltr'><em>Salomon,</em></span> <span class='ocrx_word' id='word_1_257' title='bbox 1346 3369 1617 3437; x_wconf 84' lang='lat' dir='ltr'><em>extemplo</em></span> <span class='ocrx_word' id='word_1_258' title='bbox 1665 3369 1891 3424; x_wconf 88' lang='lat' dir='ltr'><em>clericus</em></span> <span class='ocrx_word' id='word_1_259' title='bbox 1937 3371 2144 3437; x_wconf 62' lang='lat' dir='ltr'><em>factm,</em></span> <span class='ocrx_word' id='word_1_260' title='bbox 2193 3371 2270 3425; x_wconf 90' lang='lat' dir='ltr'><em>sit</em></span> <span class='ocrx_word' id='word_1_261' title='bbox 2307 3372 2588 3427; x_wconf 90' lang='lat' dir='ltr'><em>ordinatus</em></span> 
     </span>
     <span class='ocr_line' id='line_1_32' title="bbox 285 3446 2587 3519; baseline 0.003 -19"><span class='ocrx_word' id='word_1_262' title='bbox 285 3446 544 3515; x_wconf 83' lang='lat' dir='ltr'><em>antistes3</em></span> <span class='ocrx_word' id='word_1_263' title='bbox 591 3450 734 3514; x_wconf 88' lang='lat' dir='ltr'><em>quod</em></span> <span class='ocrx_word' id='word_1_264' title='bbox 768 3465 1040 3514; x_wconf 88' lang='lat' dir='ltr'><em>nunquam</em></span> <span class='ocrx_word' id='word_1_265' title='bbox 1086 3448 1288 3502; x_wconf 86' lang='lat' dir='ltr'><em>factum</em></span> <span class='ocrx_word' id='word_1_266' title='bbox 1328 3453 1437 3511; x_wconf 89' lang='lat' dir='ltr'><em>est,</em></span> <span class='ocrx_word' id='word_1_267' title='bbox 1486 3449 1654 3502; x_wconf 88' lang='lat' dir='ltr'><em>etiam</em></span> <span class='ocrx_word' id='word_1_268' title='bbox 1703 3450 1769 3501; x_wconf 86' lang='lat' dir='ltr'><em>ab</em></span> <span class='ocrx_word' id='word_1_269' title='bbox 1808 3449 1928 3516; x_wconf 88' lang='lat' dir='ltr'><em>ipso</em></span> <span class='ocrx_word' id='word_1_270' title='bbox 1965 3449 2194 3515; x_wconf 85' lang='lat' dir='ltr'><em>Jacobo,</em></span> <span class='ocrx_word' id='word_1_271' title='bbox 2243 3452 2332 3518; x_wconf 88' lang='lat' dir='ltr'><em>qui</em></span> <span class='ocrx_word' id='word_1_272' title='bbox 2383 3451 2587 3519; x_wconf 85' lang='lat' dir='ltr'><em>primus</em></span> 
     </span>
     <span class='ocr_line' id='line_1_33' title="bbox 279 3525 2587 3596; baseline 0.003 -18"><span class='ocrx_word' id='word_1_273' title='bbox 279 3525 394 3580; x_wconf 91' lang='lat' dir='ltr'><em>illic</em></span> <span class='ocrx_word' id='word_1_274' title='bbox 432 3527 717 3594; x_wconf 87' lang='lat' dir='ltr'><em>episcopus</em></span> <span class='ocrx_word' id='word_1_275' title='bbox 756 3526 1000 3593; x_wconf 85' lang='lat' dir='ltr'><em>exstitit,</em></span> <span class='ocrx_word' id='word_1_276' title='bbox 1037 3527 1143 3580; x_wconf 88' lang='lat' dir='ltr'><em>nisi</em></span> <span class='ocrx_word' id='word_1_277' title='bbox 1179 3533 1466 3594; x_wconf 82' lang='lat' dir='ltr'><em>postquam</em></span> <span class='ocrx_word' id='word_1_278' title='bbox 1503 3527 1736 3582; x_wconf 90' lang='lat' dir='ltr'><em>Photius</em></span> <span class='ocrx_word' id='word_1_279' title='bbox 1774 3529 1992 3582; x_wconf 85' lang='lat' dir='ltr'><em>noviter</em></span> <span class='ocrx_word' id='word_1_280' title='bbox 2027 3529 2084 3581; x_wconf 90' lang='lat' dir='ltr'><em>in</em></span> <span class='ocrx_word' id='word_1_281' title='bbox 2123 3531 2266 3584; x_wconf 85' lang='lat' dir='ltr'><em>clero</em></span> <span class='ocrx_word' id='word_1_282' title='bbox 2303 3530 2587 3596; x_wconf 85' lang='lat' dir='ltr'><em>plantatus</em></span> 
     </span>
     <span class='ocr_line' id='line_1_34' title="bbox 281 3606 2587 3675; baseline 0.003 -17"><span class='ocrx_word' id='word_1_283' title='bbox 281 3611 340 3659; x_wconf 88' lang='lat' dir='ltr'><em>et</em></span> <span class='ocrx_word' id='word_1_284' title='bbox 376 3606 664 3659; x_wconf 85' lang='lat' dir='ltr'><em>confestim</em></span> <span class='ocrx_word' id='word_1_285' title='bbox 709 3607 926 3673; x_wconf 89' lang='lat' dir='ltr'><em>praesul</em></span> <span class='ocrx_word' id='word_1_286' title='bbox 969 3606 1148 3659; x_wconf 88' lang='lat' dir='ltr'><em>factus</em></span> <span class='ocrx_word' id='word_1_287' title='bbox 1194 3606 1412 3660; x_wconf 89' lang='lat' dir='ltr'><em>auditus</em></span> <span class='ocrx_word' id='word_1_288' title='bbox 1460 3614 1560 3660; x_wconf 86' lang='lat' dir='ltr'><em>est.</em></span> <span class='ocrx_word' id='word_1_289' title='bbox 1639 3609 1797 3674; x_wconf 90' lang='lat' dir='ltr'><em>Apud</em></span> <span class='ocrx_word' id='word_1_290' title='bbox 1837 3608 2361 3675; x_wconf 83' lang='lat' dir='ltr'><em>Constantinopolim</em></span> <span class='ocrx_word' id='word_1_291' title='bbox 2407 3616 2587 3664; x_wconf 91' lang='lat' dir='ltr'><em>autem</em></span> 
     </span>
     <span class='ocr_line' id='line_1_35' title="bbox 280 3685 2585 3752; baseline 0.003 -15"><span class='ocrx_word' id='word_1_292' title='bbox 280 3685 526 3738; x_wconf 88' lang='lat' dir='ltr'><em>nonnulli</em></span> <span class='ocrx_word' id='word_1_293' title='bbox 571 3701 639 3739; x_wconf 85' lang='lat' dir='ltr'><em>ex</em></span> <span class='ocrx_word' id='word_1_294' title='bbox 686 3692 818 3738; x_wconf 88' lang='lat' dir='ltr'><em>tunc</em></span> <span class='ocrx_word' id='word_1_295' title='bbox 867 3685 996 3738; x_wconf 89' lang='lat' dir='ltr'><em>laici</em></span> <span class='ocrx_word' id='word_1_296' title='bbox 1047 3686 1215 3740; x_wconf 88' lang='lat' dir='ltr'><em>etiam</em></span> <span class='ocrx_word' id='word_1_297' title='bbox 1265 3685 1560 3739; x_wconf 87' lang='lat' dir='ltr'><em>virtutibus</em></span> <span class='ocrx_word' id='word_1_298' title='bbox 1608 3701 1825 3752; x_wconf 80' lang='lat' dir='ltr'><em>operam</em></span> <span class='ocrx_word' id='word_1_299' title='bbox 1875 3687 2216 3751; x_wconf 87' lang='lat' dir='ltr'><em>tribuebant,</em></span> <span class='ocrx_word' id='word_1_300' title='bbox 2262 3693 2477 3742; x_wconf 88' lang='lat' dir='ltr'><em>tantum</em></span> <span class='ocrx_word' id='word_1_301' title='bbox 2524 3697 2585 3744; x_wconf 91' lang='lat' dir='ltr'><em>ut</em></span> 
     </span>
     <span class='ocr_line' id='line_1_36' title="bbox 277 3763 2585 3834; baseline 0.002 -17"><span class='ocrx_word' id='word_1_302' title='bbox 277 3780 487 3819; x_wconf 85' lang='lat' dir='ltr'><em>sacram</em></span> <span class='ocrx_word' id='word_1_303' title='bbox 524 3768 749 3830; x_wconf 89' lang='lat' dir='ltr'><em>possent</em></span> <span class='ocrx_word' id='word_1_304' title='bbox 784 3764 1105 3833; x_wconf 86' lang='lat' dir='ltr'><em>pertingere</em></span> <span class='ocrx_word' id='word_1_305' title='bbox 1142 3763 1498 3832; x_wconf 84' lang='lat' dir='ltr'><em>dignitatem3</em></span> <span class='ocrx_word' id='word_1_306' title='bbox 1538 3771 1598 3818; x_wconf 86' lang='lat' dir='ltr'><em>at</em></span> <span class='ocrx_word' id='word_1_307' title='bbox 1633 3765 1723 3818; x_wconf 91' lang='lat' dir='ltr'><em>ubi</em></span> <span class='ocrx_word' id='word_1_308' title='bbox 1756 3772 2028 3834; x_wconf 88' lang='lat' dir='ltr'><em>compotes</em></span> <span class='ocrx_word' id='word_1_309' title='bbox 2065 3767 2182 3821; x_wconf 91' lang='lat' dir='ltr'><em>fieri</em></span> <span class='ocrx_word' id='word_1_310' title='bbox 2218 3767 2585 3834; x_wconf 84' lang='lat' dir='ltr'><em>nequiverint,</em></span> 
     </span>
    </p>
   </div>
   <div class='ocr_carea' id='block_1_4' title="bbox 177 3842 2584 3913">
    <p class='ocr_par' dir='ltr' id='par_1_5' title="bbox 177 3842 2584 3913">
     <span class='ocr_line' id='line_1_37' title="bbox 177 3842 2584 3913; baseline 0.003 -19"><span class='ocrx_word' id='word_1_311' title='bbox 177 3842 182 3847; x_wconf 81' lang='grc'><strong>’</strong></span> <span class='ocrx_word' id='word_1_312' title='bbox 279 3859 402 3895; x_wconf 86' lang='lat' dir='ltr'><em>mox</em></span> <span class='ocrx_word' id='word_1_313' title='bbox 453 3842 824 3896; x_wconf 80' lang='lat' dir='ltr'><em>continentiae</em></span> <span class='ocrx_word' id='word_1_314' title='bbox 872 3842 1041 3896; x_wconf 84' lang='lat' dir='ltr'><em>frenis</em></span> <span class='ocrx_word' id='word_1_315' title='bbox 1090 3843 1294 3896; x_wconf 85' lang='lat' dir='ltr'><em>laxatis</em></span> <span class='ocrx_word' id='word_1_316' title='bbox 1339 3842 1395 3895; x_wconf 90' lang='lat' dir='ltr'><em>in</em></span> <span class='ocrx_word' id='word_1_317' title='bbox 1447 3843 1560 3896; x_wconf 89' lang='lat' dir='ltr'><em>suis</em></span> <span class='ocrx_word' id='word_1_318' title='bbox 1607 3844 1984 3912; x_wconf 87' lang='lat' dir='ltr'><em>voluptatibus</em></span> <span class='ocrx_word' id='word_1_319' title='bbox 2034 3845 2111 3898; x_wconf 89' lang='lat' dir='ltr'><em>ire</em></span> <span class='ocrx_word' id='word_1_320' title='bbox 2159 3852 2478 3913; x_wconf 85' lang='lat' dir='ltr'><em>coeperunt,</em></span> <span class='ocrx_word' id='word_1_321' title='bbox 2529 3854 2584 3901; x_wconf 91' lang='lat' dir='ltr'><em>et</em></span> 
     </span>
    </p>
   </div>
   <div class='ocr_carea' id='block_1_5' title="bbox 275 3920 2583 4225">
    <p class='ocr_par' dir='ltr' id='par_1_6' title="bbox 275 3920 2583 4225">
     <span class='ocr_line' id='line_1_38' title="bbox 284 3920 2580 3991; baseline 0.003 -18"><span class='ocrx_word' id='word_1_322' title='bbox 284 3922 421 3986; x_wconf 90' lang='lat' dir='ltr'><em>quod</em></span> <span class='ocrx_word' id='word_1_323' title='bbox 458 3938 566 3974; x_wconf 91' lang='lat' dir='ltr'><em>non</em></span> <span class='ocrx_word' id='word_1_324' title='bbox 604 3920 918 3974; x_wconf 86' lang='lat' dir='ltr'><em>sanctitatis</em></span> <span class='ocrx_word' id='word_1_325' title='bbox 969 3922 1064 3975; x_wconf 89' lang='lat' dir='ltr'><em>sed</em></span> <span class='ocrx_word' id='word_1_326' title='bbox 1110 3921 1382 3976; x_wconf 87' lang='lat' dir='ltr'><em>avaritiae</em></span> <span class='ocrx_word' id='word_1_327' title='bbox 1433 3923 1671 3976; x_wconf 86' lang='lat' dir='ltr'><em>cultores</em></span> <span class='ocrx_word' id='word_1_328' title='bbox 1719 3923 2048 3990; x_wconf 86' lang='lat' dir='ltr'><em>existerent,</em></span> <span class='ocrx_word' id='word_1_329' title='bbox 2095 3925 2349 3991; x_wconf 87' lang='lat' dir='ltr'><em>protinus</em></span> <span class='ocrx_word' id='word_1_330' title='bbox 2399 3932 2580 3981; x_wconf 89' lang='lat' dir='ltr'><em>osten-</em></span> 
     </span>
     <span class='ocr_line' id='line_1_39' title="bbox 275 4000 2582 4066; baseline 0.003 -14"><span class='ocrx_word' id='word_1_331' title='bbox 275 4001 491 4053; x_wconf 83' lang='lat' dir='ltr'><em>derunt.</em></span> <span class='ocrx_word' id='word_1_332' title='bbox 532 4041 544 4053; x_wconf 89' lang='lat'><strong>.</strong></span> <span class='ocrx_word' id='word_1_333' title='bbox 585 4042 597 4053; x_wconf 91' lang='lat'><strong>.</strong></span> <span class='ocrx_word' id='word_1_334' title='bbox 637 4043 649 4054; x_wconf 89' lang='lat'>.</span> <span class='ocrx_word' id='word_1_335' title='bbox 688 4000 983 4053; x_wconf 82' lang='lat' dir='ltr'><em>Praeterea</em></span> <span class='ocrx_word' id='word_1_336' title='bbox 1019 4015 1185 4066; x_wconf 87' lang='lat' dir='ltr'><em>penes</em></span> <span class='ocrx_word' id='word_1_337' title='bbox 1210 4001 1596 4055; x_wconf 88' lang='lat' dir='ltr'><em>Alexandriam</em></span> <span class='ocrx_word' id='word_1_338' title='bbox 1623 4007 1679 4056; x_wconf 92' lang='lat' dir='ltr'><em>et</em></span> <span class='ocrx_word' id='word_1_339' title='bbox 1704 4004 2051 4057; x_wconf 88' lang='lat' dir='ltr'><em>Antiochiam</em></span> <span class='ocrx_word' id='word_1_340' title='bbox 2088 4004 2145 4057; x_wconf 92' lang='lat' dir='ltr'><em>in</em></span> <span class='ocrx_word' id='word_1_341' title='bbox 2173 4011 2389 4057; x_wconf 81' lang='lat' dir='ltr'><em>tantum</em></span> <span class='ocrx_word' id='word_1_342' title='bbox 2424 4006 2582 4059; x_wconf 85' lang='lat' dir='ltr'><em>radix</em></span> 
     </span>
     <span class='ocr_line' id='line_1_40' title="bbox 282 4079 2583 4147; baseline 0.003 -16"><span class='ocrx_word' id='word_1_343' title='bbox 282 4079 437 4147; x_wconf 88' lang='lat' dir='ltr'><em>hujus</em></span> <span class='ocrx_word' id='word_1_344' title='bbox 475 4080 645 4146; x_wconf 87' lang='lat' dir='ltr'><em>pestis</em></span> <span class='ocrx_word' id='word_1_345' title='bbox 686 4079 951 4142; x_wconf 86' lang='lat' dir='ltr'><em>excrevit,</em></span> <span class='ocrx_word' id='word_1_346' title='bbox 990 4086 1052 4132; x_wconf 85' lang='lat' dir='ltr'><em>ut</em></span> <span class='ocrx_word' id='word_1_347' title='bbox 1089 4096 1121 4132; x_wconf 88' lang='lat' dir='ltr'><em>a</em></span> <span class='ocrx_word' id='word_1_348' title='bbox 1157 4085 1398 4147; x_wconf 89' lang='lat' dir='ltr'><em>tempore</em></span> <span class='ocrx_word' id='word_1_349' title='bbox 1436 4081 1793 4146; x_wconf 82' lang='lat' dir='ltr'><em>promotionis</em></span> <span class='ocrx_word' id='word_1_350' title='bbox 1835 4082 2022 4136; x_wconf 83' lang='lat' dir='ltr'><em>crebro</em></span> <span class='ocrx_word' id='word_1_351' title='bbox 2063 4084 2194 4137; x_wconf 89' lang='lat' dir='ltr'><em>dicti</em></span> <span class='ocrx_word' id='word_1_352' title='bbox 2234 4083 2419 4137; x_wconf 88' lang='lat' dir='ltr'><em>Photii</em></span> <span class='ocrx_word' id='word_1_353' title='bbox 2457 4085 2583 4138; x_wconf 87' lang='lat' dir='ltr'><em>hac-</em></span> 
     </span>
     <span class='ocr_line' id='line_1_41' title="bbox 277 4157 1786 4225; baseline 0.003 -16"><span class='ocrx_word' id='word_1_354' title='bbox 277 4162 437 4211; x_wconf 74' lang='lat' dir='ltr'><em>tenus</em></span> <span class='ocrx_word' id='word_1_355' title='bbox 477 4158 640 4211; x_wconf 86' lang='lat' dir='ltr'><em>evelli</em></span> <span class='ocrx_word' id='word_1_356' title='bbox 679 4174 783 4210; x_wconf 90' lang='lat' dir='ltr'><em>non</em></span> <span class='ocrx_word' id='word_1_357' title='bbox 824 4157 1048 4225; x_wconf 85' lang='lat' dir='ltr'><em>possit.“</em></span> <span class='ocrx_word' id='word_1_358' title='bbox 1125 4158 1307 4212; x_wconf 85' lang='lat' dir='ltr'><em>Praef.</em></span> <span class='ocrx_word' id='word_1_359' title='bbox 1345 4159 1401 4211; x_wconf 90' lang='lat' dir='ltr'><em>in</em></span> <span class='ocrx_word' id='word_1_360' title='bbox 1442 4159 1602 4212; x_wconf 88' lang='lat' dir='ltr'><em>Conc.</em></span> <span class='ocrx_word' id='word_1_361' title='bbox 1628 4160 1786 4213; x_wconf 84' lang='lat' dir='ltr'><strong>VIII.</strong></span> 
     </span>
    </p>
   </div>
  </div>
 </body>
</html>
