3270 5028
1137 455 1431 521 Concilium
1471 455 1766 511 Nicaenum
1805 460 1878 512 II.
2591 464 2658 514 53

349 613 776 660 consonamus
830 599 891 658 et
946 594 1433 676 confirmamus,
1496 601 1690 678 atque
1738 599 2268 679 permanebimus
2323 600 2399 666 in
2456 600 2658 683 siqni-

344 690 655 772 ficatione*
692 690 1066 774 litterarum
1113 712 1275 773 quae
1319 692 1512 757 lectae
1551 697 1724 773 sunt,
1771 693 2157 778 imayinales
2203 696 2661 779 descriptiones

347 787 766 870 suscipientes
838 789 1190 854 secundum
1259 788 1602 870 antiquam
1663 794 1938 872 patrum
2005 797 2376 858 nostrorum
2458 793 2660 858 tradi·

349 883 612 964 tionem,
662 889 723 948 et
767 884 886 949 has
931 884 1278 968 affectuoso
1321 906 1538 951 amore
1579 885 1947 967 adoramus,
1991 891 2241 973 (graece
2289 893 2396 955 καὶ
2435 892 2661 962 ταύτας

348 992 613 1066 σχετικαῖ
657 984 853 1064 πόθῳ
898 993 1411 1067 προσκυνοῦμεν,
1473 986 1513 1047 i.
1565 1006 1615 1048 e.
1669 990 1734 1049 et
1789 986 1903 1050 has
1948 987 2217 1051 relativo
2276 989 2507 1052 affectu
2559 988 2662 1051 ho·

349 1078 708 1161 norimus),
773 1082 1089 1160 tanquam
1155 1079 1241 1143 ad
1302 1100 1533 1146 nomen
1603 1077 1859 1145 Christi
1922 1081 2055 1146 Dei
2117 1087 2178 1146 et
2240 1083 2663 1148 intemeratae

350 1173 676 1240 Dominae
733 1180 995 1240 sanctae
1058 1175 1199 1240 Dei.
1245 1175 1628 1256 Genitricis,
1699 1183 2196 1261 sanctorumque
2261 1179 2662 1263 Anyelorum

349 1291 423 1336 ac
471 1269 762 1336 omnium
796 1270 1186 1349 Sanctorum
1234 1273 1467 1355 factas,
1515 1273 2049 1356 manifestissime
2094 1276 2168 1340 in
2203 1297 2412 1342 ionum
2456 1277 2663 1342 solum

349 1368 567 1435 Deum
612 1389 835 1434 verum
889 1369 1263 1434 servitutem
1325 1368 1658 1454 (λατρείαν)
1722 1375 1782 1435 et
1832 1371 2022 1451 fidem
2077 1377 2370 1438 nostram
2415 1395 2662 1456 ponen-

348 1470 458 1530 tes.
521 1503 609 1512 —-
670 1465 879 1532 Simili
945 1466 1195 1531 ratione
1252 1468 1482 1552 reliqui
1544 1490 1926 1534 consensum
1991 1491 2176 1534 suum
2237 1471 2663 1535 declararunt.

348 1563 653 1648 Sequitur
703 1564 999 1628 videlicet
1058 1565 1129 1628 in
1191 1564 1404 1628 Actis:
1476 1562 1638 1627 Tota
1701 1562 2004 1646 Synodus
2062 1564 2269 1630 dixit:
2336 1564 2496 1631 Tota
2556 1586 2663 1631 sa-

349 1658 722 1724 cratissima
770 1658 1072 1742 Synodus
1121 1658 1220 1724 ita
1269 1659 1500 1738 credit,
1551 1660 1651 1724 ita
1707 1660 1907 1743 sapit,
1965 1661 2065 1727 ita
2121 1661 2532 1745 doqmatieat.
2580 1699 2664 1708 —-

350 1755 592 1820 Petrus
649 1761 710 1820 et
767 1756 1008 1821 Petrus
1064 1757 1206 1821 Deo
1265 1756 1575 1822 amabiles
1627 1757 1991 1840 presbyteri
2054 1763 2114 1823 et
2163 1759 2358 1841 leyati
2417 1764 2665 1843 aposto·

352 1851 512 1917 licae
580 1851 938 1918 Cathedrae
999 1852 1347 1918 dixerunt:
1404 1851 1609 1918 Dicat
1672 1854 1858 1919 nobis
1919 1860 2145 1920 sancta
2210 1855 2542 1939 Synodus‚
2606 1856 2665 1921 si

351 1947 642 2014 admittit
701 1948 954 2014 litteras
999 1948 1397 2014 sanctissimi
1458 1949 1683 2033 Papae
1738 1951 2014 2015 senioris
2058 1952 2334 2032 Romae,
2397 1951 2667 2018 annon?

354 2045 597 2110 Sancta
652 2045 958 2128 Synodus
990 2045 1219 2125 ‚dixits
1283 2045 1637 2129 Sequimur
1695 2052 1756 2112 et
1808 2048 2201 2130 suscipimus
2260 2054 2320 2113 et
2374 2049 2667 2114 admitti-

350 2163 513 2207 muS.
563 2180 643 2188 —
692 2143 864 2207 Dein
914 2146 1107 2208 etiam
1136 2145 1396 2229 'singuli
1449 2146 1728 2228 episcopi
1776 2168 1959 2211 suum
2007 2169 2343 2211 assensum
2390 2148 2666 2212 declara·

352 2245 541 2318 runt‚·
576 2240 695 2304 hac
742 2241 843 2305 vel
889 2241 1081 2305 simili
1130 2241 1435 2306 formula:
1504 2240 1881 2307 Theodorus
1930 2242 2384 2308 sanctissimus
2429 2243 2668 2325 episco-

344 2355 477 2418 pus
513 2334 841 2400 Seleuciae
885 2335 1092 2400 dixit:
1122 2335 1490 2402 Secundum
1523 2337 1716 2402 lectas
1762 2339 2105 2420 synodicas
2139 2338 2390 2404 litteras
2438 2340 2665 2404 beatis-

354 2431 506 2496 simi
559 2430 782 2516 Papae
836 2433 1113 2498 senioris
1169 2433 1418 2498 Romae
1474 2434 1818 2499 Hadriani
1876 2436 2204 2517 confiteor,
2272 2440 2331 2500 et
2385 2435 2667 2520 suscipio

353 2550 577 2594 sacras
630 2534 690 2594 et
738 2530 1133 2596 venerabiles
1186 2530 1409 2596 iconas
1460 2532 1811 2597 secundum
1871 2533 2212 2615 antiquam
2269 2533 2668 2599 consuetudi·

353 2647 517 2692 nem.
610 2626 745 2691 Eos
787 2648 934 2692 vero
981 2627 1095 2708 qui
1139 2626 1239 2692 ita
1284 2649 1416 2693 non
1461 2627 1734 2711 sapiunt
1778 2629 2275 2712 anathematizo.

532 2726 636 2790 62.
686 2723 920 2789 Omnia
963 2726 1120 2789 haec
1165 2725 1451 2809 profecto
1498 2726 1857 2790 ostendunt
1913 2728 2168 2811 plenam
2218 2730 2666 2792 auctoritatem

359 2822 668 2886 Hadriani
741 2822 1090 2900 Pontificis,
1158 2844 1196 2885 a
1256 2845 1383 2905 quo
1445 2821 1801 2886 orthodoxa
1864 2815 2156 2889 doctrina
2212 2826 2305 2889 ita
2365 2847 2668 2908 propone·

354 2919 576 2995 batur,
639 2924 710 2982 ut
767 2940 881 2981 sua
928 2919 1204 3002 epistola
1257 2921 1545 3002 regulam
1595 2917 1856 3001 Synodo
1910 2922 2295 3005 praefigeret
2345 2927 2410 2985 et
2451 2943 2667 2984 assen-

353 3038 495 3080 sum
555 3015 859 3099 exigeret.
981 3014 1421 3079 Nihilominus
1473 3014 1797 3080 Gallicani
1854 3017 2141 3100 improbo
2200 3018 2417 3080 labore
2475 3018 2668 3080 etiam

356 3133 434 3175 ex
480 3110 672 3193 hujus
719 3109 963 3194 Synodi
1010 3112 1210 3195 gestis
1251 3117 1632 3195 argumenta
1685 3134 1801 3195 pro
1846 3136 1960 3176 sua
2018 3114 2321 3196 opinione
2368 3114 2667 3197 colligere

355 3208 571 3272 conati
633 3212 816 3289 sunt,
879 3215 946 3271 et
1004 3209 1166 3270 mira
1223 3212 1360 3271 arte
1420 3207 1592 3271 facta
1653 3213 1720 3270 et
1777 3209 1945 3274 dicta
2004 3210 2096 3271 ita
2155 3230 2471 3292 exponere
2534 3214 2669 3273 stu·

355 3303 667 3382 duerunt,
715 3309 790 3368 ut
835 3327 1011 3368 suam
1061 3303 1451 3368 sententiam
1497 3303 1648 3367 inde
1693 3305 2049 3370 firmarent.
2144 3306 2241 3369 Ex
2288 3307 2668 3389 antiquiori·

354 3402 476 3464 bus
540 3403 917 3484 praesertim
977 3399 1253 3465 Bossuet
1313 3400 1381 3463 in
1443 3398 1843 3480 Defensione
1896 3400 2357 3465 declarationis
2415 3403 2481 3466 P.
2548 3402 2664 3465 ΠΙ.

358 3495 433 3561 L.
480 3495 624 3561 VlI.
676 3518 726 3560 c.
780 3495 863 3560 30
911 3519 984 3561 eo
1026 3519 1207 3561 suam
1268 3518 1525 3580 operam
1574 3497 1880 3575 contulit,
1938 3521 2126 3581 quem
2186 3500 2439 3583 egregie
2497 3499 2667 3563 refu-

355 3594 525 3657 tavit
599 3591 999 3674 Muzzarelli‚
1085 3590 1188 3655 De
1265 3591 1655 3656 auctoritate
1726 3592 2177 3660 Romanorum
2256 3592 2668 3674 Pontificum,

355 3688 429 3754 Τ.
491 3688 573 3753 Π.
638 3689 705 3753 O.
769 3688 886 3753 XI.
953 3690 1005 3771 ἐ.
1066 3690 1180 3754 111.
1274 3689 1370 3752 Ex
1432 3691 1897 3755 recentioribus
1957 3714 2107 3757 vero
2168 3691 2397 3757 Illmus
2463 3691 2669 3755 Maret

356 3786 550 3850 etiam
612 3808 689 3849 ex
751 3787 1188 3851 celebratione
1236 3785 1504 3851 Concilii
1564 3786 1819 3869 septimi
1874 3810 2054 3852 suam
2104 3789 2458 3853 doctrinam
2507 3809 2671 3851 com-

355 3882 612 3966 probari
661 3883 1083 3963 existimavit,
1142 3886 1208 3947 et
1253 3883 1564 3948 conformi
1625 3904 1820 3947 sensu
1865 3906 1965 3947 res
2025 3889 2090 3948 et
2136 3875 2328 3950 dicta'
2353 3904 2669 3968 exponere

356 3979 611 4043 nititur.
679 3974 866 4043 Inter
914 3978 1039 4043 alia
1088 3980 1338 4043 scribit:
1387 3978 1526 4059 „La
1567 3979 1799 4043 liberte
1845 3979 1954 4044 des
2000 3981 2225 4045 debats
2274 3980 2670 4045 conciliaires

356 4076 460 4139 fut
518 4076 594 4139 de
647 4097 946 4140 nouveau
1002 4078 1369 4158 consacree‚
1432 4080 1496 4139 et
1551 4076 1662 4139 des
1721 4075 2109 4154 l’ouverture
2173 4079 2253 4142 du
2305 4076 2562 4141 Concile
2609 4075 2669 4138 le

357 4172 718 4256 patriarche
781 4171 1042 4236 Taraise
1113 4172 1363 4237 de'clara
1432 4195 1556 4256 que
1632 4193 1788 4235 ceux
1867 4175 1975 4256 qui
2052 4174 2422 4238 resistaient
2498 4176 2534 4235 ὲ,
2607 4171 2670 4234 la

2713 2744 2960 2788 Gallicano·

2699 2797 2808 2850 rum„
2822 2805 2981 2859 opinio.
