3270 5028
390 1593 620 1635 Praesules

409 1653 596 1696 Africae.

677 448 782 499 292
1016 446 1165 499 XVI.
1201 444 1409 499 Causae
1446 444 1685 498 celebres
1720 449 1777 498 et
1811 445 2130 499 Decretales
2165 445 2627 499 Pseudo-Isidori.

679 588 743 648 in
811 585 990 649 Actis
1036 584 1337 650 Nieaenis
1395 608 1526 649 non
1589 586 1833 649 haberi.
1938 584 2063 650 Sed
2122 585 2431 670 ejusmodi
2492 587 3007 652 reclamationes

681 704 811 746 non
857 681 1312 764 impedierunt,
1357 683 1700 765 quominus
1732 681 2133 747 Coelestinns
2166 680 2478 746 Pontifex
2521 684 2761 747 iterum
2791 681 3006 765 Apia-

678 780 756 841 rii
807 779 1302 861 appellationem
1348 779 1702 861 susciperet
1756 784 1825 842 et
1862 783 2173 842 tueretur.
2256 779 2569 861 Apiarius
2614 785 2837 843 tamen
2883 801 3005 861 po-

678 886 915 938 stremo
960 898 1013 937 a.
1058 876 1189 937 424
1235 875 1306 939 in
1349 876 1596 957 synodo
1642 874 1983 954 Africana,
2044 875 2491 957 praesentibus
2536 876 2769 960 legatis
2813 875 2999 938 Pon-

677 972 893 1052 tificis,
950 971 1284 1036 criminum
1337 993 1405 1035 se
1462 974 1787 1053 professus
1841 977 1942 1034 est
1992 993 2204 1046 reum,
2265 970 2547 1055 adeoque
2591 992 2724 1035 non
2770 972 3001 1054 potuit

676 1068 951 1131 restitui.
1029 1067 1126 1131 Ea
1170 1069 1498 1132 occasione
1543 1068 1625 1132 ad
1670 1067 2105 1131 coelestinum
2148 1067 2399 1130 litteras
2443 1068 2761 1131 dederunt
2804 1088 3000 1149 prae·

679 1165 851 1227 sules
919 1164 1208 1228 Africani
1275 1166 1582 1238 acriores,
1645 1164 1901 1248 quibuS,
1969 1186 2164 1248 quum
2233 1162 2639 1229 Sardicenses
2703 1185 3000 1227 canones

681 1283 812 1324 non
860 1262 1221 1338 novissent,
1271 1262 1457 1345 plura
1502 1265 1699 1352 etiam
1754 1266 1981 1324 contra
2026 1261 2490 1344 appellationes
2544 1260 2995 1343 episcoporum

676 1363 748 1421 ut
791 1380 1014 1440 parum
1061 1362 1456 1442 opportunas
1500 1361 1857 1442 opponunt.
1950 1358 2260 1421 Attamen
2296 1359 2434 1441 juri
2477 1380 2596 1422 suo
2635 1356 3001 1422 Pontifices

676 1475 1011 1537 nunquam
1057 1452 1468 1534 cesserunt.¹)

855 1593 957 1656 83.
1021 1590 1126 1655 Ex
1195 1591 1295 1654 his
1362 1592 1721 1675 colligitur,
1796 1614 2077 1657 canones
2151 1592 2559 1656 Sardicenses
2627 1593 2697 1655 in
2765 1592 3000 1655 Africa

675 1691 963 1771 ignotOS,
1024 1710 1154 1753 non
1217 1688 1631 1752 constituisse
1685 1689 2150 1753 immutabilem
2208 1687 2552 1771 quamdam
2609 1688 2999 1770 appellatio-

675 1808 830 1849 num
878 1785 1188 1868 regulam,
1236 1806 1354 1848 nec
1390 1784 1733 1848 Pontifices
1778 1784 2103 1849 admisisse
2141 1786 2250 1869 jus
2301 1784 2424 1848 sibi
2463 1784 2729 1847 insitum
2767 1782 3000 1867 appel-

673 1883 987 1945 lationum
1034 1882 1177 1944 istis
1221 1881 1572 1945 canonibus
1616 1881 1696 1944 ad
1744 1882 1912 1945 solos
1971 1882 2295 1964 episcopos
2341 1880 2667 1963 restringi.
2759 1879 2997 1944 Canon

677 1982 888 2041 autem
952 1978 1298 2041 Africanus
1352 1978 1744 2061 presbyteris
1802 1979 2265 2041 transmarinas
2322 1976 2787 2060 appellationes
2852 1999 3001 2060 pro-

675 2073 934 2151 hibens,
991 2096 1136 2137 cum
1195 2074 1454 2158 reliquis
1509 2074 1779 2138 statutis
1839 2073 2137 2138 ecclesiae
2184 2074 2530 2137 Africanae
2582 2094 2619 2135 a
2674 2072 2999 2156 Dionysio

676 2170 931 2253 quidem
984 2170 1055 2234 in
1101 2168 1560 2234 collectionem
1621 2191 1802 2234 suam
1871 2174 2164 2252 receptus
2226 2174 2352 2244 est,
2411 2170 2542 2234 imo
2603 2169 2796 2232 etiam
2859 2170 3001 2253 epi-

674 2268 839 2330 stola
894 2268 1260 2350 praesulum
1316 2264 1574 2330 Africae
1632 2266 1711 2330 ad
1772 2265 2221 2346 Coelestinum.
2320 2264 2444 2330 Sed
2502 2287 2701 2350 quum
2763 2288 2801 2329 a
2858 2265 2997 2329 Ro·

676 2363 883 2428 manis
949 2362 1373 2428 Pontificibus
1465 2363 1840 2426 nullatenus
1905 2362 2138 2426 horum
2209 2363 2735 2427 documentorum
2808 2362 2999 2425 valor

664 2459 979 2545 juridicus
1037 2459 1516 2536 admitteretur,
1583 2460 1680 2524 vel
1740 2481 1820 2524 ex
1882 2458 2006 2524 hoc
2067 2460 2240 2524 facto
2302 2463 2511 2544 patet,
2579 2480 2712 2524 non
2768 2458 2997 2523 omnia

673 2579 839 2641 quae
883 2558 951 2620 in
1000 2555 1228 2621 Codice
1274 2555 1673 2638 Dionysiano
1719 2560 1788 2620 et
1834 2555 2203 2620 Hadrianeo
2246 2555 2777 2630 inveniebantur,
2824 2554 2995 2619 fixas

674 2659 740 2718 et
799 2653 1232 2718 immutabiles
1288 2653 1542 2735 regulas
1602 2652 1801 2716 fuisse
1853 2654 2041 2736 juris,
2134 2653 2354 2736 Atque
2415 2652 2737 2717 immerito
2792 2652 2994 2735 plane

671 2749 1060 2815 Hinemarus
1103 2748 1483 2813 Rhemensis
1536 2750 1604 2813 in
1662 2749 2097 2813 controversia
2154 2771 2299 2812 cum
2345 2746 2612 2812 Nicolao
2672 2770 2988 2812 canonem

675 2847 1053 2911 Africanum
1114 2847 1300 2923 citat,
1365 2849 1441 2910 ut
1498 2844 1650 2909 inde
1709 2846 1979 2921 inferat,
2044 2867 2266 2910 causas
2324 2844 2841 2929 presbyterorum
2906 2843 2994 2906 ab

674 2944 985 3028 episcopis
1028 2965 1165 3007 esse
1210 2942 1671 3007 terminandas·

849 3085 951 3161 84.
999 3083 1299 3167 Longum
1346 3085 1516 3147 esset
1563 3083 1887 3161 evolvere,
1934 3081 2251 3166 quomodo
2299 3081 2773 3164 subsequentes
2815 3078 2994 3144 Pon-

673 3181 875 3245 tifices
951 3179 1424 3243 vindicaverint
1485 3179 2017 3263 exercuerintque
2076 3177 2586 3263 jurisdictionem
2659 3175 2989 3240 universa-

851 3382 896 3450 ¹)
951 3384 1092 3436 Dum
1148 3385 1323 3438 adhuc
1380 3383 1757 3439 controversia
1811 3389 2094 3452 ageretur,
2160 3400 2223 3439 eo
2282 3374 2424 3452 quod
2478 3384 2537 3436 in
2590 3381 2992 3450 exemplaribus

674 3461 931 3516 Nicaenis
987 3478 1057 3516 ex
1111 3463 1335 3518 Oriente
1387 3463 1445 3516 in
1497 3462 1740 3516 Africam
1793 3464 2133 3517 transmissis
2190 3478 2423 3517 canones
2476 3462 2823 3517 Sardicenses
2878 3478 2992 3515 non
3074 3462 3077 3467 ⁴

673 3541 1079 3608 invenirentur,
1130 3543 1348 3596 videtur
1394 3543 1624 3596 Romam
1676 3543 2098 3610 appellationem
2146 3542 2412 3596 direxisse
2458 3542 2732 3596 Antonius
2786 3541 2991 3595 Fussa-

675 3620 845 3673 lensis
886 3620 1196 3688 episcopuS,
1248 3621 1337 3687 qui
1377 3623 1443 3674 ob
1481 3622 1666 3675 varias
1703 3622 2081 3676 accusationes
2116 3622 2172 3674 in
2210 3622 2402 3676 ordine
2438 3621 2655 3689 quidem
2692 3620 2990 3689 episcopali

675 3704 959 3765 servatuS,
1011 3701 1107 3754 sed
1143 3700 1618 3755 administratione
1657 3700 1922 3755 dioecesis
1959 3700 2292 3755 interdictus
2328 3699 2524 3754 fuerat.
2598 3700 2803 3754 Exstat
2839 3699 2991 3753 vide-

673 3777 806 3832 lieet
862 3778 964 3831 hac
1017 3778 1077 3831 in
1132 3795 1296 3832 causa
1349 3779 1584 3848 epistola
1640 3780 1791 3847 (209)
1840 3779 1891 3833 S.
1948 3779 2276 3847 Augustini,
2333 3795 2380 3832 a.
2425 3781 2557 3841 423,
2613 3779 2697 3831 uti
2750 3778 2988 3844 videtur,

676 3857 898 3924 scripta,
937 3873 1042 3925 qua
1076 3857 1194 3924 ipse
1232 3858 1285 3912 S.
1314 3857 1628 3913 Coelestino
1668 3858 1956 3927 supplicat,
1992 3873 2060 3911 ne
2097 3858 2233 3912 velit
2271 3858 2329 3910 in
2365 3857 2615 3912 favorem
2654 3857 2988 3924 appellantis

675 3937 1007 3991 sententiam
1060 3935 1377 4002 immutare,
1445 3952 1509 3992 eo
1565 3938 1657 3991 vel
1712 3938 1917 4006 magis,
1972 3937 2115 4005 quod
2172 3952 2271 3991 sua
2325 3937 2694 4005 imprudentia
2745 3936 2992 3991 fateatur

673 4015 1020 4084 Augustinus
1062 4016 1336 4079 evenisse,
1373 4021 1438 4069 ut
1472 4016 1702 4084 indigno
1738 4017 1976 4071 Antonio
2016 4016 2362 4084 episcopatus
2410 4015 2760 4070 conferretur.
2835 4015 2992 4069 Nihil

671 4095 731 4149 in
768 4096 869 4150 hac
907 4094 1146 4163 epistola
1174 4095 1520 4163 Augustinus
1556 4095 1727 4150 habet
1764 4104 1955 4150 cont-ra
1983 4095 2076 4164 jus
2115 4095 2542 4163 appellationum
2579 4095 2649 4148 ad
2682 4095 2991 4149 Romanum

670 4173 1014 4228 Pontificem.
